1987 3260
194 215 267 253 508
706 215 937 252 LITTERAE
963 223 1318 254 QUADRlMESTREs

279 312 427 352 Movit
450 313 639 363 insuper
659 311 889 351 Dominus
910 321 992 349 cor
1012 309 1150 361 primi
1170 314 1214 348 et
1235 309 1490 349 doctissimi
1509 308 1650 348 totius
1671 307 1827 348 dictae·

195 384 406 432 scholae,
432 384 510 434 qui
531 383 670 422 etiam
690 387 803 421 voto
825 393 874 420 se
895 381 1029 420 nobis
1050 379 1275 431 adjunxit.

279 455 362 494 Est
391 460 435 493 et
461 453 628 493 nobilis
656 451 864 503 quidam,
894 452 1035 491 etiam
1061 452 1177 490 bene
1203 450 1368 490 doctus
1396 455 1440 490 et
1465 450 1588 501 pius,
1618 449 1824 501 ejusdem

197 526 410 573 scholae,
450 525 626 564 habens
662 522 1062 574 opulentissimum
1097 521 1449 571 canonicatum,
1488 520 1565 571 qui
1600 520 1740 560 etiam
1775 530 1823 558 se

199 596 334 635 nobis
357 595 582 646 adjunxit.

282 665 340 705 Et
362 667 469 717 quia
494 665 742 704 occasione
763 665 930 704 horum
950 664 1145 703 duorum
1166 663 1475 714 posteriorum
1495 662 1656 702 variae
1684 662 1825 702 tribu-

200 737 401 777 lationes
422 746 675 785 exsurgere
697 741 947 786 coeperant
970 734 1026 773 ab
1049 734 1319 773 eorumdem
1347 733 1616 784 parentibus
1643 738 1688 772 et
1715 733 1826 772 ami-

199 808 266 847 615
290 814 334 848 et
355 820 381 847 a
406 807 614 857 Regente
636 804 843 856 ejusdem
863 805 1072 855 scholae,
1095 810 1231 855 prout
1261 815 1367 843 cum
1393 804 1552 843 ultimo
1579 803 1827 843 veredario

201 880 382 931 prolixe
405 877 595 927 scripsi,
628 876 779 916 coacti
806 876 978 915 fuimus
1003 875 1089 914 hos
1117 875 1232 914 duos
1259 886 1364 914 cum
1391 875 1515 914 dicto
1542 873 1752 914 Arnoldo
1782 881 1826 914 et

206 950 414 1001 Rugerio
436 949 618 989 mittere
641 946 904 997 Coloniam,
929 958 1018 997 quo
1040 946 1208 985 ibidem
1229 946 1380 996 quiete
1401 946 1578 997 possint
1604 944 1829 997 perficere

201 1021 356 1061 studia
377 1031 474 1059 sua.

279 1092 407 1132 Inter
428 1091 518 1130 hoc
551 1089 761 1129 dedimus
789 1088 1011 1128 exercitia
1041 1088 1225 1127 cuidam
1251 1088 1487 1127 licentiato
1514 1098 1678 1127 sacrae
1704 1087 1827 1126 theo-

203 1164 377 1214 logiae,
401 1162 507 1201 viro
538 1159 916 1212 quadragenario
944 1165 987 1198 et
1014 1159 1150 1198 valde
1179 1158 1472 1198 aedificativo
1497 1158 1543 1197 in
1571 1158 1695 1197 omni
1722 1168 1827 1196 con-

202 1233 469 1275 versatione
485 1244 585 1281 sua,
605 1231 913 1281 eleemosynis
931 1242 985 1269 ac
1003 1230 1106 1269 aliis
1121 1230 1209 1280 piis
1231 1230 1461 1280 operibus,
1481 1234 1550 1268 est
1571 1228 1693 1268 enim
1714 1227 1829 1267 satis

205 1306 336 1346 dives
358 1310 402 1344 et
423 1303 678 1343 canonicus
698 1301 1030 1350 Tornacensis,
1060 1299 1229 1340 dedito.
1255 1301 1309 1340 Et
1331 1300 1405 1339 hic
1422 1311 1608 1351 ‘quoque
1637 1304 1749 1338 voto
1779 1310 1827 1337 se

203 1375 426 1417 Societati
445 1373 623 1414 addixit
646 1372 671 1413 ¹.

285 1446 400 1487 Sunt
422 1451 466 1485 et
488 1445 565 1484 alii
587 1444 676 1483 duo
699 1443 904 1494 ejusdem
925 1443 1063 1482 studii
1081 1454 1187 1483 cum
1206 1441 1456 1493 praedictis
1483 1440 1728 1489 fratribus,
1753 1440 1829 1490 qui

203 1531 229 1558 a
251 1517 414 1569 paucis
446 1515 813 1555 hebdomadibus
840 1514 1033 1554 firmiter
1059 1519 1321 1553 statuerunt
1348 1512 1497 1552 dictos
1522 1511 1692 1551 fratres
1723 1511 1832 1550 hinc

203 1589 371 1628 missos
395 1586 527 1637 sequi
548 1592 591 1625 et
612 1597 672 1625 56.
690 1584 911 1625 Societati
939 1582 1213 1634 adjungere3
1246 1582 1492 1632 diligenter
1523 1582 1834 1621 observantur

202 1660 262 1699 ab
286 1657 573 1698 adversariis
594 1662 638 1695 et
660 1667 821 1695 eorum
842 1666 1001 1694 curam
1023 1654 1290 1705 gerentibus
1315 1664 1372 1692 ne
1399 1652 1488 1692 hoc
1519 1657 1719 1701 tentent;
1753 1650 1835 1690 sed

201 1742 300 1771 non
321 1735 390 1769 est
414 1727 659 1768 consilium
681 1732 844 1766 contra
865 1725 1138 1773 Dominum3
1162 1725 1311 1776 prima
1334 1723 1580 1763 occasione
1603 1728 1647 1761 et
1668 1733 1834 1773 oppor—

201 1801 401 1841 tunitate
435 1799 699 1839 clanculum
730 1797 788 1836 ad
814 1796 983 1836 fratres
1010 1796 1170 1846 fugere
1204 1794 1460 1834 intendunt.
1489 1793 1603 1833 Sunt
1630 1799 1674 1832 et
1701 1793 1749 1832 hi
1777 1804 1834 1831 ex

203 1870 503 1912 doctioribus
526 1875 569 1908 et
590 1867 856 1919 praecipuis
878 1867 1029 1906 dictae
1050 1866 1252 1906 scholae.

286 1942 467 1981 Damus
491 1939 629 1979 modo
651 1938 876 1978 exercitia
893 1937 1079 1976 cuidam
1099 1936 1305 1988 ejusdem
1325 1946 1442 1987 pene
1463 1935 1603 1974 studii
1623 1934 1705 1974 sed
1727 1934 1835 1973 alte-

203 2014 301 2053 rius
322 2012 516 2052 scholae
534 2009 714 2061 juveni,
739 2009 817 2059 qui
838 2008 978 2048 etiam
999 2020 1047 2047 se
1068 2007 1200 2047 nobis
1222 2005 1476 2057 adjungere
1500 2006 1646 2056 cupit,
1676 2010 1837 2055 estque

204 2083 341 2123 valde
365 2081 689 2122 aedificativus
711 2086 755 2120 et
772 2079 983 2131 placidus
999 2077 1198 2129 juvenis.
1395 2073 1400 2077 ’

283 2154 366 2193 Est
395 2159 440 2192 et
474 2151 663 2203 quidam
690 2150 878 2190 natione
909 2148 1105 2199 Sardus,
1135 2147 1340 2199 ejusdem
1364 2159 1481 2198 pene
1507 2146 1664 2196 studii,
1697 2146 1837 2185 etiam

206 2224 344 2264 valde
368 2223 708 2269 aedificativus‚
727 2221 888 2261 firmus
910 2226 953 2260 et
970 2219 1157 2259 fervens
1178 2219 1224 2259 in
1239 2218 1454 2267 Domino,
1474 2217 1551 2268 qui
1567 2217 1708 2256 etiam
1726 2222 1837 2256 voto

209 2300 253 2334 et
276 2294 570 2334 habitatione
593 2304 642 2331 se
664 2292 797 2332 nobis
819 2290 1049 2342 adjunxit;
1074 2296 1118 2329 et
1139 2289 1213 2329 hic
1235 2290 1292 2328 ab
1314 2288 1508 2328 infantia
1528 2288 1696 2338 ubique
1716 2287 1836 2326 loco-

212 2376 314 2405 rum
336 2365 456 2404 solet
479 2364 599 2403 male
620 2363 808 2410 habere,
829 2363 1051 2413 languere
1068 2367 1110 2400 et
1130 2360 1195 2400 uti
1216 2360 1360 2400 variis
1381 2358 1668 2399 medicorum
1684 2357 1837 2397 ¹consi-

206 2436 294 2485 liis;
315 2440 571 2486 postquam
593 2445 706 2473 vero
727 2434 860 2483 plene
881 2438 926 2472 et
942 2431 1029 2471 fide
1052 2443 1100 2471 se
1121 2431 1256 2470 nobis
1277 2429 1500 2481 adjunxit,
1517 2429 1630 2469 nihil
1650 2428 1838 2468 omnino

207 2506 379 2545 horum
402 2515 569 2557 passus
590 2510 680 2551 est,
704 2515 790 2543 nec
812 2502 1005 2553 alicujus
1025 2501 1191 2541 medici
1222 2500 1478 2552 corporalis
1506 2499 1698 2539 consilio
1727 2509 1838 2537 usus

208 2581 277 2616 est
298 2588 385 2615 nec
410 2576 503 2615 ulla
524 2574 752 2624 singulari
772 2574 994 2625 portione
1012 2572 1025 2590 ‘²
1052 2579 1131 2612 aut
1157 2571 1390 2622 corporali
1417 2570 1723 2610 subventione
1757 2569 1836 2608 ali-

208 2657 313 2697 qua.
339 2647 396 2686 Et
421 2652 593 2695 tamen,
613 2645 814 2684 Domino
836 2644 1134 2694 concedente,
1159 2642 1322 2682 melius
1341 2642 1565 2693 paulatim
1587 2640 1738 2691 coepit
1760 2639 1840 2679 ha-

209 2717 318 2757 bere
345 2723 389 2757 et
412 2716 565 2756 adhuc
586 2715 750 2755 melius
770 2715 908 2754 habet
935 2726 1074 2765 quam
1105 2720 1200 2753 toto
1227 2720 1434 2763 tempore
1463 2712 1589 2751 vitae
1617 2711 1775 2761 elapso
1802 2708 1830 2749 ⁵.

209 2787 490 2826 Benedictus
511 2786 743 2826 Dominus
762 2785 808 2825 in
829 2785 1057 2825 omnibus.

265 2875 275 2894 ¹
322 2875 500 2907 Quintinus
515 2875 695 2908 Charlart‚
711 2875 750 2901 de
764 2882 828 2908 quo
843 2882 956 2908 supra.

260 2923 275 2942 2
316 2922 465 2949 Vocibus
482 2922 554 2948 ulla
572 2923 746 2955 portione,
761 2929 903 2956 quarum
918 2929 1049 2948 sensum
1065 2922 1121 2948 vix
1142 2925 1198 2948 aut
1224 2928 1263 2947 ne
1287 2921 1345 2947 vix
1361 2920 1493 2954 quidem
1514 2920 1534 2946 ii
1557 2921 1718 2952 caperent
1735 2917 1790 2950 qui
1807 2916 1840 2942 in

208 2970 370 2996 domuum
389 2969 626 3002 religiosarum
641 2969 754 2995 usibus
769 2976 834 2995 non
848 2969 913 2995 sint
925 2968 1066 2999 versati,
1081 2968 1255 2994 substituit
1275 2967 1439 2994 Polancus
1455 2966 1524 2992 ulto
1538 2966 1620 2992 cibo.

262 3016 276 3035 3
324 3015 440 3042 Sermo
456 3019 506 3042 est
522 3015 561 3041 de
577 3015 679 3041 Petro
694 3015 833 3048 Spigha.
