1987 3260
900 220 983 257 ΑΝ.
1016 220 1106 257 1552
1748 223 1823 259 535-

275 317 479 367 Fratres,
504 317 706 356 Domino
728 316 930 364 favente,
956 322 1051 356 tam
1072 316 1330 356 litterarum
1352 317 1504 357 studio
1525 329 1666 368 quam
1686 319 1817 369 spiri-

195 388 397 427 tualibus
419 388 831 427 exercitationibus
860 387 1107 437 diligenter
1134 387 1418 427 incumbunt.
1450 387 1523 428 Ab
1554 388 1817 428 hominibus

199 459 333 511 hujus
363 459 568 510 regionis
601 465 842 509 gratanter
872 456 1055 507 excepti
1085 463 1205 496 sunt.
1237 456 1407 508 Atque,
1445 464 1494 497 ut
1524 457 1722 507 videtur,
1761 459 1817 498 ab

197 525 310 581 ipsis
331 541 423 569 non
440 541 607 580 parum
623 529 668 568 in
689 528 892 568 Domino
913 526 1181 578 diliguntur.
1205 526 1334 577 Quae
1352 538 1428 566 res
1445 538 1549 566 cum
1571 528 1816 578 superiori-

197 602 280 640 bus
303 601 538 641 mensibus
560 613 694 640 omne
715 597 1088 651 persequutionis
1115 607 1263 646 genus
1293 596 1531 647 adimeret,
1556 609 1648 636 non
1679 599 1818 638 semel

196 685 223 711 a
244 673 466 712 fratribus
488 673 732 712 audiebam
753 682 845 711 non
876 669 991 708 satis
1017 668 1129 707 felix
1156 667 1378 707 indicium
1400 667 1549 708 videri
1570 669 1693 719 quod
1723 675 1820 708 tam

199 742 380 793 placide
413 743 656 782 nobiscum
690 747 934 792 ageretur,
968 744 1248 791 acceperant
1276 739 1399 778 enim
1426 751 1452 779 a
1486 745 1528 779 te
1561 739 1733 778 dictum
1764 751 1820 779 eo

199 812 389 864 majoris
410 813 507 865 spei
529 813 777 863 collegium
798 811 877 851 tibi
900 822 1015 860 esse,
1039 821 1129 861 quo
1150 810 1524 861 persequutionis
1546 810 1652 860 igne
1670 811 1827 861 magis.

199 884 244 922 in
265 883 579 923 fundamentis
603 883 893 934 probaretur.

277 955 613 996 Verumtamen
634 967 728 995 non
749 954 920 1005 placuit
942 952 1142 992 Domino
1163 956 1211 990 ut
1232 951 1298 1001 id,
1328 950 1449 1002 quod
1468 950 1565 990 fere
1585 951 1824 1002 proprium

199 1032 268 1066 est
302 1032 570 1065 nostrorum
598 1025 900 1076 collegiorum
929 1023 1090 1073 initiis,
1120 1023 1227 1062 huic
1260 1022 1443 1073 penitus
1478 1022 1673 1062 deesset.
1704 1021 1823 1062 Nam

199 1097 403 1136 surrexit
425 1097 613 1147 quidam
634 1101 883 1143 mercator,
909 1095 989 1146 qui
1009 1106 1057 1133 se
1079 1106 1105 1133 a
1127 1093 1305 1133 duobus
1333 1092 1572 1143 apostolis,
1603 1092 1669 1132 sic
1701 1093 1825 1131 enirn

199 1179 284 1207 nos
310 1174 498 1214 vocant,
536 1167 595 1206 ad
629 1167 836 1206 alearum
867 1165 1025 1204 ludum
1051 1169 1360 1215 provocatum
1394 1162 1536 1202 fuisse
1568 1163 1615 1202 in
1649 1174 1823 1202 corona

201 1239 435 1278 hominum
473 1237 739 1277 affirmaret.
771 1237 841 1277 Ex
872 1247 1070 1287 quorum
1094 1245 1289 1274 numero
1317 1233 1539 1283 nonnulli,
1570 1233 1648 1284 qui
1675 1234 1826 1273 nostri

201 1309 525 1349 benevolentia
547 1308 657 1348 talia
680 1308 735 1347 de
755 1307 891 1347 nobis
913 1306 1004 1346 dici
1027 1305 1258 1354 dolebant,
1282 1316 1387 1344 cum
1409 1304 1543 1343 aliter
1560 1302 1656 1354 ejus
1677 1315 1825 1343 asser-

198 1380 402 1420 tionibus
423 1379 696 1419 satisfacere
716 1378 974 1429 nequirent,
1006 1376 1051 1416 id
1071 1375 1313 1416 relevandi
1334 1375 1475 1414 animi
1501 1374 1655 1424 gratia
1685 1380 1823 1425 atque

196 1458 245 1491 ut
267 1452 466 1491 aliorum
492 1451 696 1490 taedium
724 1450 1056 1500 deponeretur,
1083 1446 1259 1486 facturn
1279 1445 1631 1496 responderunt.
1662 1444 1822 1485 Sacer-

197 1523 281 1562 dos
292 1534 406 1562 vero
420 1522 623 1573 quidam,
639 1521 867 1561 charitate
881 1519 1086 1569 zeloque,
1106 1523 1155 1557 ut
1172 1516 1433 1566 videbatur,
1452 1522 1704 1568 permotus,
1724 1528 1823 1556 rem

195 1594 253 1633 ad
288 1593 475 1633 Patrem
508 1591 810 1632 Melchiorem
844 1589 1068 1630 Carneiro
1103 1588 1280 1637 detulit,
1317 1600 1405 1639 quo
1440 1588 1527 1638 ipsi
1557 1587 1818 1627 mederetur

194 1675 535 1715 rumoremque,
559 1663 599 1702 si
620 1668 793 1713 posset,
818 1660 1130 1710 extingueret.

279 1734 365 1774 His
385 1746 479 1774 non
509 1735 653 1774 multo
682 1739 788 1784 post
817 1731 1043 1771 successit
1072 1729 1195 1781 quod
1220 1741 1313 1769 non
1339 1729 1568 1769 minorem
1598 1727 1822 1768 invidiam

195 1812 333 1857 atque
366 1804 775 1857 persequutionem
809 1802 1070 1854 pariturum
1104 1805 1218 1840 erat.
1256 1797 1486 1839 Sacerdos
1522 1796 1724 1848 quidam,
1762 1809 1819 1836 ex

197 1876 370 1915 nostris
399 1886 448 1914 se
471 1886 572 1914 esse
595 1886 824 1924 asserens,
856 1872 1079 1925 pecunias
1100 1884 1125 1911 a
1155 1870 1353 1920 devotis,
1377 1879 1575 1920 quorum
1604 1867 1820 1908 audiebat

197 1946 530 1995 confessiones,
554 1945 788 1995 exigebat,
811 1943 1121 1995 quarumdam
1142 1941 1399 1991 imaginum
1417 1952 1471 1980 ac
1494 1940 1652 1979 sacelli
1672 1939 1821 1978 nostri

196 2014 392 2053 ornandi
414 2015 619 2064 obtentu,
643 2020 687 2053 et
708 2013 753 2053 id
774 2024 922 2063 genus
941 2013 1045 2061 alia,
1066 2012 1213 2063 turpis
1235 2012 1351 2051 lucri
1373 2022 1531 2060 causa,
1555 2010 1818 2050 simulabat.

196 2084 371 2124 Contra
392 2084 507 2124 haec
530 2091 685 2124 tamen
706 2085 877 2124 diaboli
899 2083 1295 2128 machinamenta,
1327 2081 1492 2131 quibus
1519 2081 1823 2120 honestorum

196 2154 433 2193 hominum
457 2154 598 2194 corda
620 2167 646 2194 a
668 2153 882 2194 Patribus
903 2160 948 2192 et
980 2163 1141 2192 eorum
1162 2151 1349 2190 monitis
1381 2156 1594 2190 avertere
1623 2150 1819 2189 conaba-

196 2231 287 2275 tur,
311 2225 534 2265 excitavit
564 2225 792 2265 Dominus
822 2225 900 2276 qui
932 2236 995 2273 se,
1028 2222 1291 2263 tacentibus
1321 2221 1469 2270 nobiS,
1502 2221 1823 2272 superioribus

197 2302 500 2346 opponerent.
520 2295 639 2335 Nam
659 2295 882 2335 sacerdos
900 2294 1088 2346 quidam
1104 2305 1249 2333 senex
1264 2299 1308 2332 et
1326 2292 1551 2332 orationis
1567 2291 1820 2341 studiosus,

198 2377 304 2405 cum
334 2365 392 2405 ad
420 2364 518 2416 ejus
546 2377 683 2405 aures
709 2377 867 2406 rumor
893 2365 1199 2417 pervenisset,
1234 2364 1333 2403 zelo
1370 2362 1559 2402 Domini
1594 2374 1822 2402 accensus

196 2448 289 2475 non
323 2437 453 2487 prius
487 2437 687 2476 comedit
721 2448 873 2488 quam,
911 2442 1221 2476 mercatorem
1261 2433 1436 2484 adiens,
1474 2434 1541 2473 rei
1573 2433 1821 2472 veritatem

196 2508 421 2557 cognovit
442 2519 497 2546 ac
527 2507 710 2558 prodiit.
741 2507 1069 2558 Comperitque
1095 2505 1372 2546 mercatoris
1402 2504 1589 2544 domum
1619 2504 1726 2543 talis
1756 2504 1818 2542 lu-

197 2575 306 2616 dere
329 2577 592 2616 volentibus
614 2582 772 2627 patere
793 2578 993 2628 solitam,
1017 2577 1258 2628 ipsumque
1286 2587 1313 2614 a
1336 2574 1517 2614 clericis
1543 2574 1702 2613 nescio
1724 2574 1819 2624 qui—

196 2646 282 2686 bus
299 2647 358 2686 ad
378 2647 629 2686 ludendum
650 2648 932 2688 lacessitum.

276 2716 476 2767 Quidam
504 2718 644 2757 etiam
660 2716 857 2768 juvenis,
883 2718 960 2769 qui
990 2717 1206 2757 Patribus
1234 2716 1281 2755 in
1307 2715 1445 2754 vinea
1476 2713 1666 2754 Domini
1696 2715 1820 2754 labo-

194 2788 406 2828 rantibus
427 2788 715 2839 interfuerat,
739 2794 949 2828 statuens
975 2787 1232 2828 sacerdotis
1259 2786 1379 2826 illius
1406 2785 1664 2825 institutum
1693 2796 1719 2824 a
1741 2797 1820 2825 no-

195 2863 293 2897 stro
312 2858 527 2909 alienum,
552 2871 740 2910 remque
761 2859 1028 2909 diligentius
1055 2864 1303 2907 scrutatus,
1326 2863 1376 2896 ut
1403 2856 1633 2895 intellexit
1668 2856 1819 2907 ipsum

196 2927 252 2967 de
283 2927 515 2969 Societate
542 2940 635 2968 non
662 2940 784 2979 esse,
813 2941 906 2969 non
937 2929 1140 2969 cessavit
1169 2928 1316 2967 donec
1352 2926 1611 2966 observans
1646 2927 1816 2977 locum,

200 3009 291 3048 quo
314 2998 536 3038 sacerdos
555 3010 604 3038 se
625 2999 892 3050 recipiebat,
918 3000 1023 3039 illuc
1041 3000 1181 3039 etiam
1202 2999 1424 3039 satellites
1445 2997 1699 3037 induceret.
