1987 3260
874 177 954 214 Ax.
985 178 1076 215 1552
1719 184 1789 221 633

166 278 439 322 purgarunt.
472 272 636 312 Mulier
663 274 914 324 quaedam,
952 275 1112 315 relicto
1141 276 1278 316 cubili
1313 277 1567 318 incestuosi
1596 281 1784 331 presby—

164 342 264 392 teri,
284 354 484 393 quocum
501 354 584 383 sex
601 350 723 383 totos
747 356 895 384 annos
917 354 1154 396 exegerat,
1180 346 1366 387 tandem
1387 349 1587 389 contrita
1609 350 1786 389 confes-

164 414 486 464 saque·multis
507 425 611 453 cum
633 415 870 466 lacrymis,
899 416 956 455 ad
980 417 1220 457 meliorem
1242 424 1441 458 mentem
1462 430 1563 459 sese
1595 421 1784 471 recepit.

164 483 342 533 Altera,
367 484 613 534 prostituta
637 496 663 524 a
686 491 833 525 matre
854 486 968 537 filia,
1000 487 1046 526 in
1067 499 1171 527 eam
1191 489 1489 540 turpitudinis
1510 491 1787 541 voraginem

162 560 262 593 erat
288 555 506 605 prolapsa
531 561 578 593 ut
606 556 687 594 vix
714 568 815 595 sese
843 567 1131 597 emersuram
1162 558 1409 610 aliquando
1438 567 1669 611 speraret;
1707 562 1787 601 sed

164 625 337 675 potenti
359 624 532 665 Christi
554 625 718 666 dextra
741 627 942 667 eluctata
964 636 1033 668 est
1054 629 1243 668 tandem
1270 635 1313 669 et
1335 642 1361 669 a
1383 630 1556 670 diaboli
1575 631 1788 672 faucibus

160 702 335 746 erepta.
361 695 575 746 Quidam,
599 697 853 738 tentatione
876 699 1078 749 quadam
1099 700 1387 751 exagitatus,
1412 713 1517 741 cum
1536 714 1638 741 sese
1658 715 1787 754 prae-

160 766 348 816 cipitem
371 766 442 806 bis
472 772 601 806 terve
629 767 675 806 in
696 779 825 808 mare
856 769 1081 817 dedisset,
1119 770 1347 822 totiesque
1368 770 1540 822 divino,
1565 773 1688 823 quod
1708 774 1786 812 mi-

159 837 281 876 nime
303 837 574 884 invocabat.
598 838 773 877 auxilio
796 839 983 879 illaesus
1011 841 1262 891 evasisset,
1291 842 1407 881 tanti
1432 841 1654 883 facinoris
1681 855 1787 895 poe-

159 907 399 946 nitentiam
421 908 530 957 egit.
554 907 719 948 Mulier
741 909 986 960 quaedam,
1013 923 1131 961 quae
1149 923 1329 952 veneno
1352 924 1400 952 se
1421 925 1592 953 necare
1621 916 1788 954 consti-

158 984 324 1027 tuerat,
355 978 549 1018 liberata
571 984 665 1030 est„
689 978 1013 1020 Praetermitto
1047 982 1375 1023 ardentissima
1409 983 1515 1024 odia
1545 985 1787 1035 restincta,

159 1048 345 1088 sedatas
362 1049 627 1088 inimicitias
644 1057 687 1089 et
705 1050 811 1098 alia,
831 1062 888 1090 ne
906 1052 1046 1103 longa
1064 1053 1333 1093 narratione
1355 1054 1578 1105 epistolae
1600 1056 1787 1095 modum

160 1120 401 1159 excedam.

236 1189 473 1229 Habendis
495 1202 576 1241 per
596 1192 739 1231 multa
761 1193 862 1231 loca
885 1192 1163 1244 diversaque
1197 1194 1498 1235 concionibus
1518 1207 1614 1236 non
1636 1208 1785 1247 parva

157 1275 183 1301 a
213 1261 385 1300 nostris
412 1272 553 1312 opera
580 1261 875 1312 impenditur.
909 1262 1136 1304 Dominus
1164 1264 1329 1304 Petrus
1357 1265 1671 1306 Rivadeneira
1692 1279 1785 1307 non

153 1332 301 1372 solum
320 1332 482 1371 solitas
502 1332 698 1382 singulis
720 1333 963 1373 dominicis
984 1334 1030 1374 in
1051 1334 1161 1374 Divi
1181 1335 1387 1386 Antonii,
1412 1336 1576 1387 majori
1604 1349 1787 1389 semper

154 1403 391 1442 hominum
411 1402 692 1454 frequentia,
724 1405 974 1444 conciones
1001 1407 1311 1457 prosequitur,
1343 1408 1424 1447 sed
1444 1408 1552 1447 alibi
1573 1419 1783 1448 nonnun-

154 1484 293 1524 quam
313 1479 507 1523 rogatus
536 1486 561 1513 a
583 1471 814 1514 nobilibus
843 1476 1162 1516 concionatur.
1194 1476 1281 1516 Die
1310 1477 1420 1517 Divi
1441 1477 1589 1518 Marci
1616 1480 1785 1530 suppli-

155 1543 418 1583 cationibus
451 1544 669 1595 publicis,
706 1544 943 1585 Praetoris
973 1554 1165 1597 rogatu,
1199 1547 1257 1587 ad
1288 1548 1615 1599 magistratum
1646 1561 1786 1601 popu-

155 1615 342 1665 lumque
364 1614 460 1654 fere
482 1615 753 1656 universum
776 1618 1146 1669 extemporalem
1171 1630 1288 1669 pene
1310 1619 1469 1659 habuit
1498 1620 1784 1665 concionem.

155 1696 272 1736 quae
310 1686 662 1736 magistratibus
702 1688 992 1740 caeterisque
1034 1689 1283 1739 nobilibus,
1322 1690 1399 1741 qui
1438 1696 1547 1730 tunc
1590 1691 1786 1731 aderant

155 1757 502 1807 quamplurimi,
527 1769 705 1798 summe
733 1758 981 1809 satisfecit3
1015 1760 1142 1811 quod
1162 1771 1257 1800 non
1279 1761 1428 1800 solum
1450 1762 1784 1812 attentissimis,

155 1838 272 1878 quas
305 1828 613 1878 praebebant,
647 1829 858 1880 auribus,
892 1830 1067 1870 crebris
1104 1831 1289 1871 nutibus
1322 1837 1366 1871 et
1401 1832 1789 1882 applaudentibus

154 1898 453 1938 concionanti
487 1899 709 1950 gestibus,
747 1900 828 1940 sed
863 1901 1020 1941 multis
1061 1913 1221 1941 eorum
1258 1903 1432 1953 passim
1473 1903 1787 1942 disseminatis

156 1969 580 2020 praedicationibus
602 1970 840 2020 cognitum
869 1977 952 2011 est.
984 1972 1191 2011 Fuerunt
1212 1973 1353 2012 etiam
1373 1973 1639 2023 probissimi
1659 1974 1783 2013 nobi-

154 2039 406 2090 lissimique
428 2040 532 2089 viri,
552 2041 629 2091 qui
648 2052 902 2091 sermones,
923 2053 1053 2092 quos,
1075 2042 1122 2081 in
1140 2043 1338 2082 aliorum
1356 2044 1687 2093 congressibus
1709 2044 1786 2084 ha-

154 2110 289 2159 bitos,
313 2117 584 2161 praesentes
606 2111 872 2161 audierant,
903 2113 1175 2152 retulerunt.
1206 2112 1249 2152 A
1270 2114 1435 2164 quibus
1462 2116 1787 2165 praemonitus

155 2182 237 2221 luit
259 2181 489 2222 Dominus
511 2182 676 2222 Petrus
697 2189 746 2222 ut
767 2195 816 2222 se
838 2183 885 2222 in
905 2183 1087 2223 futuras
1109 2184 1396 2235 rogationes,
1419 2186 1590 2236 quibus
1616 2186 1680 2226 illi
1710 2187 1785 2226 tri-

160 2252 244 2291 bus
267 2259 345 2292 aut
367 2259 564 2304 quatuor
585 2253 747 2293 diebus
765 2254 996 2293 continuis
1013 2254 1099 2294 erit
1116 2254 1234 2294 forte
1253 2256 1637 2307 concionandum,
1656 2269 1786 2309 prae-

160 2330 306 2374 paret.
349 2324 483 2374 Quod
518 2324 714 2364 arduum
752 2325 1061 2364 concionandi
1098 2337 1280 2376 munus,
1319 2327 1675 2368 molestissimae
1710 2329 1785 2368 do-

156 2394 293 2433 cendi
325 2394 533 2446 junctum
569 2395 865 2446 provinciae,
901 2395 1068 2435 mirum
1096 2397 1285 2447 quantis
1311 2397 1410 2448 ipse
1437 2398 1643 2449 perferat
1664 2399 1784 2438 labo—

154 2465 296 2504 ribus.

233 2534 291 2575 D.
321 2536 518 2576 Michael
551 2535 560 2553 ¹
596 2537 745 2587 prima
785 2537 1018 2577 dominica
1052 2536 1273 2589 cujusque
1309 2540 1482 2579 mensis
1517 2539 1576 2579 ad
1609 2539 1786 2579 nobiles

153 2613 416 2655 matronas,
448 2607 597 2657 primo
630 2619 810 2658 quoque
845 2608 918 2647 die
954 2609 1134 2648 sabbati
1169 2609 1228 2649 ad
1254 2610 1542 2660 peccatrices
1568 2611 1786 2651 mulieres

155 2677 425 2717 concionari
455 2685 746 2729 perseverat,
785 2690 843 2718 ex
873 2678 1002 2730 cujus
1033 2680 1336 2720 concionibus
1364 2680 1410 2720 in
1437 2681 1536 2720 dies
1565 2681 1786 2721 uberrimi

153 2747 312 2787 divina
348 2749 499 2797 gratia
535 2748 714 2788 fructus
748 2749 1085 2800 producuntur;
1115 2762 1223 2790 nam
1254 2756 1298 2790 et
1332 2751 1508 2790 nobiles
1543 2757 1785 2791 matronae

154 2818 266 2857 fiunt
292 2819 604 2869 promptiores
635 2819 693 2859 ad
715 2820 1051 2871 eleemosynas
1084 2821 1278 2861 honesto
1304 2820 1649 2871 jungendarum
1679 2833 1782 2861 con-

210 2976 217 2994 ¹
260 2976 403 3004 Michael
420 2977 581 3004 Botellus.
