1987 3260
900 207 980 244 ΑΝ.
1012 207 1102 243 1552
1741 205 1804 246 661

184 301 414 353 venetiis,
438 303 514 343 ubi
537 303 790 344 sanitatem
823 309 976 354 curat,
1011 303 1253 343 detinetur.
1285 287 1420 343 Hunc
1451 315 1563 343 vero
1591 305 1654 343 ita
1684 311 1810 344 man*

183 372 374 413 suefecit
395 373 598 413 omnium
621 375 1038 423 mansuetissimus,
1063 373 1216 414 Patris
1231 385 1388 425 opera,
1408 380 1456 414 ut
1474 374 1613 414 ctiam
1631 380 1741 414 voto
1760 383 1808 414 se

183 443 507 493 adstrinxerit,
545 445 582 484 si
615 445 754 485 scmel
790 445 1102 494 convaluerit,
1135 456 1188 484 co
1216 456 1374 484 amore
1403 456 1457 484 ac
1485 445 1805 485 benevolentia

184 523 376 553 uxorem
398 520 768 565 prosecuturum,
789 526 942 566 quam,
966 515 1012 554 in
1033 514 1328 566 suscipiendo
1351 515 1633 555 matrimonii
1654 527 1807 556 sacra-

184 589 352 634 mento,
377 583 476 624 Deo
499 585 672 636 optimo
693 587 899 626 maximo
921 591 990 626 est
1020 585 1268 636 pollicitus.
1301 585 1419 625 Nam
1447 597 1669 626 successu
1698 592 1806 629 tem-

184 654 310 703 poris
346 654 409 704 (ut
444 657 559 695 solet
594 655 863 696 Altissimus
897 657 1151 707 proborum
1184 656 1380 696 virtutes
1415 662 1459 696 et
1495 655 1809 698 innocentiam

181 724 466 776 patefacere,
496 737 752 781 pravorum
780 733 936 766 autem
964 727 1077 766 vitia
1099 726 1332 777 detegere)
1356 727 1433 766 illa
1454 738 1546 766 non
1569 726 1718 768 dubiis
1739 739 1807 768 ar-

180 796 415 844 gumentis
449 797 640 837 innoxia
676 797 974 849 comprobata
1015 803 1097 836 cst.
1135 797 1263 836 Haec
1299 797 1396 848 agit
1429 797 1698 848 Persai-iae,
1734 798 1808 838 ille

182 873 359 917 autem,
383 874 431 907 ut
453 868 677 918 praedixi,
707 868 921 908 Venetiis
942 868 1089 907 morbi
1117 879 1273 907 causa.
1304 866 1351 908 Si
1373 879 1475 907 eam
1497 868 1660 919 spiritu
1683 870 1808 908 exul-'

182 943 357 976 tantem
377 949 614 988 cerneres,
639 944 759 979 esset
780 938 903 990 quod
924 950 1131 978 summas
1153 937 1470 990 Omnipotenti
1499 938 1599 979 Deo
1628 940 1809 990 gratias

184 1008 241 1046 ab
263 1008 474 1048 omnibus
496 1008 704 1060 agendas
723 1010 797 1049 vel
819 1010 905 1050 hoc
926 1021 1019 1049 uno
1041 1022 1179 1061 opere
1206 1009 1456 1061 judicares.
1489 1010 1618 1049 Haec
1651 1011 1807 1050 omnia

184 1084 292 1118 sunt
311 1078 360 1118 P.
385 1078 627 1119 Paschasii
647 1086 801 1131 gesta,
826 1086 869 1121 et
890 1082 1135 1132 praeclara
1162 1079 1367 1132 quidem,
1397 1080 1478 1120 sed
1508 1093 1600 1120 non
1625 1081 1804 1121 omnia.

180 1148 293 1199 Quis
315 1150 437 1189 enim
458 1151 804 1191 numeraverit?
826 1163 929 1192 cum
952 1151 1026 1191 ille
1048 1156 1271 1203 perpetuo
1293 1151 1338 1190 in
1360 1150 1622 1202 hujusmodi
1654 1163 1806 1192 verse-

178 1226 267 1269 tur,
293 1225 431 1272 atque
453 1221 568 1261 adeo
591 1221 846 1262 oblectetur
867 1234 970 1262 cum
1003 1222 1224 1273 Spiritum
1245 1221 1469 1262 Sanctum
1490 1222 1537 1262 in
1557 1222 1653 1262 suis
1681 1234 1807 1262 crea—

180 1290 295 1329 turis
316 1290 425 1330 talia
444 1298 661 1342 agentem
679 1293 921 1344 conspicit,
941 1299 989 1332 ut
1010 1293 1051 1332 ei
1071 1292 1460 1347 (recumbentibus
1476 1293 1613 1332 nobis
1635 1293 1806 1344 saepis-

183 1361 297 1400 sime
319 1361 519 1412 accidit),
543 1374 600 1402 ne
622 1363 774 1402 cibum
796 1364 981 1414 quidem
1002 1363 1212 1403 sumendi
1233 1375 1345 1415 prae
1366 1364 1542 1403 laetitia
1570 1370 1614 1403 et
1642 1364 1805 1403 sollici-

181 1431 338 1471 tudine
359 1444 542 1481 eorum,
567 1444 685 1484 quae
707 1440 953 1484 supersunt
976 1436 1174 1485 (semper
1204 1434 1326 1474 enim
1356 1434 1495 1474 habet
1517 1433 1639 1485 quod
1661 1437 1805 1485 agat),

180 1503 238 1541 sit
261 1503 457 1543 animus.
480 1503 613 1544 Unde
634 1503 769 1543 facile
791 1511 859 1544 est
880 1505 1120 1556 colligere,
1145 1505 1346 1544 maxime
1368 1505 1502 1544 nobis
1523 1505 1582 1545 ad
1603 1505 1806 1545 edulium

181 1574 554 1624 cohortantibus,
579 1575 705 1614 illum
726 1575 850 1615 intus
871 1576 1015 1626 loqui:
1039 1575 1185 1615 alium
1207 1575 1355 1615 cibum
1376 1575 1516 1615 habeo
1537 1609 1543 1621 ,
1565 1587 1699 1626 quem
1720 1587 1807 1615 vos

180 1644 369 1684 nescitis
378 1676 384 1682 .

257 1714 429 1756 Omitto
465 1717 710 1768 plerosque
751 1718 990 1769 utriusque
1028 1718 1214 1768 generis
1262 1717 1465 1769 quotidie
1507 1717 1803 1768 catechizari,

177 1786 360 1825 tlt-mum
382 1794 536 1827 autem
552 1788 796 1839 baptizari,
817 1800 1054 1840 nunquam
1071 1789 1192 1828 enim
1210 1789 1375 1828 desunt
1394 1789 1471 1840 qui
1493 1789 1551 1828 ad
1570 1788 1626 1828 D.
1647 1788 1805 1839 Augu-

177 1857 345 1896 stinum
371 1856 396 1904 ¹,
420 1858 701 1898 xenodochii
728 1858 928 1899 Sanctae
960 1858 1126 1899 Annae
1157 1859 1532 1911 hospitalarium,
1567 1865 1804 1910 tamquam

175 1927 229 1966 ad
260 1939 446 1967 sacrum
479 1930 662 1980 asylum
697 1930 994 1981 confugiant,
1033 1930 1147 1970 alias
1174 1942 1506 1981 perversorum
1528 1929 1805 1981 judaeorum

176 2009 340 2038 manus
361 1998 564 2049 effugere
592 2001 869 2040 nescientes.
901 2000 979 2040 Ille
1007 2006 1160 2040 autem
1192 2000 1308 2040 adeo
1334 2001 1672 2052 propagandae
1700 2000 1803 2040 fidei

175 2075 217 2107 ct
240 2070 540 2109 accrescendi
562 2069 783 2110 dominici
799 2071 958 2121 gregis
975 2070 1210 2110 studiosus
1227 2077 1311 2121 est,
1330 2077 1379 2111 ut
1396 2071 1587 2122 quosvis
1605 2072 1651 2111 in
1668 2082 1803 2111 suum

171 2139 403 2189 gremium
423 2141 632 2191 recipiat,
652 2152 845 2192 seseque
867 2142 993 2181 velut
1014 2153 1197 2182 murum
1216 2154 1301 2193 pro
1323 2142 1388 2182 eis
1410 2149 1629 2194 opponat.
1651 2142 1799 2191 Unde,

172 2210 388 2260 quamvis
410 2211 548 2250 etiam
569 2223 675 2251 cum
696 2224 749 2250 eo
767 2211 942 2262 judicio
964 2213 1268 2263 contendunt,
1292 2212 1424 2252 reddi
1444 2224 1524 2252 eos
1546 2213 1798 2264 cupientes,

174 2287 329 2320 tamen
351 2281 424 2321 ille
446 2282 621 2321 invicto
645 2282 800 2322 animo
821 2282 924 2322 lites
946 2283 1163 2334 suscipit,
1187 2289 1232 2323 et
1254 2284 1317 2323 ita
1340 2289 1515 2333 tuetur,
1540 2289 1590 2324 ut
1612 2285 1799 2323 convin—

171 2358 338 2392 cantur
355 2351 523 2403 judaei.
556 2352 782 2404 Equidem
804 2353 875 2393 vir
905 2360 973 2393 est
998 2353 1092 2404 ille,
1119 2354 1156 2393 si
1178 2354 1279 2405 quis
1298 2354 1565 2405 Ferrariae,
1590 2354 1714 2405 frugi
1745 2366 1800 2394 ac

172 2422 259 2462 Dei
279 2423 426 2462 nostri
449 2423 821 2473 amantissimus,
845 2424 1072 2475 nobisque
1094 2424 1524 2476 conjunctissimus,
1548 2432 1706 2465 noster
1727 2425 1798 2464 de-

172 2493 308 2544 nique
344 2499 487 2544 totus,
526 2494 643 2533 adeo
672 2506 784 2533 vero
822 2495 1172 2535 consuetudinis
1199 2502 1386 2536 nostrae
1413 2496 1718 2547 percupidus,
1752 2502 1799 2535 ut

170 2565 341 2604 ostium
369 2565 606 2620 curaverit
634 2565 965 2616 extruendum,
1006 2578 1095 2617 quo
1131 2579 1157 2606 a
1192 2567 1365 2606 nostris
1400 2566 1458 2607 ad
1494 2578 1603 2606 suos
1637 2567 1798 2606 hortos

168 2635 521 2674 amoenissimos
540 2643 676 2686 atque
698 2636 978 2676 laetissimos
999 2638 1455 2689 spatiosissimosque
1478 2637 1621 2676 animi
1641 2638 1797 2688 gratia

169 2717 217 2743 se
240 2704 451 2744 conferre
473 2706 653 2756 liceret,
676 2711 927 2757 mutuoque
950 2707 1167 2755 invisere,
1192 2713 1237 2747 et
1257 2707 1313 2747 de
1333 2708 1471 2747 rebus
1493 2713 1536 2747 et
1557 2708 1730 2747 nostris
1752 2714 1796 2747 et

168 2775 263 2814 suis
285 2776 483 2826 colloqui
507 2776 551 2815 in
573 2775 790 2816 Domino.

246 2845 341 2885 Nec
361 2853 470 2897 puto
493 2846 563 2886 his
585 2846 929 2898 adjungendum
954 2849 1314 2889 illustrissimum
1336 2848 1537 2897 Ducem,
1571 2848 1643 2888 die
1672 2849 1793 2888 dedi·

224 3003 229 3020 ¹
276 3003 486 3035 Augustinus
501 3005 620 3033 Musto.
