<?xml version="1.0" encoding="UTF-8"?>
<!DOCTYPE html PUBLIC "-//W3C//DTD XHTML 1.0 Transitional//EN"
    "http://www.w3.org/TR/xhtml1/DTD/xhtml1-transitional.dtd">
<html xmlns="http://www.w3.org/1999/xhtml" xml:lang="en" lang="en">
 <head>
  <title>
</title>
<meta http-equiv="Content-Type" content="text/html;charset=utf-8" />
  <meta name='ocr-system' content='tesseract 3.04.00' />
  <meta name='ocr-capabilities' content='ocr_page ocr_carea ocr_par ocr_line ocrx_word'/>
</head>
<body>
  <div class='ocr_page' id='page_1' title='image "./litteraequadrime1301lain_0151.png"; bbox 0 0 1987 3260; ppageno 0'>
   <div class='ocr_carea' id='block_1_1' title="bbox 871 193 1782 232">
    <p class='ocr_par' dir='ltr' id='par_1_1' title="bbox 871 193 1782 232">
     <span class='ocr_line' id='line_1_1' title="bbox 871 193 1782 232; baseline 0.002 -2"><span class='ocrx_word' id='word_1_1' title='bbox 871 194 953 231; x_wconf 73' lang='lat' dir='ltr'>AN.</span> <span class='ocrx_word' id='word_1_2' title='bbox 984 193 1074 231; x_wconf 73' lang='lat'>1549</span> <span class='ocrx_word' id='word_1_3' title='bbox 1712 196 1782 232; x_wconf 67' lang='lat'>1115</span> 
     </span>
    </p>
   </div>
   <div class='ocr_carea' id='block_1_2' title="bbox 158 290 1814 2882">
    <p class='ocr_par' dir='ltr' id='par_1_2' title="bbox 158 290 1779 413">
     <span class='ocr_line' id='line_1_2' title="bbox 158 290 1779 345; baseline -0.001 -11"><span class='ocrx_word' id='word_1_4' title='bbox 158 294 235 345; x_wconf 89' lang='lat' dir='ltr'>qui</span> <span class='ocrx_word' id='word_1_5' title='bbox 256 294 397 334; x_wconf 91' lang='lat' dir='ltr'>etiam</span> <span class='ocrx_word' id='word_1_6' title='bbox 417 297 578 332; x_wconf 91' lang='lat' dir='ltr'>votum</span> <span class='ocrx_word' id='word_1_7' title='bbox 601 290 848 332; x_wconf 88' lang='lat' dir='ltr'>Societatis</span> <span class='ocrx_word' id='word_1_8' title='bbox 869 291 996 341; x_wconf 88' lang='lat' dir='ltr'>fecit,</span> <span class='ocrx_word' id='word_1_9' title='bbox 1029 290 1152 342; x_wconf 91' lang='lat' dir='ltr'>quod</span> <span class='ocrx_word' id='word_1_10' title='bbox 1174 291 1219 330; x_wconf 93' lang='lat' dir='ltr'>in</span> <span class='ocrx_word' id='word_1_11' title='bbox 1241 291 1337 331; x_wconf 88' lang='lat' dir='ltr'>suis</span> <span class='ocrx_word' id='word_1_12' title='bbox 1358 291 1523 331; x_wconf 82' lang='lat' dir='ltr'>litteris</span> <span class='ocrx_word' id='word_1_13' title='bbox 1549 292 1779 332; x_wconf 88' lang='lat' dir='ltr'>inclusum</span> 
     </span>
     <span class='ocr_line' id='line_1_3' title="bbox 159 361 870 413; baseline -0.004 -9"><span class='ocrx_word' id='word_1_14' title='bbox 159 364 218 404; x_wconf 85' lang='lat' dir='ltr'>ad</span> <span class='ocrx_word' id='word_1_15' title='bbox 238 363 291 404; x_wconf 90' lang='lat' dir='ltr'>R.</span> <span class='ocrx_word' id='word_1_16' title='bbox 315 363 364 403; x_wconf 88' lang='lat' dir='ltr'>P.</span> <span class='ocrx_word' id='word_1_17' title='bbox 388 362 445 402; x_wconf 92' lang='lat' dir='ltr'>D.</span> <span class='ocrx_word' id='word_1_18' title='bbox 469 361 700 413; x_wconf 84' lang='lat' dir='ltr'>Ignatium</span> <span class='ocrx_word' id='word_1_19' title='bbox 724 362 870 402; x_wconf 90' lang='lat' dir='ltr'>mitto.</span> 
     </span>
    </p>

    <p class='ocr_par' dir='ltr' id='par_1_3' title="bbox 158 430 1814 1760">
     <span class='ocr_line' id='line_1_4' title="bbox 239 430 1779 484; baseline -0.002 -9"><span class='ocrx_word' id='word_1_20' title='bbox 239 436 320 475; x_wconf 88' lang='lat' dir='ltr'>Est</span> <span class='ocrx_word' id='word_1_21' title='bbox 342 440 386 474; x_wconf 92' lang='lat' dir='ltr'>et</span> <span class='ocrx_word' id='word_1_22' title='bbox 408 433 539 481; x_wconf 88' lang='lat' dir='ltr'>alius,</span> <span class='ocrx_word' id='word_1_23' title='bbox 562 432 769 473; x_wconf 88' lang='lat' dir='ltr'>Erardus</span> <span class='ocrx_word' id='word_1_24' title='bbox 789 433 973 472; x_wconf 87' lang='lat' dir='ltr'>nomine</span> <span class='ocrx_word' id='word_1_25' title='bbox 999 430 1024 483; x_wconf 83' lang='lat'>¹,</span> <span class='ocrx_word' id='word_1_26' title='bbox 1049 432 1126 483; x_wconf 93' lang='lat' dir='ltr'>qui</span> <span class='ocrx_word' id='word_1_27' title='bbox 1146 443 1229 483; x_wconf 88' lang='lat' dir='ltr'>per</span> <span class='ocrx_word' id='word_1_28' title='bbox 1245 438 1428 483; x_wconf 92' lang='lat' dir='ltr'>tempus</span> <span class='ocrx_word' id='word_1_29' title='bbox 1448 432 1635 484; x_wconf 80' lang='lat' dir='ltr'>aliquod</span> <span class='ocrx_word' id='word_1_30' title='bbox 1656 432 1779 472; x_wconf 92' lang='lat' dir='ltr'>domi</span> 
     </span>
     <span class='ocr_line' id='line_1_5' title="bbox 158 501 1777 554; baseline -0.002 -8"><span class='ocrx_word' id='word_1_31' title='bbox 158 512 347 546; x_wconf 86' lang='lat' dir='ltr'>nostrae</span> <span class='ocrx_word' id='word_1_32' title='bbox 373 504 615 554; x_wconf 88' lang='lat' dir='ltr'>habitavit,</span> <span class='ocrx_word' id='word_1_33' title='bbox 651 504 727 554; x_wconf 93' lang='lat' dir='ltr'>qui</span> <span class='ocrx_word' id='word_1_34' title='bbox 754 504 894 543; x_wconf 88' lang='lat' dir='ltr'>etiam</span> <span class='ocrx_word' id='word_1_35' title='bbox 923 508 1082 543; x_wconf 77' lang='lat' dir='ltr'>votum</span> <span class='ocrx_word' id='word_1_36' title='bbox 1108 502 1237 553; x_wconf 86' lang='lat' dir='ltr'>fecit,</span> <span class='ocrx_word' id='word_1_37' title='bbox 1273 503 1353 542; x_wconf 90' lang='lat' dir='ltr'>sed</span> <span class='ocrx_word' id='word_1_38' title='bbox 1375 501 1473 553; x_wconf 90' lang='lat' dir='ltr'>jam</span> <span class='ocrx_word' id='word_1_39' title='bbox 1502 514 1597 543; x_wconf 90' lang='lat' dir='ltr'>non</span> <span class='ocrx_word' id='word_1_40' title='bbox 1630 503 1777 554; x_wconf 89' lang='lat' dir='ltr'>mitto,</span> 
     </span>
     <span class='ocr_line' id='line_1_6' title="bbox 160 572 1781 628; baseline -0.002 -11"><span class='ocrx_word' id='word_1_41' title='bbox 160 578 267 628; x_wconf 90' lang='lat' dir='ltr'>quia</span> <span class='ocrx_word' id='word_1_42' title='bbox 288 588 381 616; x_wconf 92' lang='lat' dir='ltr'>non</span> <span class='ocrx_word' id='word_1_43' title='bbox 401 581 470 616; x_wconf 89' lang='lat' dir='ltr'>est</span> <span class='ocrx_word' id='word_1_44' title='bbox 490 586 726 627; x_wconf 76' lang='lat' dir='ltr'>praesens,</span> <span class='ocrx_word' id='word_1_45' title='bbox 751 574 831 614; x_wconf 87' lang='lat' dir='ltr'>sed</span> <span class='ocrx_word' id='word_1_46' title='bbox 853 586 959 614; x_wconf 91' lang='lat' dir='ltr'>eum</span> <span class='ocrx_word' id='word_1_47' title='bbox 975 572 1200 614; x_wconf 90' lang='lat' dir='ltr'>Leodium</span> <span class='ocrx_word' id='word_1_48' title='bbox 1222 573 1432 614; x_wconf 81' lang='lat' dir='ltr'><strong>misimus</strong></span> <span class='ocrx_word' id='word_1_49' title='bbox 1453 585 1559 614; x_wconf 91' lang='lat' dir='ltr'>cum</span> <span class='ocrx_word' id='word_1_50' title='bbox 1579 574 1781 625; x_wconf 89' lang='lat' dir='ltr'>quodam</span> 
     </span>
     <span class='ocr_line' id='line_1_7' title="bbox 158 644 1780 698; baseline -0.003 -10"><span class='ocrx_word' id='word_1_51' title='bbox 158 647 418 689; x_wconf 85' lang='lat' dir='ltr'>Licentiato</span> <span class='ocrx_word' id='word_1_52' title='bbox 435 646 566 698; x_wconf 87' lang='lat' dir='ltr'>juris,</span> <span class='ocrx_word' id='word_1_53' title='bbox 591 647 667 698; x_wconf 91' lang='lat' dir='ltr'>qui</span> <span class='ocrx_word' id='word_1_54' title='bbox 687 658 770 698; x_wconf 92' lang='lat' dir='ltr'>per</span> <span class='ocrx_word' id='word_1_55' title='bbox 791 657 938 686; x_wconf 90' lang='lat' dir='ltr'>annos</span> <span class='ocrx_word' id='word_1_56' title='bbox 969 645 1145 696; x_wconf 83' lang='lat' dir='ltr'>aliquot</span> <span class='ocrx_word' id='word_1_57' title='bbox 1177 645 1223 684; x_wconf 91' lang='lat' dir='ltr'>in</span> <span class='ocrx_word' id='word_1_58' title='bbox 1249 644 1378 684; x_wconf 86' lang='lat' dir='ltr'>curia</span> <span class='ocrx_word' id='word_1_59' title='bbox 1396 645 1619 684; x_wconf 82' lang='lat' dir='ltr'>leodiensi</span> <span class='ocrx_word' id='word_1_60' title='bbox 1640 645 1780 684; x_wconf 85' lang='lat' dir='ltr'>advo-</span> 
     </span>
     <span class='ocr_line' id='line_1_8' title="bbox 159 715 1779 768; baseline -0.003 -9"><span class='ocrx_word' id='word_1_61' title='bbox 159 725 314 759; x_wconf 92' lang='lat' dir='ltr'>catum</span> <span class='ocrx_word' id='word_1_62' title='bbox 335 719 453 768; x_wconf 82' lang='lat' dir='ltr'>egit,</span> <span class='ocrx_word' id='word_1_63' title='bbox 476 718 593 757; x_wconf 89' lang='lat' dir='ltr'>bene</span> <span class='ocrx_word' id='word_1_64' title='bbox 620 717 911 757; x_wconf 86' lang='lat' dir='ltr'>naturalibus</span> <span class='ocrx_word' id='word_1_65' title='bbox 937 715 1144 765; x_wconf 90' lang='lat' dir='ltr'>dotatus,</span> <span class='ocrx_word' id='word_1_66' title='bbox 1170 715 1449 766; x_wconf 85' lang='lat' dir='ltr'>vigesimum</span> <span class='ocrx_word' id='word_1_67' title='bbox 1469 721 1686 766; x_wconf 87' lang='lat' dir='ltr'>quartum</span> <span class='ocrx_word' id='word_1_68' title='bbox 1703 727 1779 755; x_wconf 88' lang='lat' dir='ltr'>an—</span> 
     </span>
     <span class='ocr_line' id='line_1_9' title="bbox 158 785 1779 840; baseline -0.002 -11"><span class='ocrx_word' id='word_1_69' title='bbox 158 801 267 830; x_wconf 91' lang='lat' dir='ltr'>num</span> <span class='ocrx_word' id='word_1_70' title='bbox 290 800 450 840; x_wconf 80' lang='lat' dir='ltr'>agens,</span> <span class='ocrx_word' id='word_1_71' title='bbox 475 800 532 828; x_wconf 83' lang='lat' dir='ltr'>ex</span> <span class='ocrx_word' id='word_1_72' title='bbox 553 788 827 840; x_wconf 89' lang='lat' dir='ltr'>primatibus</span> <span class='ocrx_word' id='word_1_73' title='bbox 845 787 1056 837; x_wconf 82' lang='lat' dir='ltr'>Pontani,</span> <span class='ocrx_word' id='word_1_74' title='bbox 1082 786 1285 826; x_wconf 88' lang='lat' dir='ltr'>civitatis</span> <span class='ocrx_word' id='word_1_75' title='bbox 1306 785 1353 825; x_wconf 90' lang='lat' dir='ltr'>in</span> <span class='ocrx_word' id='word_1_76' title='bbox 1372 785 1608 836; x_wconf 84' lang='lat' dir='ltr'>Flandria,</span> <span class='ocrx_word' id='word_1_77' title='bbox 1633 792 1779 833; x_wconf 82' lang='lat' dir='ltr'>ortus,</span> 
     </span>
     <span class='ocr_line' id='line_1_10' title="bbox 159 856 1780 913; baseline -0.003 -12"><span class='ocrx_word' id='word_1_78' title='bbox 159 862 236 913; x_wconf 91' lang='lat' dir='ltr'>qui</span> <span class='ocrx_word' id='word_1_79' title='bbox 259 861 459 910; x_wconf 88' lang='lat' dir='ltr'>tandem,</span> <span class='ocrx_word' id='word_1_80' title='bbox 483 865 679 910; x_wconf 84' lang='lat' dir='ltr'>urgente</span> <span class='ocrx_word' id='word_1_81' title='bbox 701 858 1008 902; x_wconf 82' lang='lat' dir='ltr'>conscientia.</span> <span class='ocrx_word' id='word_1_82' title='bbox 1039 858 1159 897; x_wconf 90' lang='lat' dir='ltr'>clam</span> <span class='ocrx_word' id='word_1_83' title='bbox 1188 856 1363 897; x_wconf 91' lang='lat' dir='ltr'>Leodio</span> <span class='ocrx_word' id='word_1_84' title='bbox 1385 856 1630 896; x_wconf 81' lang='lat' dir='ltr'>discedens</span> <span class='ocrx_word' id='word_1_85' title='bbox 1650 856 1780 897; x_wconf 90' lang='lat' dir='ltr'>Colo-</span> 
     </span>
     <span class='ocr_line' id='line_1_11' title="bbox 158 928 1782 981; baseline -0.003 -9"><span class='ocrx_word' id='word_1_86' title='bbox 158 933 284 972; x_wconf 86' lang='lat' dir='ltr'>niam</span> <span class='ocrx_word' id='word_1_87' title='bbox 313 931 462 981; x_wconf 88' lang='lat' dir='ltr'>venit;</span> <span class='ocrx_word' id='word_1_88' title='bbox 497 941 668 980; x_wconf 82' lang='lat' dir='ltr'>magno</span> <span class='ocrx_word' id='word_1_89' title='bbox 700 941 805 969; x_wconf 92' lang='lat' dir='ltr'>cum</span> <span class='ocrx_word' id='word_1_90' title='bbox 832 929 986 969; x_wconf 89' lang='lat' dir='ltr'>fructu</span> <span class='ocrx_word' id='word_1_91' title='bbox 1016 928 1343 979; x_wconf 79' lang='lat' dir='ltr'>lachrimisque</span> <span class='ocrx_word' id='word_1_92' title='bbox 1370 928 1524 968; x_wconf 87' lang='lat' dir='ltr'>multis</span> <span class='ocrx_word' id='word_1_93' title='bbox 1558 928 1782 968; x_wconf 85' lang='lat' dir='ltr'>exercitia</span> 
     </span>
     <span class='ocr_line' id='line_1_12' title="bbox 159 998 1783 1055; baseline -0.003 -12"><span class='ocrx_word' id='word_1_94' title='bbox 159 1004 350 1055; x_wconf 79' lang='lat' dir='ltr'>primae,</span> <span class='ocrx_word' id='word_1_95' title='bbox 370 1001 602 1042; x_wconf 86' lang='lat' dir='ltr'>secundae</span> <span class='ocrx_word' id='word_1_96' title='bbox 619 1007 663 1040; x_wconf 89' lang='lat' dir='ltr'>et</span> <span class='ocrx_word' id='word_1_97' title='bbox 680 1000 845 1040; x_wconf 78' lang='lat' dir='ltr'>tertiae</span> <span class='ocrx_word' id='word_1_98' title='bbox 862 999 1180 1039; x_wconf 88' lang='lat' dir='ltr'>hebdomadae</span> <span class='ocrx_word' id='word_1_99' title='bbox 1196 998 1319 1050; x_wconf 86' lang='lat' dir='ltr'>fecit,</span> <span class='ocrx_word' id='word_1_100' title='bbox 1335 1010 1383 1039; x_wconf 92' lang='lat' dir='ltr'>se</span> <span class='ocrx_word' id='word_1_101' title='bbox 1395 998 1478 1038; x_wconf 83' lang='grc' dir='ltr'>Χ.Ο</span> <span class='ocrx_word' id='word_1_102' title='bbox 1493 998 1615 1039; x_wconf 87' lang='lat' dir='ltr'>Dno.</span> <span class='ocrx_word' id='word_1_103' title='bbox 1635 1004 1783 1038; x_wconf 92' lang='lat' dir='ltr'>totum</span> 
     </span>
     <span class='ocr_line' id='line_1_13' title="bbox 159 1069 1783 1125; baseline -0.003 -11"><span class='ocrx_word' id='word_1_104' title='bbox 159 1075 405 1125; x_wconf 77' lang='lat' dir='ltr'>resignans</span> <span class='ocrx_word' id='word_1_105' title='bbox 427 1079 471 1113; x_wconf 92' lang='lat' dir='ltr'>et</span> <span class='ocrx_word' id='word_1_106' title='bbox 492 1072 598 1112; x_wconf 89' lang='lat' dir='ltr'>huic</span> <span class='ocrx_word' id='word_1_107' title='bbox 620 1077 812 1111; x_wconf 88' lang='lat' dir='ltr'>sanctae</span> <span class='ocrx_word' id='word_1_108' title='bbox 841 1071 1067 1120; x_wconf 82' lang='lat' dir='ltr'>societati,</span> <span class='ocrx_word' id='word_1_109' title='bbox 1099 1081 1185 1110; x_wconf 93' lang='lat' dir='ltr'>nec</span> <span class='ocrx_word' id='word_1_110' title='bbox 1207 1069 1331 1110; x_wconf 89' lang='lat' dir='ltr'>aliud</span> <span class='ocrx_word' id='word_1_111' title='bbox 1352 1069 1622 1110; x_wconf 91' lang='lat' dir='ltr'>desiderans</span> <span class='ocrx_word' id='word_1_112' title='bbox 1644 1081 1783 1121; x_wconf 90' lang='lat' dir='ltr'>quam</span> 
     </span>
     <span class='ocr_line' id='line_1_14' title="bbox 159 1141 1814 1193; baseline -0.003 -8"><span class='ocrx_word' id='word_1_113' title='bbox 159 1145 240 1186; x_wconf 84' lang='lat' dir='ltr'>X.0</span> <span class='ocrx_word' id='word_1_114' title='bbox 269 1145 390 1185; x_wconf 91' lang='lat' dir='ltr'>Dno.</span> <span class='ocrx_word' id='word_1_115' title='bbox 424 1144 470 1184; x_wconf 91' lang='lat' dir='ltr'>in</span> <span class='ocrx_word' id='word_1_116' title='bbox 497 1143 622 1183; x_wconf 90' lang='lat' dir='ltr'>omni</span> <span class='ocrx_word' id='word_1_117' title='bbox 657 1142 933 1192; x_wconf 87' lang='lat' dir='ltr'>obedientia,</span> <span class='ocrx_word' id='word_1_118' title='bbox 965 1147 1241 1193; x_wconf 90' lang='lat' dir='ltr'>paupertate</span> <span class='ocrx_word' id='word_1_119' title='bbox 1267 1146 1312 1180; x_wconf 88' lang='lat' dir='ltr'>et</span> <span class='ocrx_word' id='word_1_120' title='bbox 1345 1141 1558 1181; x_wconf 88' lang='lat' dir='ltr'>castitate</span> <span class='ocrx_word' id='word_1_121' title='bbox 1587 1141 1778 1180; x_wconf 85' lang='lat' dir='ltr'>servire.</span> <span class='ocrx_word' id='word_1_122' title='bbox 1810 1165 1814 1167; x_wconf 80' lang='grc'><strong>-</strong></span> 
     </span>
     <span class='ocr_line' id='line_1_15' title="bbox 160 1210 1780 1267; baseline -0.003 -11"><span class='ocrx_word' id='word_1_123' title='bbox 160 1215 406 1267; x_wconf 87' lang='lat' dir='ltr'>Sponsalia</span> <span class='ocrx_word' id='word_1_124' title='bbox 427 1225 532 1254; x_wconf 92' lang='lat' dir='ltr'>cum</span> <span class='ocrx_word' id='word_1_125' title='bbox 562 1224 722 1252; x_wconf 91' lang='lat' dir='ltr'>sorore</span> <span class='ocrx_word' id='word_1_126' title='bbox 750 1212 959 1252; x_wconf 90' lang='lat' dir='ltr'>officialis</span> <span class='ocrx_word' id='word_1_127' title='bbox 987 1210 1192 1262; x_wconf 91' lang='lat' dir='ltr'>ejusdem</span> <span class='ocrx_word' id='word_1_128' title='bbox 1222 1212 1379 1252; x_wconf 91' lang='lat' dir='ltr'>curiae</span> <span class='ocrx_word' id='word_1_129' title='bbox 1406 1217 1511 1251; x_wconf 90' lang='lat' dir='ltr'>ante</span> <span class='ocrx_word' id='word_1_130' title='bbox 1541 1223 1675 1251; x_wconf 93' lang='lat' dir='ltr'>suum</span> <span class='ocrx_word' id='word_1_131' title='bbox 1706 1210 1780 1251; x_wconf 87' lang='lat' dir='ltr'>ad-</span> 
     </span>
     <span class='ocr_line' id='line_1_16' title="bbox 160 1282 1782 1336; baseline -0.002 -10"><span class='ocrx_word' id='word_1_132' title='bbox 160 1293 351 1326; x_wconf 76' lang='lat' dir='ltr'>ventum</span> <span class='ocrx_word' id='word_1_133' title='bbox 379 1289 755 1336; x_wconf 84' lang='lat' dir='ltr'>praecesserant;</span> <span class='ocrx_word' id='word_1_134' title='bbox 793 1283 873 1322; x_wconf 91' lang='lat' dir='ltr'>sed</span> <span class='ocrx_word' id='word_1_135' title='bbox 901 1283 1021 1322; x_wconf 90' lang='lat' dir='ltr'>hanc</span> <span class='ocrx_word' id='word_1_136' title='bbox 1045 1282 1142 1334; x_wconf 87' lang='lat' dir='ltr'>jam</span> <span class='ocrx_word' id='word_1_137' title='bbox 1174 1283 1412 1334; x_wconf 87' lang='lat' dir='ltr'>relinquit,</span> <span class='ocrx_word' id='word_1_138' title='bbox 1443 1283 1551 1334; x_wconf 84' lang='lat' dir='ltr'>quia</span> <span class='ocrx_word' id='word_1_139' title='bbox 1580 1282 1782 1333; x_wconf 82' lang='lat' dir='ltr'>gratiam</span> 
     </span>
     <span class='ocr_line' id='line_1_17' title="bbox 159 1353 1780 1404; baseline -0.003 -7"><span class='ocrx_word' id='word_1_140' title='bbox 159 1356 472 1397; x_wconf 88' lang='lat' dir='ltr'>continentiae</span> <span class='ocrx_word' id='word_1_141' title='bbox 495 1354 609 1394; x_wconf 88' lang='lat' dir='ltr'>satis</span> <span class='ocrx_word' id='word_1_142' title='bbox 631 1354 677 1393; x_wconf 92' lang='lat' dir='ltr'>in</span> <span class='ocrx_word' id='word_1_143' title='bbox 698 1366 747 1393; x_wconf 94' lang='lat' dir='ltr'>se</span> <span class='ocrx_word' id='word_1_144' title='bbox 769 1353 1026 1403; x_wconf 68' lang='lat' dir='ltr'>cognoscit.</span> <span class='ocrx_word' id='word_1_145' title='bbox 1048 1353 1120 1392; x_wconf 83' lang='lat' dir='ltr'>Ad</span> <span class='ocrx_word' id='word_1_146' title='bbox 1141 1353 1293 1393; x_wconf 88' lang='lat' dir='ltr'>studia</span> <span class='ocrx_word' id='word_1_147' title='bbox 1314 1353 1578 1403; x_wconf 86' lang='lat' dir='ltr'>theologica</span> <span class='ocrx_word' id='word_1_148' title='bbox 1599 1364 1780 1404; x_wconf 90' lang='lat' dir='ltr'>semper</span> 
     </span>
     <span class='ocr_line' id='line_1_18' title="bbox 159 1423 1783 1479; baseline -0.004 -11"><span class='ocrx_word' id='word_1_149' title='bbox 159 1427 258 1479; x_wconf 92' lang='lat' dir='ltr'>ejus</span> <span class='ocrx_word' id='word_1_150' title='bbox 286 1426 467 1467; x_wconf 91' lang='lat' dir='ltr'>animus</span> <span class='ocrx_word' id='word_1_151' title='bbox 496 1425 603 1475; x_wconf 89' lang='lat' dir='ltr'>fuit,</span> <span class='ocrx_word' id='word_1_152' title='bbox 627 1424 733 1464; x_wconf 87' lang='lat' dir='ltr'>licet</span> <span class='ocrx_word' id='word_1_153' title='bbox 754 1423 912 1464; x_wconf 89' lang='lat' dir='ltr'>nescio</span> <span class='ocrx_word' id='word_1_154' title='bbox 940 1435 1030 1474; x_wconf 89' lang='lat' dir='ltr'>qua</span> <span class='ocrx_word' id='word_1_155' title='bbox 1052 1424 1309 1463; x_wconf 88' lang='lat' dir='ltr'>amicorum</span> <span class='ocrx_word' id='word_1_156' title='bbox 1329 1424 1632 1474; x_wconf 91' lang='lat' dir='ltr'>persuasione</span> <span class='ocrx_word' id='word_1_157' title='bbox 1653 1423 1783 1463; x_wconf 87' lang='lat' dir='ltr'>sedu-</span> 
     </span>
     <span class='ocr_line' id='line_1_19' title="bbox 160 1494 1785 1548; baseline -0.002 -10"><span class='ocrx_word' id='word_1_158' title='bbox 160 1506 275 1548; x_wconf 89' lang='lat' dir='ltr'>ctus,</span> <span class='ocrx_word' id='word_1_159' title='bbox 297 1507 552 1548; x_wconf 89' lang='lat' dir='ltr'>numquam</span> <span class='ocrx_word' id='word_1_160' title='bbox 574 1508 686 1536; x_wconf 92' lang='lat' dir='ltr'>suae</span> <span class='ocrx_word' id='word_1_161' title='bbox 714 1495 1026 1535; x_wconf 89' lang='lat' dir='ltr'>conscientiae</span> <span class='ocrx_word' id='word_1_162' title='bbox 1057 1495 1102 1534; x_wconf 92' lang='lat' dir='ltr'>in</span> <span class='ocrx_word' id='word_1_163' title='bbox 1130 1495 1217 1534; x_wconf 93' lang='lat' dir='ltr'>hoc</span> <span class='ocrx_word' id='word_1_164' title='bbox 1241 1494 1535 1535; x_wconf 85' lang='lat' dir='ltr'>satisfecerit.</span> <span class='ocrx_word' id='word_1_165' title='bbox 1559 1494 1785 1535; x_wconf 89' lang='lat' dir='ltr'>Omnibus</span> 
     </span>
     <span class='ocr_line' id='line_1_20' title="bbox 159 1565 1782 1619; baseline -0.002 -10"><span class='ocrx_word' id='word_1_166' title='bbox 159 1569 321 1610; x_wconf 90' lang='lat' dir='ltr'>Leodii</span> <span class='ocrx_word' id='word_1_167' title='bbox 342 1567 577 1619; x_wconf 89' lang='lat' dir='ltr'>dispositis</span> <span class='ocrx_word' id='word_1_168' title='bbox 599 1567 657 1607; x_wconf 91' lang='lat' dir='ltr'>ad</span> <span class='ocrx_word' id='word_1_169' title='bbox 677 1578 762 1606; x_wconf 93' lang='lat' dir='ltr'>nos</span> <span class='ocrx_word' id='word_1_170' title='bbox 785 1571 1060 1616; x_wconf 83' lang='lat' dir='ltr'>revertetur,</span> <span class='ocrx_word' id='word_1_171' title='bbox 1085 1577 1221 1617; x_wconf 93' lang='lat' dir='ltr'>quem</span> <span class='ocrx_word' id='word_1_172' title='bbox 1243 1566 1451 1616; x_wconf 84' lang='lat' dir='ltr'>cogitavi</span> <span class='ocrx_word' id='word_1_173' title='bbox 1467 1565 1663 1605; x_wconf 88' lang='lat' dir='ltr'>Romam</span> <span class='ocrx_word' id='word_1_174' title='bbox 1684 1566 1782 1606; x_wconf 90' lang='lat' dir='ltr'>mit-</span> 
     </span>
     <span class='ocr_line' id='line_1_21' title="bbox 160 1636 1785 1688; baseline -0.002 -8"><span class='ocrx_word' id='word_1_175' title='bbox 160 1646 256 1681; x_wconf 86' lang='lat' dir='ltr'>tere</span> <span class='ocrx_word' id='word_1_176' title='bbox 287 1651 392 1680; x_wconf 91' lang='lat' dir='ltr'>cum</span> <span class='ocrx_word' id='word_1_177' title='bbox 417 1651 509 1679; x_wconf 93' lang='lat' dir='ltr'>uno</span> <span class='ocrx_word' id='word_1_178' title='bbox 532 1644 610 1678; x_wconf 91' lang='lat' dir='ltr'>aut</span> <span class='ocrx_word' id='word_1_179' title='bbox 644 1637 837 1677; x_wconf 89' lang='lat' dir='ltr'>duobus.</span> <span class='ocrx_word' id='word_1_180' title='bbox 875 1637 1211 1677; x_wconf 88' lang='lat' dir='ltr'>Adolescentes</span> <span class='ocrx_word' id='word_1_181' title='bbox 1245 1636 1512 1688; x_wconf 88' lang='lat' dir='ltr'>praedictos</span> <span class='ocrx_word' id='word_1_182' title='bbox 1544 1648 1637 1676; x_wconf 89' lang='lat' dir='ltr'>non</span> <span class='ocrx_word' id='word_1_183' title='bbox 1670 1637 1785 1677; x_wconf 86' lang='lat' dir='ltr'>satis</span> 
     </span>
     <span class='ocr_line' id='line_1_22' title="bbox 160 1707 1780 1760; baseline -0.002 -9"><span class='ocrx_word' id='word_1_184' title='bbox 160 1710 487 1751; x_wconf 90' lang='lat' dir='ltr'>commendare</span> <span class='ocrx_word' id='word_1_185' title='bbox 516 1720 720 1760; x_wconf 91' lang='lat' dir='ltr'>possum.</span> <span class='ocrx_word' id='word_1_186' title='bbox 744 1707 849 1748; x_wconf 92' lang='lat' dir='ltr'>Duo</span> <span class='ocrx_word' id='word_1_187' title='bbox 868 1707 993 1747; x_wconf 93' lang='lat' dir='ltr'>domi</span> <span class='ocrx_word' id='word_1_188' title='bbox 1013 1713 1202 1747; x_wconf 88' lang='lat' dir='ltr'>nostrae</span> <span class='ocrx_word' id='word_1_189' title='bbox 1219 1707 1315 1759; x_wconf 90' lang='lat' dir='ltr'>jam</span> <span class='ocrx_word' id='word_1_190' title='bbox 1335 1714 1442 1748; x_wconf 88' lang='lat' dir='ltr'>sunt</span> <span class='ocrx_word' id='word_1_191' title='bbox 1463 1708 1510 1747; x_wconf 91' lang='lat' dir='ltr'>in</span> <span class='ocrx_word' id='word_1_192' title='bbox 1530 1708 1780 1748; x_wconf 84' lang='lat' dir='ltr'>exercitiis.</span> 
     </span>
    </p>

    <p class='ocr_par' dir='ltr' id='par_1_4' title="bbox 158 1777 1785 1974">
     <span class='ocr_line' id='line_1_23' title="bbox 239 1777 1783 1828; baseline -0.002 -7"><span class='ocrx_word' id='word_1_193' title='bbox 239 1782 369 1822; x_wconf 91' lang='lat' dir='ltr'>Unus</span> <span class='ocrx_word' id='word_1_194' title='bbox 402 1786 472 1820; x_wconf 91' lang='lat' dir='ltr'>est</span> <span class='ocrx_word' id='word_1_195' title='bbox 508 1786 842 1820; x_wconf 90' lang='lat' dir='ltr'>conterraneus</span> <span class='ocrx_word' id='word_1_196' title='bbox 871 1779 931 1819; x_wconf 93' lang='lat' dir='ltr'>M.</span> <span class='ocrx_word' id='word_1_197' title='bbox 964 1778 1184 1819; x_wconf 87' lang='lat' dir='ltr'>Andreae</span> <span class='ocrx_word' id='word_1_198' title='bbox 1210 1777 1391 1828; x_wconf 77' lang='lat' dir='ltr'>Side-rii,</span> <span class='ocrx_word' id='word_1_199' title='bbox 1428 1778 1676 1819; x_wconf 86' lang='lat' dir='ltr'>confratris</span> <span class='ocrx_word' id='word_1_200' title='bbox 1705 1791 1783 1818; x_wconf 91' lang='lat' dir='ltr'>no—</span> 
     </span>
     <span class='ocr_line' id='line_1_24' title="bbox 159 1849 1785 1903; baseline -0.002 -10"><span class='ocrx_word' id='word_1_201' title='bbox 159 1853 258 1903; x_wconf 85' lang='lat' dir='ltr'>stri,</span> <span class='ocrx_word' id='word_1_202' title='bbox 277 1852 462 1892; x_wconf 90' lang='lat' dir='ltr'>nomine</span> <span class='ocrx_word' id='word_1_203' title='bbox 480 1849 777 1901; x_wconf 86' lang='lat' dir='ltr'>Godesridus;</span> <span class='ocrx_word' id='word_1_204' title='bbox 796 1851 926 1900; x_wconf 85' lang='lat' dir='ltr'>alter,</span> <span class='ocrx_word' id='word_1_205' title='bbox 949 1850 1224 1889; x_wconf 90' lang='lat' dir='ltr'>adolescens</span> <span class='ocrx_word' id='word_1_206' title='bbox 1237 1849 1486 1889; x_wconf 90' lang='lat' dir='ltr'>leodiensis</span> <span class='ocrx_word' id='word_1_207' title='bbox 1498 1861 1695 1901; x_wconf 87' lang='lat' dir='ltr'>quoque,</span> <span class='ocrx_word' id='word_1_208' title='bbox 1715 1856 1785 1889; x_wconf 86' lang='lat' dir='ltr'>est</span> 
     </span>
     <span class='ocr_line' id='line_1_25' title="bbox 158 1920 1019 1974; baseline -0.003 -11"><span class='ocrx_word' id='word_1_209' title='bbox 158 1924 204 1963; x_wconf 91' lang='lat' dir='ltr'>in</span> <span class='ocrx_word' id='word_1_210' title='bbox 226 1923 404 1974; x_wconf 87' lang='lat' dir='ltr'>primae</span> <span class='ocrx_word' id='word_1_211' title='bbox 425 1921 744 1961; x_wconf 88' lang='lat' dir='ltr'>hebdomadae</span> <span class='ocrx_word' id='word_1_212' title='bbox 766 1920 1019 1960; x_wconf 86' lang='lat' dir='ltr'>exercitiis.</span> 
     </span>
    </p>

    <p class='ocr_par' dir='ltr' id='par_1_5' title="bbox 238 1991 1203 2041">
     <span class='ocr_line' id='line_1_26' title="bbox 238 1991 1203 2041; baseline -0.003 -7"><span class='ocrx_word' id='word_1_213' title='bbox 238 1992 568 2034; x_wconf 88' lang='lat' dir='ltr'>Confitentium</span> <span class='ocrx_word' id='word_1_214' title='bbox 584 2002 805 2031; x_wconf 89' lang='lat' dir='ltr'>numerus</span> <span class='ocrx_word' id='word_1_215' title='bbox 827 1991 968 2030; x_wconf 91' lang='lat' dir='ltr'>etiam</span> <span class='ocrx_word' id='word_1_216' title='bbox 990 1996 1203 2041; x_wconf 83' lang='lat' dir='ltr'>augetur.</span> 
     </span>
    </p>

    <p class='ocr_par' dir='ltr' id='par_1_6' title="bbox 239 2061 1490 2115">
     <span class='ocr_line' id='line_1_27' title="bbox 239 2061 1490 2115; baseline -0.004 -10"><span class='ocrx_word' id='word_1_217' title='bbox 239 2064 483 2115; x_wconf 89' lang='lat' dir='ltr'>Reliquum</span> <span class='ocrx_word' id='word_1_218' title='bbox 504 2069 686 2113; x_wconf 88' lang='lat' dir='ltr'>tempus</span> <span class='ocrx_word' id='word_1_219' title='bbox 706 2061 829 2113; x_wconf 90' lang='lat' dir='ltr'>quod</span> <span class='ocrx_word' id='word_1_220' title='bbox 852 2061 1017 2111; x_wconf 90' lang='lat' dir='ltr'>habeo,</span> <span class='ocrx_word' id='word_1_221' title='bbox 1038 2061 1084 2101; x_wconf 93' lang='lat' dir='ltr'>in</span> <span class='ocrx_word' id='word_1_222' title='bbox 1105 2061 1269 2101; x_wconf 90' lang='lat' dir='ltr'>studiis</span> <span class='ocrx_word' id='word_1_223' title='bbox 1291 2062 1490 2101; x_wconf 92' lang='lat' dir='ltr'>colloco.</span> 
     </span>
    </p>

    <p class='ocr_par' dir='ltr' id='par_1_7' title="bbox 161 2131 1782 2254">
     <span class='ocr_line' id='line_1_28' title="bbox 239 2131 1782 2183; baseline -0.003 -8"><span class='ocrx_word' id='word_1_224' title='bbox 239 2135 282 2176; x_wconf 90' lang='lat' dir='ltr'><strong>A</strong></span> <span class='ocrx_word' id='word_1_225' title='bbox 299 2135 456 2174; x_wconf 91' lang='lat' dir='ltr'>multis</span> <span class='ocrx_word' id='word_1_226' title='bbox 473 2133 695 2173; x_wconf 90' lang='lat' dir='ltr'>Coloniae</span> <span class='ocrx_word' id='word_1_227' title='bbox 712 2132 790 2171; x_wconf 91' lang='lat' dir='ltr'>alii</span> <span class='ocrx_word' id='word_1_228' title='bbox 807 2144 865 2172; x_wconf 83' lang='lat' dir='ltr'>ex</span> <span class='ocrx_word' id='word_1_229' title='bbox 880 2132 1053 2172; x_wconf 90' lang='lat' dir='ltr'>nostris</span> <span class='ocrx_word' id='word_1_230' title='bbox 1074 2131 1413 2183; x_wconf 85' lang='lat' dir='ltr'>desiderantur,</span> <span class='ocrx_word' id='word_1_231' title='bbox 1433 2144 1519 2172; x_wconf 92' lang='lat' dir='ltr'>nec</span> <span class='ocrx_word' id='word_1_232' title='bbox 1537 2132 1782 2183; x_wconf 88' lang='lat' dir='ltr'>immerito,</span> 
     </span>
     <span class='ocr_line' id='line_1_29' title="bbox 161 2203 1138 2254; baseline -0.005 -7"><span class='ocrx_word' id='word_1_233' title='bbox 161 2219 267 2247; x_wconf 91' lang='lat' dir='ltr'>cum</span> <span class='ocrx_word' id='word_1_234' title='bbox 288 2207 364 2246; x_wconf 91' lang='lat' dir='ltr'>hic</span> <span class='ocrx_word' id='word_1_235' title='bbox 386 2210 515 2245; x_wconf 85' lang='lat' dir='ltr'>tanta</span> <span class='ocrx_word' id='word_1_236' title='bbox 536 2203 595 2243; x_wconf 91' lang='lat' dir='ltr'>sit</span> <span class='ocrx_word' id='word_1_237' title='bbox 614 2203 748 2243; x_wconf 93' lang='lat' dir='ltr'>nobis</span> <span class='ocrx_word' id='word_1_238' title='bbox 770 2209 937 2254; x_wconf 87' lang='lat' dir='ltr'>parata</span> <span class='ocrx_word' id='word_1_239' title='bbox 959 2203 1138 2243; x_wconf 91' lang='lat' dir='ltr'>messis.</span> 
     </span>
    </p>

    <p class='ocr_par' dir='ltr' id='par_1_8' title="bbox 162 2274 1787 2398">
     <span class='ocr_line' id='line_1_30' title="bbox 240 2274 1787 2326; baseline -0.001 -10"><span class='ocrx_word' id='word_1_240' title='bbox 240 2276 499 2317; x_wconf 88' lang='lat' dir='ltr'>Concilium</span> <span class='ocrx_word' id='word_1_241' title='bbox 519 2274 806 2326; x_wconf 89' lang='lat' dir='ltr'>provinciale</span> <span class='ocrx_word' id='word_1_242' title='bbox 827 2286 912 2326; x_wconf 94' lang='lat' dir='ltr'>pro</span> <span class='ocrx_word' id='word_1_243' title='bbox 934 2274 1265 2314; x_wconf 86' lang='lat' dir='ltr'>reformatione</span> <span class='ocrx_word' id='word_1_244' title='bbox 1287 2274 1398 2314; x_wconf 85' lang='lat' dir='ltr'>cleri</span> <span class='ocrx_word' id='word_1_245' title='bbox 1419 2275 1698 2314; x_wconf 88' lang='lat' dir='ltr'>coloniensis</span> <span class='ocrx_word' id='word_1_246' title='bbox 1718 2280 1787 2314; x_wconf 84' lang='lat' dir='ltr'>est</span> 
     </span>
     <span class='ocr_line' id='line_1_31' title="bbox 162 2348 441 2398; baseline -0.011 -11"><span class='ocrx_word' id='word_1_247' title='bbox 162 2348 441 2398; x_wconf 90' lang='lat' dir='ltr'>incoeptum.</span> 
     </span>
    </p>

    <p class='ocr_par' dir='ltr' id='par_1_9' title="bbox 160 2415 1787 2529">
     <span class='ocr_line' id='line_1_32' title="bbox 241 2415 1787 2467; baseline -0.003 -9"><span class='ocrx_word' id='word_1_248' title='bbox 241 2418 442 2458; x_wconf 90' lang='lat' dir='ltr'>Domino</span> <span class='ocrx_word' id='word_1_249' title='bbox 478 2416 716 2457; x_wconf 91' lang='lat' dir='ltr'>Canonico</span> <span class='ocrx_word' id='word_1_250' title='bbox 751 2416 1055 2467; x_wconf 88' lang='lat' dir='ltr'>responsione</span> <span class='ocrx_word' id='word_1_251' title='bbox 1089 2415 1137 2456; x_wconf 88' lang='lat' dir='ltr'>P.</span> <span class='ocrx_word' id='word_1_252' title='bbox 1175 2415 1233 2455; x_wconf 88' lang='lat' dir='ltr'>V.</span> <span class='ocrx_word' id='word_1_253' title='bbox 1273 2415 1565 2456; x_wconf 87' lang='lat' dir='ltr'>satisfactum</span> <span class='ocrx_word' id='word_1_254' title='bbox 1598 2422 1708 2467; x_wconf 90' lang='lat' dir='ltr'>puto</span> <span class='ocrx_word' id='word_1_255' title='bbox 1744 2422 1787 2455; x_wconf 88' lang='lat' dir='ltr'>et</span> 
     </span>
     <span class='ocr_line' id='line_1_33' title="bbox 160 2490 582 2529; baseline -0.009 0"><span class='ocrx_word' id='word_1_256' title='bbox 160 2490 276 2529; x_wconf 86' lang='lat' dir='ltr'>bene</span> <span class='ocrx_word' id='word_1_257' title='bbox 298 2494 582 2528; x_wconf 89' lang='lat' dir='ltr'>contentum.</span> 
     </span>
    </p>

    <p class='ocr_par' dir='ltr' id='par_1_10' title="bbox 241 2558 978 2599">
     <span class='ocr_line' id='line_1_34' title="bbox 241 2558 978 2599; baseline -0.003 0"><span class='ocrx_word' id='word_1_258' title='bbox 241 2560 368 2599; x_wconf 89' lang='lat' dir='ltr'>Haec</span> <span class='ocrx_word' id='word_1_259' title='bbox 390 2558 636 2599; x_wconf 90' lang='lat' dir='ltr'>scribenda</span> <span class='ocrx_word' id='word_1_260' title='bbox 658 2564 978 2597; x_wconf 88' lang='lat' dir='ltr'>occurrerunt.</span> 
     </span>
    </p>

    <p class='ocr_par' dir='ltr' id='par_1_11' title="bbox 239 2628 1193 2670">
     <span class='ocr_line' id='line_1_35' title="bbox 239 2628 1193 2670; baseline -0.004 0"><span class='ocrx_word' id='word_1_261' title='bbox 239 2630 344 2670; x_wconf 69' lang='lat' dir='ltr'>Rda</span> <span class='ocrx_word' id='word_1_262' title='bbox 360 2629 410 2670; x_wconf 88' lang='lat' dir='ltr'>P.</span> <span class='ocrx_word' id='word_1_263' title='bbox 433 2628 494 2668; x_wconf 89' lang='lat' dir='ltr'>V.</span> <span class='ocrx_word' id='word_1_264' title='bbox 517 2628 589 2668; x_wconf 93' lang='lat' dir='ltr'>his</span> <span class='ocrx_word' id='word_1_265' title='bbox 606 2628 652 2667; x_wconf 95' lang='lat' dir='ltr'>in</span> <span class='ocrx_word' id='word_1_266' title='bbox 674 2628 862 2668; x_wconf 91' lang='lat' dir='ltr'>Christo</span> <span class='ocrx_word' id='word_1_267' title='bbox 885 2628 1000 2668; x_wconf 90' lang='lat' dir='ltr'>bene</span> <span class='ocrx_word' id='word_1_268' title='bbox 1022 2629 1193 2668; x_wconf 88' lang='lat' dir='ltr'>valeat.</span> 
     </span>
    </p>

    <p class='ocr_par' dir='ltr' id='par_1_12' title="bbox 241 2698 1273 2753">
     <span class='ocr_line' id='line_1_36' title="bbox 241 2698 1273 2753; baseline -0.005 -12"><span class='ocrx_word' id='word_1_269' title='bbox 241 2702 343 2753; x_wconf 89' lang='lat' dir='ltr'>[pso</span> <span class='ocrx_word' id='word_1_270' title='bbox 368 2700 440 2740; x_wconf 91' lang='lat' dir='ltr'>die</span> <span class='ocrx_word' id='word_1_271' title='bbox 460 2698 620 2740; x_wconf 87' lang='lat' dir='ltr'>Sancti</span> <span class='ocrx_word' id='word_1_272' title='bbox 641 2699 882 2739; x_wconf 86' lang='lat' dir='ltr'>Benedicti</span> <span class='ocrx_word' id='word_1_273' title='bbox 904 2698 1101 2739; x_wconf 85' lang='lat' dir='ltr'>Abbatis</span> <span class='ocrx_word' id='word_1_274' title='bbox 1120 2698 1134 2716; x_wconf 73' lang='lat'>‘²</span> <span class='ocrx_word' id='word_1_275' title='bbox 1159 2698 1273 2739; x_wconf 82' lang='lat'>1549.</span> 
     </span>
    </p>

    <p class='ocr_par' dir='ltr' id='par_1_13' title="bbox 240 2770 860 2821">
     <span class='ocr_line' id='line_1_37' title="bbox 240 2770 860 2821; baseline -0.005 -9"><span class='ocrx_word' id='word_1_276' title='bbox 240 2772 411 2812; x_wconf 88' lang='lat' dir='ltr'>Vester</span> <span class='ocrx_word' id='word_1_277' title='bbox 432 2770 652 2821; x_wconf 84' lang='lat' dir='ltr'>indignus</span> <span class='ocrx_word' id='word_1_278' title='bbox 680 2781 860 2820; x_wconf 89' lang='lat' dir='ltr'>servus,</span> 
     </span>
    </p>

    <p class='ocr_par' dir='ltr' id='par_1_14' title="bbox 1064 2841 1571 2882">
     <span class='ocr_line' id='line_1_38' title="bbox 1064 2841 1571 2882; baseline -0.002 -1"><span class='ocrx_word' id='word_1_279' title='bbox 1064 2841 1348 2882; x_wconf 79' lang='lat' dir='ltr'>LEONARDUS</span> <span class='ocrx_word' id='word_1_280' title='bbox 1375 2841 1571 2882; x_wconf 75' lang='lat' dir='ltr'>KESSEL.</span> 
     </span>
    </p>
   </div>
   <div class='ocr_carea' id='block_1_3' title="bbox 345 2906 444 2911">
    <p class='ocr_par' dir='ltr' id='par_1_15' title="bbox 345 2906 444 2911">
     <span class='ocr_line' id='line_1_39' title="bbox 345 2906 444 2911; baseline 0 0"><span class='ocrx_word' id='word_1_281' title='bbox 345 2906 444 2911; x_wconf 95' lang='lat' dir='ltr'> </span> 
     </span>
    </p>
   </div>
   <div class='ocr_carea' id='block_1_4' title="bbox 214 2953 824 3027">
    <p class='ocr_par' dir='ltr' id='par_1_16' title="bbox 214 2953 824 3027">
     <span class='ocr_line' id='line_1_40' title="bbox 216 2953 824 2986; baseline 0 -6"><span class='ocrx_word' id='word_1_282' title='bbox 216 2954 225 2973; x_wconf 87' lang='lat'>¹</span> <span class='ocrx_word' id='word_1_283' title='bbox 267 2953 420 2980; x_wconf 84' lang='lat' dir='ltr'>Erardus</span> <span class='ocrx_word' id='word_1_284' title='bbox 434 2953 631 2981; x_wconf 85' lang='lat' dir='ltr'>Leodiensis</span> <span class='ocrx_word' id='word_1_285' title='bbox 646 2953 706 2982; x_wconf 81' lang='lat' dir='ltr'>(ID.</span> <span class='ocrx_word' id='word_1_286' title='bbox 722 2953 824 2986; x_wconf 88' lang='lat' dir='ltr'>ibid.).</span> 
     </span>
     <span class='ocr_line' id='line_1_41' title="bbox 214 3000 459 3027; baseline 0 0"><span class='ocrx_word' id='word_1_287' title='bbox 214 3000 228 3018; x_wconf 72' lang='lat'>²</span> <span class='ocrx_word' id='word_1_288' title='bbox 267 3000 378 3027; x_wconf 79' lang='lat' dir='ltr'>Martii</span> <span class='ocrx_word' id='word_1_289' title='bbox 395 3001 459 3027; x_wconf 55' lang='lat'>212³</span> 
     </span>
    </p>
   </div>
   <div class='ocr_carea' id='block_1_5' title="bbox 446 3059 1553 3094">
    <p class='ocr_par' dir='ltr' id='par_1_17' title="bbox 446 3059 1553 3094">
     <span class='ocr_line' id='line_1_42' title="bbox 446 3059 1553 3094; baseline 0 0"><span class='ocrx_word' id='word_1_290' title='bbox 446 3059 494 3094; x_wconf 87' lang='grc' dir='ltr'>Τ.</span> <span class='ocrx_word' id='word_1_291' title='bbox 518 3072 542 3094; x_wconf 75' lang='grc'>1.</span> <span class='ocrx_word' id='word_1_292' title='bbox 1513 3070 1553 3094; x_wconf 90' lang='grc' dir='ltr'>ιο</span> 
     </span>
    </p>
   </div>
  </div>
 </body>
</html>
