1987 3260
242 181 313 218 602
752 180 977 217 LITTERAE
1005 191 1360 223 QUADRIMESTRES

983 628 1132 681 CXL

314 855 406 893 Leo
426 853 496 892 del
515 854 661 902 Giglio

361 920 481 957 Patri
500 920 667 967 Ignatio
687 919 739 957 de
760 920 942 967 Loyola.

407 985 642 1031 Florentia,
664 984 711 1021 30
730 984 897 1032 Aprilis
920 983 1009 1021 1552
1028 984 1054 1018 ¹.

1003 1139 1101 1215 1315

322 1335 486 1375 Gratia
507 1341 550 1375 et
574 1347 665 1387 pax
687 1334 875 1375 Domini
897 1334 1045 1374 nostri
1065 1334 1342 1388 Jesuchristi
1363 1335 1420 1374 sit
1446 1347 1629 1387 semper
1650 1337 1696 1376 in
1725 1338 1871 1378 cordi—

243 1406 328 1444 bus
348 1406 536 1446 nostris.

320 1476 419 1516 R.0¹e
440 1476 486 1516 in
507 1476 693 1516 Christo
714 1476 867 1517 Pater.

323 1546 452 1597 Quae
473 1559 499 1586 a
520 1554 679 1587 nostro
701 1547 790 1587 huc
813 1548 1037 1597 adventu,
1070 1548 1147 1599 qui
1176 1548 1235 1588 ad
1261 1548 1541 1599 principium
1561 1549 1762 1599 proximi
1782 1549 1873 1589 De—

243 1618 443 1657 cembris
462 1617 566 1668 fuit,
592 1630 618 1658 a
639 1617 852 1658 Patribus
879 1630 934 1658 ac
955 1618 1201 1669 fratribus,
1234 1618 1405 1658 Christi
1431 1619 1604 1670 gratia,
1635 1620 1710 1659 hic
1736 1626 1871 1671 gesta

242 1694 363 1738 sunt,
387 1694 483 1728 tam
504 1689 562 1729 ad
579 1689 867 1739 spiritualem
883 1689 1084 1729 fructum
1102 1701 1241 1741 quam
1259 1689 1317 1729 ad
1335 1690 1593 1730 studiorum
1610 1690 1872 1742 profectum

240 1759 532 1809 pertinentia,
558 1759 630 1799 his
651 1760 815 1800 litteris
838 1760 1246 1812 comprehendam.
1272 1760 1567 1812 Quamquam
1597 1762 1870 1812 magnitudo

240 1840 401 1869 earum
422 1841 592 1880 rerum,
612 1842 730 1881 quae
746 1836 972 1881 geruntur
990 1842 1199 1882 quaeque
1215 1836 1350 1881 gesta
1366 1831 1564 1881 legimus
1582 1832 1639 1871 ab
1656 1832 1772 1882 aliis,
1793 1833 1871 1883 qui

240 1900 325 1939 sub
347 1899 481 1951 hujus
511 1900 757 1941 Societatis
784 1902 955 1941 vexillo
987 1901 1088 1941 Deo
1116 1901 1334 1951 militant,
1364 1902 1574 1942 nonnihil
1601 1914 1673 1942 me
1705 1915 1732 1942 a
1759 1904 1867 1943 scri-

239 1971 387 2010 bendo
414 1972 562 2022 possit
589 1972 837 2012 deterrere.

316 2041 471 2093 Atque
492 2049 541 2082 ut
562 2043 690 2094 prius
711 2055 862 2094 pauca
884 2043 1113 2094 quaedam
1134 2044 1189 2084 de
1209 2051 1370 2085 nostro
1392 2045 1556 2085 itinere
1584 2045 1754 2096 dicam,
1776 2045 1865 2085 fra-

239 2118 347 2161 tres,
370 2114 621 2164 praecipue
651 2114 727 2165 qui
755 2113 813 2153 ad
840 2114 929 2154 hoc
958 2126 1124 2155 munus
1145 2122 1278 2155 erant
1309 2116 1533 2167 aptiores,
1558 2121 1655 2155 tum
1682 2116 1866 2167 publice

240 2183 285 2221 in
307 2184 510 2223 castellis
531 2196 586 2224 ac
606 2185 755 2235 pagis,
782 2191 878 2224 tum
898 2186 1119 2235 privatim
1139 2186 1185 2225 in
1208 2186 1436 2238 hospitiiS,
1460 2198 1599 2238 saepe
1619 2187 1865 2226 conciona-

241 2254 423 2304 bantur3
447 2254 525 2294 alii
546 2255 662 2294 alios
683 2255 771 2306 piis
793 2256 1189 2296 admonitionibus
1217 2257 1275 2297 ad
1306 2257 1622 2297 confessiones
1654 2257 1868 2297 cohorta-

238 2324 421 2375 bantur;
446 2326 570 2365 nulla
591 2325 787 2377 denique
808 2327 1266 2378 praetermittebatur
1288 2329 1494 2379 occasio,
1520 2341 1610 2380 qua
1638 2330 1869 2380 proximo-

240 2406 342 2434 rum
369 2396 507 2435 saluti
532 2396 754 2447 prodesse
789 2397 891 2448 quis
925 2404 1098 2448 posset.
1139 2397 1298 2450 Neque
1333 2399 1480 2439 voluit
1508 2399 1869 2450 benignissimus

240 2465 367 2505 Deus
397 2472 446 2505 ut
480 2467 550 2506 sui
586 2467 735 2507 omnis
769 2468 944 2508 laboris
971 2469 1249 2520 poeniteret3
1280 2471 1529 2509 multorum
1563 2470 1685 2509 enim
1718 2469 1867 2521 profe·

240 2541 364 2576 ctum
384 2537 674 2577 testabantur
696 2538 1011 2579 confessiones
1034 2545 1077 2579 et
1099 2539 1330 2580 desideria
1357 2540 1560 2580 melioris
1587 2541 1713 2580 vitae
1741 2540 1866 2580 insti·

239 2607 449 2647 tuendae.
473 2606 717 2658 Singulare
734 2609 823 2648 viri
840 2608 1080 2660 cujusdam
1097 2621 1190 2650 non
1208 2611 1470 2661 praeteribo
1488 2612 1762 2662 exemplum,
1788 2611 1867 2662 qui

240 2689 344 2716 cum
365 2679 666 2728 pertinaciter
686 2686 879 2730 negaret
901 2692 984 2720 sua
1005 2692 1054 2720 se
1084 2692 1288 2731 unquam
1309 2687 1501 2732 peccata
1525 2681 1863 2731 confessurum,

293 2839 300 2858 ¹
342 2839 452 2866 Terna
468 2841 562 2867 nobis
576 2848 657 2874 prae
674 2842 827 2868 manibus
842 2846 920 2869 sunt
943 2842 1063 2869 harum
1085 2842 1280 2869 litterarum
1301 2842 1501 2876 apographa
1523 2842 1658 2869 saeculo
1680 2849 1739 2869 xv1
1753 2841 1865 2868 conse·

239 2889 306 2918 cta;
322 2893 420 2912 unum
445 2886 476 2912 in
503 2887 582 2913 solio
597 2887 730 2921 duplici,
747 2895 835 2915 num.
850 2889 885 2915 32
906 2892 937 2915 et
961 2889 1010 2922 33;
1035 2889 1182 2916 alterum
1201 2889 1234 2916 in
1257 2888 1388 2916 Codicis
1413 2889 1476 2915 1551
1494 2889 1550 2915 sol.
1565 2889 1599 2915 92
1613 2892 1645 2915 et
1661 2889 1711 2922 93;
1727 2888 1866 2915 tertium

239 2932 380 2965 denique
398 2933 429 2958 in
444 2934 561 2960 eodem
576 2933 655 2960 Cod.
678 2935 734 2961 sol.
751 2936 784 2961 44
799 2935 862 2966 v.‘';
878 2936 936 2962 sed
951 2941 1159 2969 postremum
1182 2936 1244 2962 hoc
1269 2936 1502 2969 imperfectum
1526 2940 1588 2969 est,
1611 2936 1689 2969 quia
1714 2935 1864 2962 excisum

239 2979 455 3012 ablatumque
472 2979 533 3006 suit
550 2980 664 3007 solium
680 2982 767 3015 quod
783 2982 861 3009 olim
877 2986 950 3009 crat
968 2982 1056 3009 inter
1070 2982 1104 3008 au
1120 2987 1153 3009 et
1168 2983 1213 3010 As).
