1987 3260
829 183 908 219 Ax.
941 183 1025 219 1551
1666 183 1735 220 433

116 286 208 330 rat,
232 291 289 319 ex
311 291 400 330 qua
423 279 539 318 duos
560 279 677 318 filios
702 283 992 330 susceperat,
1022 289 1128 317 cum
1156 278 1332 317 nullum
1353 277 1410 317 ab
1433 289 1577 317 uxore
1598 278 1732 318 habe-

116 350 211 390 ret?
232 349 435 400 Uterque
457 356 612 388 tamen
635 360 739 388 cum
760 349 839 388 uni
859 360 917 388 ex
936 348 1146 399 patribus
1162 348 1335 387 nostris
1363 347 1602 388 confessus
1626 347 1733 388 suis-

116 426 200 471 set,
225 420 287 459 ita
310 426 547 471 permotus
569 426 651 467 est,
676 425 724 459 ut
747 419 820 458 ille
842 418 1026 470 quidem
1047 418 1311 469 promiserit
1328 428 1376 457 se
1395 418 1736 469 quamprimum

115 491 301 531 domum
332 490 560 539 venisset,
594 501 732 540 quam
764 496 902 529 antea
932 489 1244 528 concubinam
1274 488 1522 538 habuerat,
1556 501 1658 528 eam
1688 490 1734 529 in

114 572 310 602 uxorem
332 560 600 610 ducturum;
625 567 667 600 et
689 561 779 610 hic,
803 571 948 599 uxore
969 570 1053 599 sua
1076 565 1335 608 contentus,
1359 570 1449 610 qua
1472 570 1575 598 cum
1595 559 1733 599 hone—

113 638 182 672 ste
203 631 340 681 vivit,
364 631 574 682 pellicem
597 631 722 670 illam
744 642 771 670 a
792 641 841 671 se
860 631 1175 681 expulsurum.

193 701 413 742 Nonnulli
433 707 676 752 praeterea
699 702 777 753 qui
798 712 825 740 a
847 706 1058 752 quatuor,
1083 713 1167 741 sex
1188 707 1232 741 et
1252 713 1423 742 novem
1440 702 1581 742 etiam
1601 703 1736 742 annis

115 772 313 813 confessi
334 784 427 812 non
449 771 653 822 fuerant,
677 783 800 811 nunc
822 771 946 811 facta
968 771 1090 823 apud
1114 770 1278 812 Patres
1306 779 1495 812 nostros
1522 778 1733 824 peccato-

112 855 213 883 rum
234 855 423 883 suorum
445 842 756 893 confessione,
780 843 926 883 vitam
949 842 1065 882 adeo
1087 849 1453 893 commutarunt,
1478 849 1526 883 ut
1554 855 1581 883 a
1601 843 1736 883 nodis

114 914 296 965 penitus
318 926 367 953 se
389 914 694 964 absolverint,
728 912 894 964 quibus
923 913 1172 964 plurimum
1202 914 1576 965 implicabantur,
1609 920 1652 954 et
1677 914 1736 953 ab

111 985 386 1031 inimicitiis,
424 997 539 1036 quas
571 984 787 1024 maximis
822 984 939 1024 odiis
973 985 1279 1035 exercebant,
1311 985 1498 1024 omnino
1533 996 1733 1025 recesse-

114 1056 227 1095 rint:
252 1056 370 1095 intcr
392 1067 508 1106 quos
530 1055 620 1094 duo
642 1055 705 1094 illi
733 1055 935 1094 maxime
962 1055 1154 1094 notandi
1184 1061 1311 1105 sunt,
1342 1056 1420 1106 qui
1446 1067 1590 1106 usque
1621 1056 1737 1095 adeo

114 1126 201 1165 sibi
231 1133 363 1166 erant
395 1125 567 1175 infesti,
592 1132 641 1165 ut
669 1126 786 1165 alter
816 1127 1012 1165 alterum
1041 1126 1306 1165 interimere
1335 1127 1596 1177 statuisset,
1630 1138 1734 1166 con-

114 1203 268 1236 tentus
290 1196 429 1235 etiam
450 1196 546 1235 vita
569 1196 767 1247 privari,
793 1196 901 1235 dum
923 1207 1058 1246 quem
1075 1196 1236 1236 oderat
1254 1208 1311 1236 ex
1328 1197 1415 1236 hac
1431 1197 1534 1237 luce
1552 1197 1735 1237 auferre

113 1274 285 1318 posset.
309 1267 468 1317 Itaque
491 1278 595 1306 cum
616 1267 703 1306 hoc
726 1274 918 1317 uterqu:
941 1267 996 1306 dc
1018 1268 1164 1306 altero
1196 1267 1446 1318 cogitaret,
1478 1274 1521 1307 et
1552 1268 1610 1308 ad
1637 1274 1735 1308 tan-

116 1344 213 1377 tum
242 1337 422 1377 facinus
450 1343 760 1388 opportunum
790 1344 972 1387 tempus
999 1344 1314 1388 exspectaret,
1347 1339 1393 1377 in
1423 1340 1638 1389 alterum,
1672 1339 1735 1378 ita

114 1408 213 1448 Deo
236 1414 425 1459 agente,
450 1407 527 1459 qui
547 1408 679 1447 novit
701 1408 975 1447 abscondita
999 1409 1167 1458 cordis,
1193 1408 1333 1459 aliqui
1355 1420 1411 1448 ex
1432 1410 1605 1449 nostris
1626 1410 1735 1449 inci-

112 1479 301 1529 derunt,
335 1490 439 1518 cum
464 1490 517 1518 eo
550 1479 816 1529 loquuntur;
848 1478 957 1529 quid
987 1479 1127 1518 lateat
1157 1479 1204 1518 in
1234 1486 1423 1530 pectore
1454 1479 1648 1530 indicat3
1672 1480 1735 1519 di-

113 1562 215 1589 cam
236 1550 455 1599 breviter,
485 1560 762 1600 persuasum
783 1554 851 1588 est
879 1549 920 1588 ei
945 1555 994 1589 ut
1023 1549 1171 1589 adiret
1199 1561 1335 1601 quem
1363 1550 1558 1601 perdere
1585 1551 1732 1602 cupie-

113 1621 206 1660 bat.
230 1621 298 1660 Ita
319 1620 494 1660 Christi
514 1619 832 1659 misericordia
857 1620 1091 1660 conciliati
1113 1620 1233 1660 inter
1254 1632 1322 1669 se,
1348 1632 1463 1672 quos
1495 1621 1739 1661 daemonis

116 1691 334 1742 iniquitas
376 1691 480 1730 odio
523 1691 806 1742 repleverat,
844 1690 1043 1730 confessi
1088 1697 1192 1731 sunt
1235 1698 1279 1731 et
1316 1692 1735 1741 communicarunt,

113 1762 228 1802 adeo
251 1762 436 1813 quidem
458 1762 691 1813 commoti,
714 1768 763 1801 ut
785 1761 925 1801 etiam
946 1762 991 1801 in
1012 1768 1222 1802 nostram
1242 1761 1522 1803 Societatem
1543 1764 1607 1813 (ut
1622 1776 1735 1815 prae

113 1845 161 1873 se
182 1833 412 1883 ferebant)
434 1839 628 1884 uterque
647 1839 809 1884 postea
831 1833 976 1883 recipi
998 1840 1201 1884 cuperet.
1227 1832 1330 1873 Non
1351 1835 1503 1885 placet
1531 1835 1736 1875 scribere

114 1916 254 1956 quam
273 1905 404 1944 multi
425 1904 517 1943 sint
538 1904 616 1954 qui
636 1904 963 1955 polliceantur,
999 1910 1205 1944 veterem
1232 1904 1466 1944 hominem
1496 1912 1734 1956 exuentes,

114 1987 289 2015 novum
324 1974 529 2014 induere.
566 1974 729 2014 Plures
765 1974 887 2014 enim
920 1980 1025 2014 sunt
1052 1975 1084 2014 ii
1111 1986 1250 2026 quam
1278 1982 1326 2015 ut
1360 1976 1525 2016 litteris
1558 1977 1737 2028 possint

113 2046 460 2097 comprehendi;
475 2045 689 2097 quamvis
705 2056 866 2085 omnes
878 2045 1001 2096 quod
1013 2045 1288 2096 promittunt
1300 2057 1392 2086 non
1405 2053 1735 2098 exsequantur,

114 2118 246 2157 multi
266 2122 422 2157 tamen
445 2116 502 2155 ad
524 2116 775 2155 Dominum
793 2120 1145 2166 convertuntur,
1164 2122 1212 2155 ut
1229 2117 1370 2156 etiam
1385 2118 1595 2157 nonnulli
1612 2118 1736 2158 dixe-

114 2189 204 2228 rint
233 2188 500 2228 Messanam
522 2199 579 2226 ex
607 2187 754 2226 altera
774 2192 906 2237 parte
934 2186 1273 2227 sanctificatam
1293 2187 1460 2238 fuisse,
1493 2189 1616 2240 quod
1644 2201 1738 2229 non

113 2260 177 2300 ita
205 2259 400 2309 intelligi
426 2259 533 2298 volo
555 2263 603 2297 ut
627 2257 672 2298 id
693 2258 880 2297 omnino
910 2269 1073 2297 verum
1104 2269 1206 2298 esse
1237 2259 1477 2310 credatur,
1510 2260 1591 2300 sed
1622 2261 1738 2301 haec

114 2315 407 2379 ideo-scribo,
432 2335 480 2369 ut
501 2328 618 2369 sciat
638 2328 687 2368 P.
712 2328 764 2368 T.
787 2329 957 2368 multos
979 2340 1082 2369 esse
1110 2329 1201 2381 qui,
1226 2330 1273 2369 in
1294 2329 1393 2369 dies
1421 2342 1447 2370 a
1469 2332 1592 2371 malo
1614 2343 1737 2371 rece-

115 2402 289 2451 dentes,
313 2412 477 2452 pacem
498 2399 670 2440 Christi
691 2399 927 2450 inquirant
949 2405 993 2439 et
1015 2411 1119 2440 eam
1139 2407 1497 2452 prosequantur,
1522 2408 1570 2442 ut
1587 2408 1631 2442 et
1652 2403 1739 2453 ipsi

116 2473 160 2512 in
181 2471 317 2512 domo
339 2472 417 2511 illa
439 2470 717 2520 inhabitent,
751 2470 797 2510 in
827 2482 918 2522 qua
945 2470 1111 2510 melior
1137 2475 1208 2511 est
1230 2471 1329 2511 dies
1350 2484 1445 2512 mm
1467 2478 1612 2524 super
1639 2474 1741 2513 mll-

114 2542 197 2593 lz'a,
218 2549 261 2583 et
282 2543 328 2582 in
350 2554 440 2593 qua
469 2541 615 2581 satius
645 2547 713 2580 est
741 2539 948 2592 abjectus
977 2553 1078 2581 esse
1108 2553 1247 2593 quam
1276 2542 1488 2583 habitare
1518 2544 1565 2584 in
1592 2545 1742 2585 taber—

117 2614 298 2654 naculis
317 2618 633 2665 peccatorum.

83 2674 86 2676 ¹
198 2683 288 2725 Sed
310 2696 445 2736 quem
467 2684 660 2723 istarum
682 2683 927 2723 mulierum
946 2683 1097 2734 pietas
1118 2690 1162 2724 et
1183 2684 1369 2725 devotio
1390 2697 1482 2726 non
1510 2687 1742 2727 aedificet?

115 2766 234 2805 quae
256 2755 319 2795 ita
341 2754 474 2795 verbi
493 2754 582 2794 Dei
603 2761 646 2794 et
669 2765 833 2795 sacrae
854 2755 1094 2795 concionis
1122 2755 1290 2796 avidae
1322 2763 1448 2807 sunt,
1486 2762 1534 2797 ut
1564 2764 1643 2797 aut
1665 2770 1740 2798 ve-

117 2836 251 2876 spere
273 2831 352 2866 aut
372 2825 525 2865 media
546 2831 684 2865 nocte
705 2825 902 2876 prandio
924 2826 1193 2866 necessaria
1218 2832 1406 2877 parent,
1438 2839 1530 2879 quo
1558 2828 1738 2868 maritis

118 2896 411 2937 satisfaciant
433 2903 476 2936 et
498 2897 626 2947 ipsae
649 2896 950 2937 concionibus
980 2898 1215 2947 intersint,
1245 2897 1410 2948 quibus
1440 2899 1740 2950 privarentur

116 2966 205 3006 nisi
232 2967 276 3007 id
304 2973 498 3017 agerent
528 2974 689 3018 noctu,
728 2967 850 3018 quod
880 2979 1037 3018 mane,
1071 2967 1180 3008 dum
1209 2969 1460 3009 conciones
1494 2969 1741 3020 habentur,

306 3043 352 3076 Τ.
378 3054 402 3077 ῐ.
1463 3045 1507 3080 28
