1987 3260
219 191 289 229 602
720 191 944 228 LlTTERAE
974 200 1331 232 QUADRIMESTRES

221 289 420 329 cationis
441 289 598 340 templi
618 288 768 328 Divae
789 286 965 327 Mariae
987 287 1042 326 de
1062 286 1191 326 Rosa
1212 287 1277 336 (ut
1298 286 1494 337 dicunt),
1518 299 1607 338 quo
1629 295 1674 328 et
1695 288 1742 327 in
1768 300 1837 328 sa—

221 359 407 399 crificiis
428 364 472 398 et
492 359 539 398 in
562 357 864 398 concionibus
886 368 942 396 ac
971 356 1338 397 confessionibus
1367 363 1411 397 et
1438 358 1839 398 communionibus

222 430 408 480 utimur,
427 429 683 469 accessisse
704 428 825 476 illuc,
850 439 1127 480 sacrumque
1148 428 1318 468 Missae
1339 428 1617 468 sacrificium
1637 429 1836 469 audisse.

300 499 464 540 Itidem
484 510 569 538 nec
591 499 647 538 de
668 498 969 538 concionibus
989 499 1161 538 nostris
1181 510 1443 538 sermonem
1469 498 1734 539 habendum
1763 499 1839 539 du-

223 571 392 620 xerim,
415 581 521 609 cum
542 569 597 608 de
617 569 690 608 his
711 569 827 608 alias
847 569 1194 620 scripserimus,
1219 580 1305 608 nec
1325 569 1563 621 quippiam
1592 569 1731 609 fuerit
1761 570 1839 609 im-

225 646 469 689 mutatum,
493 639 573 679 sed
594 639 682 679 hoc
704 637 991 690 adjunctum,
1016 646 1065 679 ut
1087 639 1227 679 etiam
1248 651 1275 679 a
1294 639 1492 690 prandio
1519 640 1684 690 puellis
1713 640 1823 680 solis

221 722 339 761 quae
359 710 405 749 in
426 721 481 750 eo
502 711 673 761 templo
695 709 846 749 Rosae
875 715 1041 760 agunt,
1073 721 1265 749 numero
1291 710 1612 761 septuaginta,
1644 710 1846 752 habeam

221 781 493 820 concionem
514 792 655 820 unam
675 780 855 820 festivis
876 780 1051 830 diebus,
1076 780 1198 831 quod
1217 780 1451 831 publicam
1472 780 1749 820 matutinam
1767 792 1841 820 ne-

220 858 405 902 queant,
428 852 485 891 ob
505 851 595 891 loci
620 852 877 902 angustias,
897 852 1153 903 percipere.

298 923 400 975 Jam
418 921 515 973 jam
534 922 630 962 fere
651 922 877 973 omnium,
902 933 1007 962 cum
1027 922 1315 973 plebeiorum
1336 927 1381 961 et
1401 922 1713 973 privatorum,
1745 927 1845 961 tum

223 993 444 1032 nobilium
466 1004 521 1032 ac
547 993 926 1044 magistratuum,
956 992 1167 1033 favorem
1198 992 1663 1044 benevolentiamque
1693 993 1842 1032 conci-

221 1065 403 1103 liamus.
425 1063 595 1103 Mirum
615 1064 662 1103 in
691 1063 881 1104 modum
908 1064 1213 1114 oblectantur,
1247 1075 1351 1103 cum
1378 1063 1497 1104 forte
1527 1063 1754 1103 accedunt
1786 1063 1845 1103 ad

223 1135 481 1186 Collegium
509 1141 739 1185 nostrum,
772 1141 954 1175 tantum
984 1134 1194 1175 ordinem
1215 1135 1446 1174 intuentes
1477 1135 1686 1186 adeoque
1713 1134 1843 1174 sedu-

221 1207 315 1246 lam
335 1217 496 1246 curam
516 1211 747 1256 gerentes.

301 1276 530 1317 Dominus
562 1277 831 1318 Alexander
862 1277 894 1328 ¹,
924 1279 997 1318 vir
1030 1278 1221 1318 illustris
1243 1283 1286 1317 et
1314 1288 1555 1328 syncerus,
1585 1282 1747 1316 sancte
1777 1283 1845 1316 est

223 1347 455 1398 pollicitus
482 1347 699 1388 daturum
726 1360 936 1399 operam,
967 1361 1057 1400 quo
1088 1359 1174 1388 nos
1201 1347 1386 1387 dilatari
1416 1358 1661 1398 queamus,
1692 1346 1845 1386 vicina

225 1430 391 1470 nempe
412 1424 601 1459 nostrae
623 1419 842 1470 adjuncta
863 1419 1013 1459 domo.

303 1489 392 1529 Sed
413 1495 599 1529 caetera
621 1490 819 1540 leviora,
845 1502 962 1541 quae
983 1491 1128 1530 multa
1149 1497 1270 1539 sunt,
1293 1489 1677 1540 praetermittam,
1702 1489 1846 1528 maxi-

224 1572 296 1600 me
324 1572 430 1600 cum
459 1571 554 1600 non
579 1560 817 1611 patiantur
844 1561 1031 1611 negotia
1060 1572 1163 1600 mea
1190 1560 1362 1600 diutius
1392 1559 1479 1598 hac
1507 1560 1553 1598 in
1586 1571 1636 1599 re
1669 1570 1845 1598 moram

223 1631 393 1670 facere.
648 1622 650 1624 ’

304 1702 400 1742 Nos
422 1714 583 1742 omnes
605 1714 696 1742 uno
720 1714 798 1742 ore
820 1711 864 1742 te
887 1709 929 1742 et
952 1714 1140 1742 oramus
1161 1710 1205 1742 et
1226 1703 1540 1750 obsecramus,
1565 1712 1746 1751 semper
1774 1712 1849 1740 ve-

226 1773 433 1812 nerande
454 1773 607 1823 Pater,
631 1778 679 1812 ut
702 1785 755 1812 eo
777 1773 951 1812 amoris
973 1773 1218 1823 complexu
1243 1784 1329 1812 nos
1358 1778 1582 1823 perpetuo
1614 1771 1776 1810 foveas
1807 1777 1851 1810 et

228 1843 546 1894 amplectaris,
570 1855 661 1894 quo
691 1843 937 1893 hactenus,
968 1855 1025 1882 ne
1053 1855 1257 1894 unquam
1279 1843 1426 1883 nostri
1455 1841 1639 1882 excidat
1660 1841 1783 1892 apud
1805 1847 1851 1880 te

226 1914 466 1953 memoria.
490 1913 654 1953 Gratia
676 1913 763 1953 Dei
783 1914 950 1958 nostri,
975 1920 1019 1953 et
1041 1913 1215 1953 Christi
1235 1914 1365 1966 Jesu,
1391 1913 1663 1962 salvatoris,
1687 1917 1730 1951 et
1754 1910 1849 1962 Spi-

226 1984 341 2023 ritus
369 1983 549 2033 Sancti,
580 1984 796 2034 rectoris,
830 1984 887 2023 sit
922 1995 1104 2034 semper
1140 1984 1182 2022 in
1220 1984 1478 2023 visceribus
1511 1983 1694 2022 animae
1728 1988 1849 2031 tuae,

227 2054 364 2094 Pater
386 2055 692 2094 observande.

305 2125 575 2175 Feri-ariae,
598 2127 623 2165 9
643 2125 740 2166 Cal.
763 2126 886 2178 Junii
912 2125 1024 2165 1552.

306 2195 403 2235 Τέω
423 2195 545 2235 Ε-ἀειε
565 2195 649 2236 Pjs

310 2267 532 2317 Indignus
552 2266 671 2306 filius
694 2267 737 2306 in
761 2266 948 2307 Christo
971 2267 1170 2306 Domino
1193 2274 1369 2317 nostro,

1077 2422 1282 2474 JOANNEs
1312 2422 1649 2460 PELLETARIUS.

290 2562 297 2580 ¹
339 2560 535 2588 Alexander
552 2561 695 2588 Fieschi.
