1987 3260
299 207 370 244 512
811 206 1035 243 LITTERAE
1062 216 1416 248 QUADRIMESTRES

297 303 374 353 qui
387 302 473 341 hoc
490 302 748 341 institutum
763 302 954 341 coelitus
966 301 1213 341 Ferrariae
1226 302 1491 354 demissum,
1507 309 1757 356 antequam
1771 305 1826 344 de
1840 316 1925 344 sua

293 372 535 423 juventute
557 378 711 412 actum
738 378 880 421 esset,
906 372 1118 412 dictitant
1139 379 1183 412 et
1209 373 1327 412 inter
1353 379 1487 424 gesta
1506 375 1751 425 praeclara
1782 374 1926 414 Ducis

297 444 383 482 hoc
402 444 471 482 vel
492 443 537 482 in
555 443 714 494 primis
733 454 834 482 esse
852 443 1189 483 collocandum.
1208 443 1330 483 Reor
1348 450 1391 483 et
1407 444 1495 495 ipsi
1512 444 1633 484 Duci
1647 456 1742 484 non
1757 457 1923 496 parum

292 513 567 564 jucundum,
591 525 697 553 nam
719 513 904 564 saepius
925 513 1063 553 aedes
1083 519 1269 554 nostras
1289 514 1596 565 praeteriens,
1621 514 1730 555 dum
1758 527 1925 567 nempe

298 596 402 623 cum
423 585 585 635 paucis
607 584 748 623 animi
769 596 910 624 causa
931 585 1099 624 lustrat
1120 585 1299 635 urbem,
1325 596 1443 636 equo
1465 585 1524 625 ad
1544 597 1727 625 murum
1748 587 1824 625 vel
1844 598 1924 637 po-

296 655 387 694 tius
404 655 628 706 parietem
646 654 858 705 deducto,
879 660 1017 706 caput
1033 655 1313 705 transennis,
1334 667 1452 706 quae
1469 656 1515 695 in
1535 656 1686 696 vicum
1702 662 1919 707 vergunt,

295 726 516 765 admovet
539 731 582 764 et
604 731 682 764 aut
703 731 1054 776 praeceptorem
1084 726 1336 776 legentem,
1370 726 1408 765 is
1436 732 1504 766 est
1531 726 1750 766 Andreas
1776 727 1922 767 Bono-

294 796 481 846 niensis,
502 801 580 835 aut
600 807 795 846 puerum
815 796 1062 847 quemdam
1083 802 1308 847 orantem,
1328 803 1406 836 aut
1428 802 1586 837 mutuo
1608 797 1923 849 disceptantes

297 878 457 906 omnes
480 866 681 905 intuetur
704 873 746 906 et
769 866 908 906 audit.
933 866 1070 906 Faxit
1092 867 1454 918 benignissimus
1473 868 1629 920 Jesus,
1660 867 1765 919 Opt.
1796 867 1921 907 Max.

295 937 440 986 Deus,
463 943 509 976 ut
527 937 715 976 tandem
736 937 845 988 quid
867 937 952 976 sibi
974 937 1161 988 suisque
1182 938 1481 978 emolumenti
1501 938 1611 991 Jesu
1633 937 1844 978 Societas
1865 938 1924 978 sit

295 1008 514 1057 allatura,
540 1007 578 1047 si
600 1019 703 1047 eam
722 1008 768 1047 in
790 1020 842 1048 eo
863 1008 1013 1059 pretio
1036 1008 1227 1059 habeat,
1252 1019 1341 1059 quo
1363 1008 1517 1058 debet,
1551 1009 1801 1060 intelligat!
1835 1009 1923 1049 Hic

292 1084 388 1117 tam
411 1079 554 1117 multa
576 1078 868 1118 scholasticis
889 1078 944 1118 de
972 1079 1109 1118 rebus
1136 1079 1291 1129 retuli,
1328 1079 1377 1119 P.
1408 1085 1527 1130 opt.,
1558 1091 1649 1131 quo
1678 1080 1807 1119 noris
1838 1091 1923 1131 pro

293 1148 480 1187 modulo
503 1160 586 1188 suo
608 1149 680 1188 sui
701 1160 928 1200 quemque
951 1148 1086 1189 officii
1107 1150 1337 1189 rationem
1358 1149 1544 1189 habere.

371 1219 431 1259 Ut
459 1226 612 1259 autem
640 1220 699 1259 ad
733 1220 993 1271 spiritualia
1023 1220 1229 1269 veniam,
1261 1220 1426 1259 unicus
1453 1220 1549 1260 fere
1582 1226 1650 1260 est
1677 1220 1730 1261 R.
1761 1221 1809 1261 P.
1838 1220 1920 1260 Pa-

292 1290 526 1340 schasius,
550 1290 627 1341 qui
649 1291 796 1330 sacris
818 1292 954 1341 plane
978 1291 1193 1341 operibus
1221 1297 1359 1331 vacat
1387 1291 1567 1342 illisque
1599 1297 1667 1331 est
1694 1291 1921 1332 deditissi-

291 1371 413 1410 mUS,
439 1372 557 1412 quae
579 1373 670 1401 non
693 1361 860 1401 minori
882 1362 1141 1412 sagacitate
1164 1368 1207 1401 et
1238 1362 1466 1401 industria
1494 1374 1632 1413 quam
1660 1362 1846 1402 fervore
1877 1369 1921 1403 et

292 1431 444 1470 studio
468 1437 654 1471 tractat.
684 1432 898 1482 Quotidie
925 1432 1157 1471 nonnullis
1186 1433 1409 1471 exercitia
1431 1432 1691 1483 spiritualia
1720 1433 1922 1484 imperti-

292 1508 381 1551 tur,
421 1507 464 1541 et
495 1501 613 1541 inter
649 1502 763 1541 alios
791 1502 1067 1553 quibusdam
1086 1502 1133 1541 in
1160 1502 1400 1541 altioribus
1431 1502 1671 1553 dignitatis
1699 1503 1922 1553 gradibus

290 1572 553 1611 constitutis
575 1572 688 1611 viris
711 1578 849 1623 atque
876 1572 1114 1622 matronis,
1146 1578 1189 1612 et
1210 1572 1394 1623 quidem
1416 1585 1508 1612 non
1529 1572 1705 1623 paucis.
1731 1573 1922 1614 Interim

290 1643 459 1693 quippe
482 1643 642 1683 decem
662 1649 706 1683 et
726 1643 941 1683 undecim
963 1643 1125 1683 eodem
1148 1644 1219 1683 die
1241 1645 1356 1683 solet
1378 1656 1433 1683 ea
1455 1644 1680 1684 conferre.
1705 1644 1802 1684 Nec
1831 1645 1921 1685 illis

290 1714 524 1764 denegare
545 1713 680 1754 facile
709 1721 845 1754 esset.
880 1714 1000 1754 Dum
1030 1714 1152 1754 enim
1178 1714 1498 1765 praesentiunt
1526 1726 1643 1766 quae
1671 1716 1920 1755 commoda

290 1785 381 1823 sint
403 1784 657 1824 familiares
679 1785 748 1824 sui
770 1785 1057 1835 consequuti,
1081 1785 1320 1835 quiescere
1342 1797 1461 1836 eum,
1487 1785 1636 1826 donec
1662 1786 1917 1835 exorarint,

289 1867 381 1894 non
404 1856 573 1895 sinunt.

369 1926 745 1966 Commemoratu
775 1926 967 1977 dignum
994 1927 1178 1966 videtur
1208 1926 1331 1978 quod
1364 1926 1652 1966 nobilissima
1687 1927 1917 1978 quaedam

288 1997 453 2047 vidua,
484 1997 541 2036 ab
570 1997 660 2036 alia
688 2008 800 2036 suae
831 1997 1109 2036 conditionis
1135 1997 1450 2048 praemonita,
1484 2009 1539 2037 ea
1570 2003 1638 2037 est
1668 1996 1917 2039 Societatis

285 2068 458 2107 fautrix
486 2068 690 2107 maxima
721 2067 746 2116 ยน,
776 2067 962 2107 Patrem
990 2068 1049 2107 ad
1078 2079 1125 2107 se
1153 2079 1415 2118 accersens,
1440 2068 1664 2108 exercitia
1686 2075 1783 2108 tum
1805 2069 1908 2117 sibi,

284 2144 381 2177 tum
416 2150 584 2177 novem
608 2137 898 2189 pedissequis
920 2138 1272 2187 communicari,
1303 2137 1503 2177 fructum
1525 2150 1582 2178 ex
1605 2139 1670 2178 eis
1701 2151 1792 2179 non
1823 2152 1914 2180 me-

283 2208 491 2247 diocrem
514 2215 907 2259 consequuturam
930 2208 1180 2256 confidens,
1206 2208 1455 2258 deprecata
1478 2215 1561 2248 est.
1586 2208 1677 2249 Sua
1700 2220 1780 2261 spe
1810 2222 1913 2250 eam

283 2277 493 2317 delusam
513 2279 637 2318 nullo
659 2279 796 2318 modo
819 2290 920 2318 esse
949 2285 1144 2318 eventus
1173 2278 1514 2318 demonstravit
1541 2280 1669 2319 satis.
1699 2279 1819 2320 Nam
1847 2281 1912 2321 ita

282 2348 328 2387 in
351 2349 623 2398 religionem
653 2349 842 2399 exarsit,
867 2355 915 2388 ut
937 2349 1181 2388 mulierum
1203 2349 1538 2389 monasterium
1565 2350 1838 2401 erigendum
1866 2358 1911 2392 et

281 2419 376 2458 suis
397 2419 716 2470 facultatibus,
742 2432 860 2471 quae
882 2421 1054 2459 multae
1075 2424 1196 2470 sunt,
1221 2420 1462 2459 ditandum
1483 2419 1763 2472 decreverit,
1788 2422 1910 2473 quod

280 2496 328 2528 ut
350 2490 612 2529 executioni
634 2491 898 2539 mandaret,
923 2502 1099 2540 paucos
1121 2495 1224 2540 post
1246 2490 1344 2529 dies
1365 2490 1424 2530 ad
1451 2491 1671 2541 patriam,
1696 2492 1910 2543 portione

281 2560 582 2610 supellectilis
603 2572 713 2600 suae
735 2561 867 2600 nobis
890 2561 1010 2600 dono
1033 2560 1218 2610 donata,
1244 2551 1480 2610 migravit.

359 2630 688 2670 Confessiones
711 2630 968 2670 audiendae
984 2642 1236 2681 numquam
1254 2631 1433 2681 desunt,
1452 2631 1686 2682 privatim,
1707 2634 1905 2684 publice,

278 2700 324 2738 in
342 2700 657 2752 xenodochiis,
681 2712 797 2751 quae
814 2700 1051 2750 praefatus
1069 2701 1206 2740 Pater
1224 2701 1495 2751 saepissime
1515 2702 1681 2742 lustrat
1697 2715 1790 2743 non
1807 2704 1907 2743 sine

279 2771 483 2810 maximo
504 2771 806 2821 plurimorum
826 2771 1060 2821 profectu3
1085 2771 1326 2822 siquidem,
1350 2777 1399 2810 ut
1420 2772 1553 2811 nobis
1575 2772 1748 2813 referre
1770 2775 1903 2824 solet,

278 2852 531 2891 numquam
551 2841 642 2880 illic
659 2840 823 2881 desunt
845 2842 922 2891 qui
944 2841 1231 2892 impatientia
1251 2841 1496 2881 immodice
1513 2842 1739 2894 laborent,
1760 2844 1902 2883 immo

333 2999 341 3017 ยน
385 2999 492 3026 Maria
508 2999 660 3026 Frasona
676 2999 990 3033 dclJe50,dictalc1
1006 2999 1163 3026 Fattora.
