1987 3260
839 182 923 219 AN.
954 181 1041 219 1551
1685 179 1755 219 337

130 292 422 327 mansurum,
460 280 497 319 si
531 278 794 330 hujusmodi
820 279 1047 329 rationes,
1076 289 1195 330 quae
1222 282 1332 317 tunc
1358 278 1752 328 proponebantur,

130 351 292 392 audire
320 350 606 401 contigisset.
639 349 869 401 Dignetur
896 350 975 389 lux
1003 355 1164 389 eterna
1191 348 1233 388 ei
1260 347 1530 387 illucescere
1558 354 1606 387 ut
1632 354 1753 388 tene-

130 423 238 463 bras
260 433 421 462 eorum
441 432 635 473 prorsus
657 420 884 460 excutiat!

210 492 343 544 Quod
370 491 429 532 ad
457 492 610 531 studia
638 498 798 531 nostra
820 491 998 541 attinet,
1022 501 1117 530 tam
1137 500 1310 541 graeca
1331 501 1470 540 quam
1491 489 1651 537 latina,
1674 501 1755 540 per

130 563 218 604 Dei
237 563 440 615 gratiam
458 575 551 602 non
572 563 697 602 aliud
718 573 857 614 quam
877 562 993 602 bene
1014 572 1069 601 ea
1090 560 1343 612 procedere
1365 559 1456 599 dici
1476 565 1645 611 potest.

209 634 434 675 Valemus
460 640 505 673 et
533 645 742 684 corpore.
773 633 962 673 Utinam
988 638 1033 672 et
1068 638 1220 671 mente
1245 642 1327 683 per
1354 630 1464 683 Jesu
1492 629 1568 670 X.i
1594 631 1756 670 salutis

130 713 317 746 nostrae
338 705 541 755 gratiam
563 716 655 744 non
677 705 829 743 minus
849 704 1104 743 valeamus.
1129 702 1292 742 Amen.

210 776 439 826 venetiis,
463 775 514 814 2:⁴3
537 775 646 815 maii
673 774 785 813 1551.

1115 916 1304 956 CAESAR
1334 914 1544 955 HELMUS.

794 1267 1099 1322 LXXXIX

202 1497 250 1534 P.
270 1496 486 1535 Silvester
504 1496 730 1534 Landinus

251 1562 373 1599 Patri
390 1562 560 1609 Ignatio
580 1562 632 1598 de
652 1561 836 1608 Loyola.

299 1627 477 1672 Mutina,
500 1626 545 1663 29
563 1626 668 1671 Maii
689 1627 775 1663 1551
798 1627 822 1663 ¹.

346 1692 580 1739 (Excerpta
599 1702 654 1729 ex
671 1692 844 1737 litteris)

555 1834 607 1861 Ex
622 1834 699 1861 aliis
715 1834 864 1867 ejusdem
879 1834 1003 1861 litteris
1017 1833 1081 1860 2⁴).st
1095 1831 1173 1868 Majl
1190 1834 1336 1868 scriptis.

212 1968 313 2008 Hac
335 1967 626 2007 hebdomada
647 1967 694 2006 in
713 1967 982 2007 visitatione
1003 1966 1137 2017 hujus
1158 1967 1384 2007 dioecesis
1404 1973 1622 2007 versatus
1644 1979 1761 2009 sum.

132 2039 334 2079 Fructus
367 2038 624 2089 spiritualis
651 2038 813 2077 similis
843 2037 929 2077 fuit
958 2049 1063 2077 cum
1090 2038 1264 2088 scripto
1295 2036 1380 2077 165Ἱ
1411 2037 1547 2088 hujus
1573 2040 1762 2078 mensis.

134 2109 466 2150 Ordinavimus
486 2115 536 2148 ut
556 2108 752 2159 singulis
774 2109 821 2148 in
840 2108 955 2148 locis
975 2108 1295 2148 institueretur
1316 2108 1516 2148 societas
1543 2108 1766 2159 Corporis

133 2180 335 2231 Domini,
354 2186 404 2220 ut
420 2179 511 2219 duo
527 2179 617 2219 viri
631 2179 740 2219 boni
757 2178 815 2218 ad
832 2178 1092 2219 discordias
1109 2179 1471 2230 componendas,
1491 2179 1684 2219 totidem
1705 2180 1765 2220 ad

133 2251 489 2292 subventionem
508 2262 782 2302 pauperum,
800 2249 1178 2301 praeficerentur.
1204 2249 1535 2290 Ordinavimus
1555 2250 1696 2290 etiam
1717 2258 1766 2290 ut

131 2322 179 2362 in
216 2323 413 2373 singulis
452 2321 686 2372 ecclesiis,
723 2321 1000 2361 habentibus
1034 2332 1196 2360 curam
1230 2321 1513 2372 animarum,
1552 2321 1765 2362 doctrina

132 2392 387 2433 christiana
409 2398 653 2432 enarretur
673 2391 1005 2442 pomeridianis
1026 2392 1152 2431 horis
1169 2397 1213 2431 et
1229 2391 1275 2431 id
1291 2391 1452 2432 diebus
1469 2392 1600 2432 festis
1622 2394 1764 2432 omni-

132 2463 231 2503 bus.
254 2463 505 2503 Praeterea
535 2462 848 2514 disposuimus
875 2462 990 2502 duos
1020 2463 1239 2513 populos,
1266 2463 1486 2502 nimirum
1513 2462 1765 2503 Castellum

132 2546 305 2574 novum
335 2541 379 2574 et
405 2534 658 2584 Foianum,
693 2533 752 2574 ad
778 2545 943 2585 pacem
972 2533 1258 2584 faciendam,
1291 2533 1414 2584 quod
1447 2539 1675 2574 tentatum
1707 2535 1764 2574 ab

132 2605 362 2657 Episcopo
397 2612 442 2646 et
477 2605 811 2656 temporalibus
844 2604 1042 2644 dominis
1067 2604 1243 2644 frustra
1269 2604 1435 2645 fuerat.
1467 2604 1597 2645 Duos
1625 2605 1764 2645 etiam

135 2677 269 2728 alios,
294 2678 492 2717 alterum
513 2677 568 2716 de
589 2675 761 2717 Sancto
783 2675 961 2716 Alvaso
975 2708 983 2727 ,
1007 2676 1205 2716 alterum
1232 2675 1504 2727 Delvisano,
1537 2677 1614 2728 qui
1644 2677 1765 2717 inter

134 2760 182 2787 se
203 2748 428 2788 hactenus
450 2747 744 2787 reconciliari
763 2758 1003 2798 nunquam
1023 2753 1286 2798 potuerunt.
1320 2747 1371 2786 In
1397 2748 1485 2787 hac
1514 2759 1629 2787 vero
1657 2748 1764 2787 visi-

135 2818 322 2868 tatione,
349 2818 471 2858 Rdae
492 2818 544 2858 T.
568 2818 617 2858 P.
642 2818 878 2858 orationes
896 2824 939 2858 et
956 2818 1098 2858 totius
1115 2816 1362 2857 Societatis
1379 2818 1764 2869 impetraverunt,

190 2977 198 2996 ¹
242 2977 489 3011 Apographum
504 2978 537 3004 in
552 2977 606 3004 sol.
622 2977 656 3003 49
671 2976 802 3004 Codicis
819 2977 897 3003 1551.

324 3036 371 3069 T.
398 3047 424 3069 1.
1487 3049 1529 3072 22
