1987 3260
874 179 957 217 AN.
988 179 1081 218 1548
1725 179 1792 216 101

171 277 293 317 fosse
326 277 544 329 possibile
566 277 651 317 che
680 276 959 316 Baldassare
980 281 1127 316 stesse
1155 275 1324 326 buono,
1362 275 1404 315 ci
1424 281 1719 316 mettesscmo
1747 277 1795 316 in

169 347 360 399 viaggio
381 353 425 388 et
453 359 546 388 non
576 353 800 388 stessemo
828 360 855 388 a
881 347 1112 388 dimorare
1149 347 1195 386 in
1223 346 1544 398 predicationi.
1574 347 1610 386 11
1644 347 1795 388 Padre

171 418 359 470 Laynez
375 430 424 458 se
443 418 612 469 partite
634 419 677 458 13
699 417 941 458 domenica
968 418 1015 457 in
1041 417 1181 467 albiS,
1205 423 1249 456 et
1277 429 1358 468 per
1380 427 1464 457 sua
1492 417 1634 467 guida
1658 428 1794 467 prese

171 489 201 528 il
222 489 458 540 procacio.
482 488 542 528 M.
566 488 721 528 Pietro
737 488 917 529 Santini
939 488 968 528 il
987 487 1143 527 lunedi
1165 486 1287 539 dopo
1307 488 1335 526 1’
1361 492 1523 527 ottava
1545 486 1591 526 di
1612 486 1797 528 Pascha

172 559 337 599 andete
367 570 506 599 verso
538 558 715 599 Lucha.
753 559 841 599 Noi
874 560 919 598 al
950 564 1167 610 presente
1200 569 1327 597 semo
1362 558 1436 597 nel
1462 558 1716 597 monistero
1749 559 1796 598 di

170 628 215 671 S.
234 629 442 679 Felicita,
466 630 638 681 perche
659 635 820 681 questa
843 628 1113 668 veneranda
1136 626 1413 668 Abbadessa
1434 640 1529 668 non
1550 629 1687 668 vuole
1708 629 1794 668 che

170 700 216 740 in
237 701 355 740 altro
376 701 545 740 luocho
568 701 785 741 andiamo
807 700 1032 750 allogiare
1048 710 1130 751 per
1154 699 1288 738 insin'
1314 699 1406 738 alla
1426 704 1588 739 nostra
1604 699 1793 750 partita;

171 783 195 810 e
216 771 276 810 ha
298 772 457 811 voluto
479 782 583 811 essa
612 771 682 811 far
709 772 750 810 16
778 781 936 821 spesse
964 781 1047 821 per
1074 769 1327 810 Baldassar
1357 769 1413 809 de
1446 781 1528 810 sue
1548 769 1791 821 medicine,

169 842 378 881 anchora
396 843 481 882 che
498 842 557 881 M.
577 841 811 882 Giovanni
829 853 917 882 con
932 841 1062 881 molti
1083 840 1189 880 altri
1208 841 1359 880 nostri
1378 841 1516 880 amici
1536 840 1796 881 haveriano

168 913 268 952 loro
304 914 466 952 voluto
502 913 600 952 sare
637 913 667 951 il
700 918 830 959 tutto;
866 918 910 952 et
938 917 1103 963 questa
1134 912 1275 951 molto
1304 912 1343 951 si
1369 911 1686 951 raccomanda
1707 911 1795 951 3116

171 984 372 1024 orationi
392 984 437 1024 di
457 983 516 1023 V.
540 983 612 1033 R„
643 983 932 1035 pregandola
954 983 1040 1023 che
1061 983 1126 1034 gli
1156 983 1315 1033 voglia
1340 994 1368 1022 a
1393 982 1536 1034 tempi
1556 982 1673 1022 delle
1694 994 1793 1033 pre-

170 1054 391 1094 dicationi
412 1054 641 1094 mandarli
661 1066 843 1105 sempre
865 1055 1032 1094 alcuno
1055 1054 1175 1093 della
1200 1052 1510 1104 Compagnia,
1535 1054 1670 1105 quale
1695 1065 1795 1104 pre-

171 1125 305 1165 diche
327 1126 448 1165 nella
471 1137 555 1165 sua
577 1125 749 1165 chiesa.

250 1197 287 1236 E
320 1196 379 1236 M.
411 1196 739 1236 Bartholomeo
770 1196 826 1236 de
861 1196 1033 1236 Venuti
1067 1197 1126 1236 da
1160 1196 1366 1237 Cortona
1394 1196 1539 1236 molto
1571 1196 1608 1235 si
1635 1207 1794 1235 racco-

170 1268 341 1307 manda
363 1279 390 1306 a
414 1267 472 1307 V.
496 1266 551 1306 R.
576 1267 865 1318 pregandola
888 1268 972 1307 che
995 1268 1147 1319 quella
1168 1268 1206 1307 si
1227 1267 1399 1307 ricordi
1420 1267 1466 1307 di
1489 1266 1713 1307 mandare
1734 1268 1794 1306 31-

170 1348 289 1377 cuno
313 1336 432 1376 della
455 1336 747 1389 Compagnia
770 1338 861 1378 alla
882 1350 967 1378 sua
991 1338 1102 1378 citta
1123 1338 1169 1378 di
1190 1338 1412 1378 Cortona.

245 1407 382 1448 Altro
403 1419 497 1448 non
512 1408 713 1448 havemo
735 1408 821 1448 che
838 1409 1017 1449 scriver
1035 1420 1062 1448 a
1078 1409 1137 1449 V.
1156 1408 1228 1459 R.‚
1248 1420 1395 1448 senon
1409 1408 1797 1448 raccomandarci

166 1479 307 1519 molto
336 1480 424 1519 alle
452 1490 534 1519 sue
563 1479 762 1520 orationi
789 1486 834 1520 et
859 1492 886 1520 a
912 1481 1061 1531 quelle
1083 1480 1128 1520 di
1157 1480 1264 1520 tutti
1294 1479 1339 1520 di
1361 1491 1496 1531 casa,
1520 1479 1796 1519 avisandola

166 1550 253 1590 che
275 1562 405 1590 corne
435 1550 466 1590 il
492 1555 654 1590 nostro
676 1550 857 1590 medico
884 1551 925 1590 ci
948 1551 1062 1590 dara
1090 1550 1278 1590 licentia
1299 1550 1345 1590 di
1366 1550 1547 1601 venire,
1579 1550 1731 1591 subito
1753 1550 1796 1590 61

168 1627 439 1661 metteremo
461 1621 507 1661 in
528 1621 621 1662 via.

243 1692 304 1732 Di
324 1691 383 1732 V.
406 1691 459 1732 R.
485 1693 609 1732 servi
633 1693 679 1732 in
702 1692 842 1733 Chro.
866 1693 977 1746 Jesu
1000 1693 1206 1743 indegni,

885 1835 1168 1874 BALDASSAR
1189 1847 1247 1874 ET
1267 1834 1528 1874 HIERONIMO
1554 1833 1580 1872 ¹.

242 2044 292 2085 In
314 2045 507 2085 Firenze
531 2058 557 2085 a
579 2046 625 2086 di
650 2046 697 2085 13
718 2045 773 2086 de
790 2045 954 2097 Aprile
981 2046 1096 2086 1548.

243 2117 610 2168 Superscmptz'o.
633 2117 692 2157 Al
712 2116 765 2157 R.
790 2116 851 2156 M.
876 2116 1111 2157 Giovanni
1132 2117 1337 2157 Polanco
1359 2116 1480 2157 della
1502 2116 1795 2169 Compagnia

163 2186 209 2227 di
231 2187 388 2238 Giesu,
422 2187 571 2227 Padre
601 2199 684 2228 suo
716 2188 762 2227 in
783 2187 922 2228 Chro.
962 2187 1252 2239 honorando,
1291 2188 1337 2228 in
1368 2187 1537 2238 Roma,
1569 2199 1798 2239 appresso

163 2256 234 2298 S.⁰
254 2257 413 2298 Marco
434 2270 460 2298 a
481 2257 525 2298 S.
550 2257 700 2298 Maria
721 2258 841 2298 della
861 2257 1045 2298 Strada.

243 2329 305 2368 Et
326 2329 422 2368 alia
443 2340 605 2368 manu:
626 2329 751 2369 Nihil
770 2340 853 2379 pro
876 2329 1087 2368 historia.

222 2472 229 2491 ¹
269 2472 398 2500 Nomen
413 2471 617 2498 Baldassar
632 2471 674 2498 ab
689 2471 759 2504 ipso
775 2469 901 2497 Ottello
917 2470 1081 2504 scriptum
1097 2475 1159 2498 est.
