1987 3260
229 172 253 210 ὁ
863 170 935 208 AD
963 171 1201 208 LECTOREM

229 267 393 308 litteris
422 272 751 318 congererent,
784 277 899 317 quas
929 271 1094 316 quarto
1122 277 1302 317 quoque
1333 277 1512 317 mense,
1542 267 1737 318 scilicet,
1768 269 1841 321 Ja-

229 344 415 395 nuario,
444 343 569 395 Majo
598 349 641 384 et
671 342 951 394 Septembri,
981 341 1177 382 Romam
1208 342 1457 382 mitterent.
1485 342 1556 383 De
1582 344 1747 395 quibus
1773 345 1839 385 lit-

229 419 360 470 teris,
384 419 613 471 quomodo
637 417 949 458 conficiendae
972 424 1016 457 et
1037 418 1175 457 etiam
1197 418 1251 458 de
1275 417 1434 457 tutiori
1460 418 1736 470 certiorique
1765 420 1841 460 via

230 496 495 548 quaerenda
527 496 586 536 ad
615 507 693 536 eas
720 495 916 535 Romam
952 495 1352 545 transmittendas,
1384 495 1594 546 longam,
1630 508 1692 536 ex
1725 507 1840 537 com-

229 573 449 613 missione
476 572 662 623 Ignatii,
701 572 759 611 ad
795 582 955 611 omnes
989 570 1233 611 Societatis
1263 571 1428 610 domos
1457 571 1580 611 misit
1612 572 1843 614 Polancus

230 650 471 701 epistolam
505 661 585 689 seu
612 648 981 688 Instructz'onem
1011 648 1061 688 27
1088 649 1195 701 Julii
1224 660 1345 688 anno
1380 648 1477 687 1547
1505 648 1684 697 datam,
1714 650 1844 701 cujus

230 727 382 778 capita
414 726 684 778 praecipua,
724 732 772 766 ut
802 726 877 765 lex
908 725 1074 775 forent,
1112 737 1230 776 quae
1261 724 1539 765 Societatem
1574 726 1845 768 universam

230 803 558 854 obstringeret,
582 803 627 842 in
655 801 1051 842 Constantior-mm
1072 808 1206 853 parte
1227 802 1354 851 VIII,
1375 814 1413 841 c.
1438 814 1471 849 1,
1496 802 1520 852 ξ
1540 802 1565 841 9
1585 808 1628 842 et
1649 803 1763 843 decl.
1787 803 1840 843 N.

229 880 402 920 inserta
422 885 581 930 postea
603 879 660 918 ab
681 879 780 930 ipso
802 878 981 928 Ignatio
1008 878 1151 918 fuere.

307 957 404 996 Has
435 956 576 1007 igitur
602 956 800 1005 litteras,
831 961 1054 1006 quotquot
1083 956 1130 995 in
1156 955 1397 995 tabulariis
1422 962 1519 995 tum
1545 956 1717 995 nostris
1748 962 1845 996 tum

230 1034 391 1074 alienis
419 1033 694 1084 reperimus,
726 1032 800 1072 hic
831 1032 932 1083 tibi,
965 1033 1108 1072 lector
1138 1033 1381 1082 benevole,
1416 1031 1672 1082 offerimus,
1709 1039 1757 1073 ut
1789 1033 1845 1073 iis

229 1110 437 1160 Polanci,
475 1108 736 1159 Orlandini,
766 1108 1105 1149 Rivadeneirae
1137 1116 1181 1149 et
1212 1109 1407 1149 aliorum
1433 1109 1653 1149 historias
1682 1109 1845 1150 confir-

228 1197 373 1236 mare,
407 1186 638 1226 elucidare
668 1190 712 1224 et
746 1185 884 1225 etiam
919 1186 1196 1237 quandoque
1226 1185 1471 1225 emendare
1501 1186 1676 1226 valeas.
1710 1185 1846 1235 (Vide

228 1262 572 1314 paragraphum
616 1261 824 1301 ultimam
871 1249 1205 1311 Praefatiom's
1260 1262 1305 1301 in
1344 1262 1563 1302 Historia
1597 1262 1845 1302 Societatz's

227 1339 346 1391 sesu
367 1351 394 1378 cz
417 1338 465 1378 P.
489 1338 703 1378 PoLANco
730 1338 933 1389 scripta,
961 1340 1054 1379 vol.
1088 1351 1120 1387 1,
1150 1349 1258 1390 pag.
1281 1338 1338 1387 8.)
1368 1339 1459 1378 Eas
1475 1338 1607 1389 juxta
1634 1339 1680 1379 id
1707 1339 1843 1390 quod,

229 1422 474 1467 antequam
511 1415 625 1454 haec
663 1414 959 1454 MONUMENTA
999 1415 1135 1455 edere
1171 1415 1502 1466 inceperimus,
1538 1416 1620 1455 tibi
1652 1416 1842 1467 polliciti

228 1504 404 1542 sumus,
435 1504 489 1531 ea
521 1492 678 1542 lingua
699 1497 743 1531 et
765 1492 1121 1543 orthographia,
1156 1504 1246 1543 qua
1274 1493 1411 1544 primi
1443 1504 1602 1533 earum
1631 1499 1847 1533 auctores

228 1569 298 1607 usi
319 1574 443 1618 sunt,
467 1568 591 1608 haud
618 1569 878 1619 immutata,
911 1569 999 1609 nisi
1028 1570 1104 1609 ubi
1133 1580 1264 1609 error
1292 1569 1482 1609 evidens
1510 1575 1597 1620 est,
1628 1570 1845 1609 transcri—

229 1644 400 1683 bemus.
442 1643 757 1694 Quarumdam
795 1650 952 1685 tamen
988 1646 1180 1685 latinam
1218 1646 1502 1696 versionem,
1544 1657 1684 1697 quam
1721 1647 1848 1686 nacti

230 1732 405 1770 sumus,
435 1721 534 1772 ipso
562 1720 762 1761 Polanco
790 1728 868 1762 aut
897 1722 1124 1773 dirigente
1152 1730 1230 1762 aut
1265 1723 1539 1762 emendante
1569 1722 1845 1774 confectam,

229 1797 367 1837 etiam
387 1796 696 1847 subjiciemus

307 1873 534 1924 Tandem,
559 1874 597 1913 si
617 1872 733 1913 forte
762 1886 904 1914 unum
934 1876 1191 1916 alterumve
1213 1888 1270 1916 ex
1291 1876 1363 1916 his
1389 1877 1699 1916 monumentis
1719 1888 1847 1928 repe-

230 1951 364 2001 reris,
389 1951 511 2002 quod
531 1951 577 1990 in
596 1951 712 1991 libro
735 1952 888 2003 aliquo
910 1953 990 1992 tibi
1012 1954 1199 2004 cognito
1221 1955 1302 1994 sed
1329 1954 1462 1994 nobis
1488 1954 1647 2005 ignoto
1674 1954 1847 1994 editum

226 2026 320 2076 jam
340 2026 497 2078 fuerit,
520 2039 577 2067 ne
597 2028 730 2067 nobis
750 2039 1047 2079 succenseas;
1076 2041 1168 2069 non
1196 2030 1317 2070 enim
1344 2042 1504 2070 omnes
1529 2030 1688 2070 videre
1715 2030 1850 2069 nobis

230 2102 354 2142 licuit
374 2103 514 2143 libros
536 2104 591 2143 de
620 2104 757 2144 rebus
783 2104 1028 2145 Societatis
1058 2106 1227 2156 editos,
1257 2112 1301 2146 et
1331 2107 1510 2157 gratius
1540 2105 1648 2157 quid
1676 2106 1757 2146 tibi
1784 2105 1848 2145 fa-

232 2184 387 2218 cturos
407 2180 798 2231 existimavimus,
823 2182 860 2220 si
881 2182 928 2221 in
948 2182 1036 2222 hac
1064 2194 1113 2222 re
1142 2183 1379 2223 abundare
1408 2183 1559 2234 potius
1586 2194 1723 2234 quam
1745 2182 1847 2223 defi—

233 2266 335 2293 cere
356 2255 611 2295 mallemus.

872 2561 927 2601 A.
962 2561 1020 2600 M.
1055 2562 1111 2601 D.
1146 2561 1201 2602 G.
