1987 3260
781 200 785 203 “
845 200 847 203 ·
882 191 966 229 ΑΝ.
997 189 1088 228 1552
1728 186 1810 226 699·

171 304 254 331 cas
290 297 445 331 autem
481 290 802 331 conclusiones
837 287 1107 340 saepissime
1141 286 1383 326 defensare
1423 285 1654 336 cogimur,
1691 286 1799 336 quia

172 374 266 402 non
294 373 466 413 magna
489 367 557 402 est
579 361 1004 412 condiscipulorum
1024 357 1284 399 multitudo.

253 433 390 473 Pater
419 432 643 473 Melchior
675 431 898 472 Carneiro
927 431 971 471 in
1003 430 1139 469 vinea
1164 428 1354 469 Domini
1374 439 1458 479 pro
1480 427 1656 466 viribus
1676 426 1801 465 labo-

173 510 268 553 rat,
295 510 454 555 atque,
479 503 666 543 favente
696 502 923 551 Domino,
956 501 1099 541 multo
1130 498 1276 550 major
1307 499 1353 538 in
1384 498 1482 538 dies
1502 497 1681 537 fructus
1702 508 1803 535 suc-

177 575 361 614 crescit.
386 574 435 614 In
458 574 547 613 hac
570 573 934 624 quadragesima
960 583 1065 612 cum
1092 582 1185 611 non
1212 570 1383 620 exigua
1406 568 1666 608 animarum
1686 566 1803 606 utili-

173 651 270 684 tate
294 645 604 684 concionatus
625 650 719 691 est;
743 644 805 683 ita
828 650 983 683 tamen
1010 641 1314 682 concionibus
1338 638 1650 688 deserviebat,
1674 642 1724 677 ut
1745 637 1802 676 ab

174 715 421 755 audiendis
442 715 811 755 confessionibus
838 725 929 754 non
953 717 1179 760 cessaret,
1209 722 1380 762 neque,
1405 709 1442 749 si
1464 710 1622 759 vellet,
1647 708 1803 757 credo,

173 787 415 837 potuisset.
439 786 640 826 Tantum
662 784 783 825 enim
813 785 955 825 animi
983 782 1201 824 affectum
1228 782 1348 833 gerit
1376 781 1452 820 hic
1473 780 1671 831 populus
1691 789 1805 829 erga

176 857 483 905 Societatem,
507 864 553 896 ut
576 857 716 897 etiam
740 856 936 896 invitum
955 854 1011 895 ad
1030 853 1329 904 audiendum,
1353 859 1402 892 ut
1422 851 1629 900 videtur,
1652 855 1831 890 essent.

176 928 472 979 pertracturi.

259 999 523 1038 Transacta
559 997 942 1049 quadragesima,
979 996 1252 1036 existimans
1286 993 1510 1045 majorem
1545 992 1808 1032 animarum

176 1070 423 1109 utilitatem
445 1074 746 1120 sequuturam
765 1101 772 1118 ,
792 1068 830 1107 si
847 1074 971 1107 totus
987 1079 1035 1106 se
1052 1064 1424 1106 confessionibus
1446 1063 1634 1103 dederet
1652 1063 1807 1110 (abun-

181 1140 260 1179 dat
284 1140 407 1179 enim
428 1140 545 1179 haec
567 1140 738 1179 civitas
761 1137 1192 1186 concionatoribus,
1223 1135 1617 1176 confessariorum
1638 1140 1812 1182 autem,

180 1211 258 1262 qui
294 1211 339 1250 id
374 1221 542 1249 munus
578 1210 716 1260 digne
757 1214 1071 1260 exequantur,
1108 1218 1281 1258 magna
1316 1206 1471 1257 inopia
1507 1211 1596 1255 est,
1633 1204 1671 1244 si
1705 1214 1813 1243 cum

180 1293 345 1321 eorum
373 1291 569 1320 numero
599 1286 914 1331 comparetur,
946 1279 1023 1330 qui
1053 1291 1079 1318 a
1109 1277 1417 1317 sacramentis
1438 1277 1683 1316 vulnerum
1710 1286 1810 1314 suo-

181 1364 287 1392 rum
308 1352 565 1392 remedium
587 1351 848 1402 expetunt),
873 1349 1176 1389 concionibus
1196 1348 1391 1396 relictis,
1418 1347 1476 1386 ad
1498 1345 1817 1386 confessiones

186 1423 446 1464 audiendas
473 1434 522 1462 se
553 1428 701 1462 toturn
723 1421 969 1461 convertit.
1005 1420 1165 1470 Itaque
1191 1419 1237 1458 in
1264 1418 1461 1458 ecclesia
1482 1416 1670 1468 majori,
1695 1427 1815 1467 quae

186 1507 332 1547 prope
368 1500 462 1545 est,
493 1493 698 1546 quotidie
729 1499 824 1532 tam
857 1503 992 1532 mane
1028 1502 1166 1542 quam
1195 1501 1390 1541 vespere
1422 1488 1632 1537 sedebat,
1669 1486 1813 1527 veluti

181 1572 290 1606 ante
330 1564 742 1617 quadragesimam
776 1563 932 1603 facere
971 1566 1301 1611 consueverat;
1336 1560 1458 1600 unde
1496 1559 1592 1599 fere
1631 1568 1817 1609 semper

179 1643 422 1676 transacto
451 1636 637 1687 prandii
666 1641 876 1686 tempore
907 1633 965 1673 ad
1001 1632 1249 1684 prandium
1278 1631 1509 1671 veniebat.
1544 1629 1814 1680 Cogebatur

180 1714 339 1748 tamen
375 1707 627 1758 aliquando
664 1706 821 1746 sedem
856 1705 901 1744 in
939 1704 1136 1744 ecclesia
1168 1701 1333 1753 majori
1367 1702 1426 1741 ad
1461 1708 1643 1752 tempus
1677 1699 1813 1739 relin-

180 1790 344 1829 quere,
380 1785 430 1818 ut
466 1778 719 1818 multarum
752 1776 972 1816 nobilium
1007 1781 1331 1814 matronarum
1363 1772 1661 1824 petitionibus
1696 1772 1812 1810 satis

180 1849 379 1899 faceret,
407 1849 724 1889 confessiones
753 1859 861 1887 suas
892 1847 948 1886 ab
976 1847 1076 1897 ipso
1107 1845 1258 1885 audiri
1284 1843 1650 1896 postulantibus,
1675 1854 1811 1893 quae,

178 1921 253 1960 vel
291 1926 481 1971 propter
517 1919 765 1959 adversam
798 1918 1132 1965 valetudinem,
1172 1918 1247 1956 vel
1281 1915 1397 1954 alias
1431 1915 1490 1954 ob
1524 1925 1713 1963 causas,
1753 1912 1811 1952 ad

181 1992 436 2031 ecclesiam
465 2002 695 2030 summam
724 1990 885 2029 venire
913 2000 1005 2028 non
1035 1993 1266 2038 poterant.
1298 1986 1398 2025 Hac
1428 1986 1475 2025 in
1505 1997 1554 2025 re
1584 1985 1812 2024 hactenus

180 2062 531 2113 perseveravit,
555 2067 598 2100 et
621 2061 761 2100 semel
791 2067 970 2099 tantum
1000 2065 1105 2109 post
1131 2057 1542 2109 quadragesimam
1563 2055 1810 2095 conciona—

181 2140 256 2172 tus
279 2140 369 2181 est,
401 2131 699 2183 petitionibus
722 2130 1029 2181 quarumdam
1050 2128 1320 2168 monialium
1346 2132 1645 2178 provocatus.
1673 2125 1812 2164 Modo

182 2209 230 2243 ut
261 2204 406 2242 etiam
434 2203 489 2242 iis
521 2201 837 2249 satisfaceret,
871 2200 947 2252 qui
976 2200 1032 2239 ab
1060 2211 1113 2239 eo
1142 2198 1308 2238 instrui
1335 2198 1381 2237 in
1409 2197 1619 2237 oratione
1639 2202 1684 2236 et
1709 2207 1812 2235 san-

182 2274 271 2314 ctis
293 2273 529 2313 exercitiis
551 2272 837 2322 desiderant,
861 2277 1042 2321 tempus
1064 2269 1250 2321 quidem
1269 2268 1549 2308 matutinum
1564 2267 1611 2306 in
1627 2266 1814 2306 audien-

182 2344 254 2384 dis
289 2344 660 2384 confessionibus
696 2343 741 2382 in
777 2342 1034 2382 cathedrali
1068 2341 1265 2380 ecclesia
1301 2339 1554 2379 consumit:
1591 2337 1814 2388 vesperti-

182 2427 293 2455 num
315 2421 472 2455 autem
492 2415 537 2454 in
560 2413 802 2453 audiendis
823 2411 1192 2452 confessionibus
1213 2410 1488 2462 aliquorum,
1513 2409 1605 2460 qui,
1630 2414 1678 2447 ut
1699 2407 1812 2456 dixi,

183 2485 242 2525 ad
264 2497 369 2526 eam
398 2485 645 2525 ecclesiam
675 2484 834 2523 venire
863 2489 1119 2534 nequeunt,
1152 2489 1197 2521 et
1226 2482 1273 2521 in
1304 2479 1577 2520 exercendis
1608 2484 1745 2529 atque
1766 2478 1814 2516 in

185 2556 397 2596 oratione
420 2555 703 2595 instruendis
723 2554 951 2606 proximis
971 2554 1174 2593 tribuere
1201 2551 1424 2592 decrevit.
1453 2550 1586 2601 Quod
1613 2557 1813 2599 tempus,

184 2634 233 2666 ut
262 2627 403 2667 credo
437 2625 586 2677 [non?]
618 2625 832 2675 sufficiet,
865 2625 903 2664 si
930 2624 1154 2669 omnium.
1185 2623 1262 2674 qui
1291 2623 1337 2662 id
1365 2627 1548 2673 petunt,
1584 2619 1819 2659 desideria-

185 2699 458 2748 expleturus
478 2697 551 2736 sit.

264 2768 307 2808 A
338 2768 487 2808 tribus
515 2767 812 2807 monasteriis
840 2766 1109 2806 monialium
1139 2764 1396 2804 accersitus
1424 2769 1515 2812 est,
1540 2773 1658 2813 quae
1680 2761 1737 2800 ab
1758 2772 1814 2799 eo

185 2839 232 2878 in
255 2839 465 2878 oratione
486 2839 652 2878 instrui
681 2838 886 2889 cupiunt.
910 2836 960 2877 In
982 2848 1072 2876 uno
1101 2847 1261 2875 eorum
1289 2834 1489 2883 fructus,
1513 2832 1701 2872 favente
1721 2831 1817 2870 Do-

185 2910 333 2960 mino,
356 2921 450 2949 non
484 2909 736 2948 mediocris
764 2908 916 2959 coepit
938 2918 1197 2957 emergere,
1230 2911 1454 2957 quantum
1481 2915 1539 2943 ex
1567 2902 1812 2943 mortifica—

186 2981 328 3020 tionis
358 2992 518 3020 amore
553 2987 596 3019 et
628 2980 754 3019 vitae
785 2980 1041 3020 mutatione
1071 2977 1240 3018 intueri
1272 2977 1393 3016 licet.
1430 2975 1479 3015 In
1510 2975 1600 3014 alio
1633 2984 1816 3025 quoque
