1987 3260
885 183 967 220 Ax.
998 183 1092 220 1532
1730 187 1798 224 521

178 280 315 319 cessit
337 279 530 320 affectus
560 286 609 320 ut
636 287 822 332 postero
849 280 921 320 die
948 281 1091 320 multo
1120 292 1255 321 mane
1282 282 1454 321 reverti
1485 293 1589 321 eum
1621 294 1713 322 non
1741 284 1801 335 pi-

177 350 344 400 guerit.
368 349 457 390 Ubi
484 351 634 390 dictus
666 350 817 401 Pater,
846 363 951 391 cum
979 350 1262 391 distribuerit
1290 363 1477 392 sacrum
1504 354 1801 403 evangelium

177 420 222 459 in
245 426 458 471 quatuor,
482 421 778 471 baptismum,
804 421 994 471 scilicet,
1019 422 1347 461 mandatorum
1367 421 1455 461 Dei
1476 427 1520 461 et
1547 422 1643 473 ejus
1665 423 1803 463 Vica-

176 490 234 530 rii
257 490 492 530 Pontificis
515 492 704 531 maximi
726 492 1094 539 observantiam,
1119 492 1227 531 boni
1248 498 1353 542 post
1383 499 1627 544 acceptum
1658 493 1801 544 bapti-

179 572 330 600 smum
352 563 768 613 perseverantiam,
793 570 837 603 ct
858 563 904 602 in
925 569 1156 614 quartum,
1180 563 1515 614 poenitentiam
1535 570 1639 614 post
1662 564 1801 604 viola-

177 639 274 671 tum
308 643 412 671 cum
448 631 548 672 Deo
583 641 771 684 pactum
806 634 852 673 in
884 634 1113 685 baptismo
1147 645 1228 685 per
1266 640 1533 684 peccatum;
1570 646 1802 686 quumque

176 701 337 741 cadem
355 703 490 742 dictis
507 704 792 754 evangelicis
810 704 1151 755 comprobaret,
1172 710 1308 755 atque
1326 704 1620 755 baptismum,
1646 706 1702 744 ob
1724 706 1802 745 im-

174 785 387 823 pressum
408 774 464 812 ab
487 774 585 825 ipso
608 775 740 814 nobis
757 775 1092 825 characterem,
1112 786 1404 826 nequaquam
1421 786 1522 814 esse
1540 775 1802 816 iterandum

176 843 258 892 (uti
278 843 416 895 impie
438 845 512 884 ille
542 846 746 895 volebat)
769 846 1052 896 ostenderet;
1077 846 1327 897 plurimum
1348 858 1402 885 ea
1425 846 1509 885 sibi
1531 846 1799 897 profecisse,

175 915 442 955 revocando
465 928 513 955 se
544 915 602 967 [a]
632 917 884 967 nonnullis,
916 928 1032 968 quae
1059 917 1494 957 asseverantissime
1523 923 1799 967 negaverat,

176 985 412 1036 professus
434 994 515 1025 cst.
543 986 663 1036 Quin
685 999 739 1026 eo
760 987 848 1026 Dei
874 987 1195 1027 misericordia
1225 999 1275 1027 56
1304 987 1505 1027 ostendit
1533 987 1798 1037 adductum,

174 1063 223 1096 ut
246 1057 485 1107 religionis
508 1069 691 1109 quoque
713 1058 1049 1108 ingrediundae
1071 1059 1373 1110 cupiditatem
1394 1059 1480 1098 sibi
1501 1057 1719 1109 injectam
1740 1059 1802 1099 af-

175 1127 394 1167 firmaret.
414 1127 487 1167 Ad
510 1127 555 1167 id
572 1141 684 1168 vero
707 1140 755 1168 se
778 1130 950 1180 impelli
970 1130 1209 1169 asserebat
1230 1129 1462 1180 flagitiosa
1479 1130 1667 1181 pietatis
1685 1130 1800 1170 chri-

176 1199 357 1238 stianae
382 1200 536 1249 isquam
558 1199 655 1249 ipse
677 1198 916 1250 Papistam
936 1200 1152 1250 vocabat)
1174 1200 1492 1251 professorum
1512 1201 1702 1240 vivendi
1731 1213 1800 1240 ra-

173 1270 313 1308 tione.
327 1269 398 1323 Ea
416 1269 537 1309 enim
559 1270 604 1309 in
627 1270 725 1309 dies
747 1271 897 1321 magis
916 1272 1158 1322 magisque
1175 1272 1364 1322 impiam
1381 1283 1513 1311 suam
1536 1272 1802 1323 opinionem

176 1340 479 1379 asseverabat
518 1352 618 1379 esse
654 1341 994 1381 confirmatam.
1031 1341 1253 1381 Confecto
1289 1342 1443 1392 itaque
1479 1354 1532 1382 eo
1568 1354 1797 1392 sermone,

173 1411 308 1460 plane
341 1411 610 1450 immutatus
642 1418 779 1462 atque
814 1412 860 1451 in
895 1413 1182 1452 contrariam
1207 1412 1352 1463 priori
1384 1424 1496 1452 suae
1522 1414 1800 1453 sententiam

170 1481 503 1520 corroboratus
524 1481 764 1522 discedere
795 1482 925 1522 visus
957 1488 1040 1522 est.
1071 1482 1143 1522 Ac
1172 1494 1357 1523 rursum
1386 1484 1544 1533 tertio,
1577 1484 1801 1534 postridie

171 1550 268 1601 ejus
289 1551 402 1602 diei,
428 1552 514 1592 hoc
535 1559 625 1601 est,
650 1553 846 1604 septimo
867 1553 970 1593 idus
990 1554 1214 1606 Januarii,
1240 1554 1299 1594 ad
1315 1566 1399 1594 nos
1421 1565 1640 1594 reversus
1663 1562 1800 1606 atque

168 1629 364 1662 onustus
384 1634 588 1674 paupere
615 1635 790 1674 merce,
824 1625 880 1664 ob
910 1635 1049 1676 quam
1079 1624 1143 1675 (ut
1172 1625 1349 1665 Victum
1372 1625 1460 1664 sibi
1487 1625 1692 1676 pararet)
1724 1637 1800 1665 ve-

170 1693 485 1733 numdandam
505 1694 679 1745 aliquot
701 1695 876 1734 dies'se
905 1695 1172 1735 abfuturum
1200 1696 1257 1735 ab
1285 1696 1397 1735 urbe
1426 1696 1631 1745 dicebat,
1662 1702 1799 1747 atque

169 1763 290 1803 illico
320 1771 425 1815 post
456 1765 655 1805 reditum
678 1766 853 1815 (sedulo
875 1772 1085 1805 nostram
1106 1777 1190 1817 pro
1212 1777 1260 1806 se
1283 1766 1342 1806 ad
1363 1765 1515 1806 Deum
1543 1767 1800 1806 orationem

168 1834 447 1885 efflagitans)
486 1847 535 1875 se
568 1836 627 1875 ad
653 1848 738 1876 nos
764 1836 972 1876 futurum
998 1837 1316 1888 pollicebatur.
1346 1837 1687 1888 Exspectamus
1718 1838 1799 1877 ita-

167 1916 256 1955 que
279 1904 377 1956 ejus
399 1907 666 1947 adventum.
692 1907 752 1947 Ut
773 1908 974 1959 primum
995 1908 1203 1958 redierit,
1228 1908 1449 1959 quicquid
1472 1908 1526 1948 de
1549 1920 1603 1948 eo
1627 1914 1798 1948 statuet

168 1976 437 2016 misericors
458 1977 686 2017 Dominus
708 1977 757 2017 Ρ.
781 1978 832 2017 T.
857 1978 1084 2018 faciemus
1105 1978 1365 2018 certiorem.

247 2046 350 2087 Hoc
379 2049 616 2099 paululum
645 2049 719 2087 hic
756 2056 885 2089 tanto
916 2049 1140 2100 temporis
1167 2050 1414 2089 intervallo
1443 2049 1571 2089 Deus
1599 2050 1800 2101 optimus

169 2118 400 2158 maximus
420 2130 504 2170 pro
527 2130 610 2158 sua
637 2120 882 2159 clementia
903 2120 1123 2171 dignatus
1145 2125 1214 2160 est
1236 2120 1436 2171 operari.
1459 2119 1706 2170 Reliquum
1727 2127 1797 2160 est

167 2195 232 2238 ut,
256 2201 314 2228 ex
334 2188 597 2240 Superioris
615 2190 761 2229 nostri
778 2189 827 2229 P.
845 2189 1265 2241 Andreaejudicio,
1285 2190 1340 2230 de
1358 2190 1552 2230 internis
1569 2202 1624 2230 ac
1646 2191 1797 2231 dome-

168 2259 297 2299 sticis
317 2260 456 2299 rebus
478 2261 780 2311 perscribam,
805 2266 943 2312 atque
965 2261 1021 2301 ab
1043 2261 1251 2301 interiori
1273 2261 1458 2301 homine
1482 2262 1715 2302 exordiar.

245 2329 436 2370 Fratres
458 2331 532 2370 hic
563 2331 688 2371 omni
714 2331 867 2371 studio
895 2343 951 2372 ac
984 2332 1222 2383 diligentia
1250 2333 1563 2373 mortificandi
1592 2340 1635 2374 et
1663 2334 1798 2373 abne-

165 2400 310 2451 gandi
331 2401 402 2440 sui
417 2408 613 2451 certant,
633 2410 771 2453 atque
794 2403 911 2442 alius
932 2403 1087 2453 alium,
1110 2409 1156 2443 ut
1177 2404 1438 2444 litterarum
1458 2405 1610 2444 studio
1634 2405 1699 2445 sic
1717 2404 1795 2444 hu-

166 2472 360 2512 militate
391 2473 681 2524 caeterisque
701 2474 972 2524 virtutibus,
996 2485 1080 2525 pro
1102 2473 1190 2514 Dei
1210 2475 1362 2525 gloria
1383 2487 1438 2515 ac
1461 2482 1619 2515 mutua
1642 2475 1793 2515 aedifi-

168 2543 366 2593 catione,
391 2545 567 2584 anteire
595 2544 779 2584 assidue
800 2545 1092 2595 incumbunt;
1121 2545 1288 2596 quibus
1315 2546 1495 2586 accedit
1525 2545 1794 2597 quotidiana

167 2625 249 2664 per
271 2614 543 2654 concionem
565 2614 717 2655 Patris
739 2616 886 2655 nostri
907 2615 1225 2655 inflammatio.

202 2684 528 2725 »11Litterarum
563 2693 718 2726 autem
753 2687 926 2737 studia,
964 2687 1010 2726 in
1037 2687 1202 2738 quibus
1228 2699 1490 2738 versamur,
1526 2689 1641 2727 haec
1670 2695 1792 2728 sunt.

167 2754 268 2805 Ipse
288 2754 423 2796 Pater
444 2756 588 2796 ferme
609 2757 812 2808 quotidie
834 2758 919 2798 sub
940 2758 1123 2809 prandii
1144 2765 1188 2798 et
1209 2770 1383 2799 coenae
1404 2765 1585 2810 tempus
1613 2766 1791 2799 mentes

166 2832 354 2866 nostras
375 2828 680 2868 saluberrimo
704 2829 834 2868 verbi
864 2828 951 2868 Dei
973 2829 1191 2869 alimento
1212 2842 1425 2881 pascere,
1453 2836 1591 2881 atque
1619 2830 1678 2870 ad
1709 2831 1791 2870 ini-

166 2904 263 2937 tum
283 2898 510 2949 praelium
531 2900 817 2939 communire
840 2912 931 2939 non
954 2906 1120 2940 cessat.
1145 2900 1373 2941 Dominus
1389 2900 1592 2953 Joannes
1614 2900 1794 2941 Lusita-

167 2979 252 3007 nus
280 2975 324 3008 et
360 2979 445 3019 ego
481 2976 673 3020 coeptae
708 2970 876 3010 abhinc
911 2972 1056 3011 tribus
1091 2972 1326 3012 mensibus
1360 2971 1564 3022 Logicae
1601 2984 1791 3023 operam
