1987 3260
267 193 339 230 268
777 193 1001 230 LITTERAE
1027 204 1382 236 QUADRIMESTRES

268 288 341 328 his
362 289 523 329 diebus
545 295 614 340 ut,
638 296 797 329 nostro
816 290 1002 329 nomine
1018 289 1290 341 interposito
1308 321 1315 339 ,
1342 290 1622 340 gravissime
1643 289 1894 330 deterrere-

269 365 343 399 tur
365 360 422 399 ab
444 360 673 400 adulterio
695 361 769 399 vir
790 360 979 410 quidam
998 360 1180 410 nobilis,
1204 361 1336 400 nobis
1358 361 1529 400 insciis.

349 430 608 470 Omiseram
631 431 756 481 illud,
780 442 838 470 ex
859 442 948 481 quo
971 430 1103 470 multi
1119 429 1342 481 juvantur
1363 431 1578 471 obdurati
1598 422 1889 482 peccatores;

267 501 492 541 habemus
513 501 687 551 aliquot
713 512 736 540 e
762 501 999 540 veteranis
1023 501 1197 540 nostris
1224 501 1425 552 devotis,
1458 502 1723 541 saeculares
1753 501 1893 541 homi-

269 583 371 621 nes;
400 571 447 611 hi
473 572 651 611 solicite
679 572 939 621 piscantur,
963 578 1007 611 et
1034 572 1228 611 subinde
1255 572 1457 622 grandes
1479 564 1713 612 adducunt
1744 573 1896 623 pisces

268 648 506 681 veteratos
527 653 608 681 seu
629 649 902 693 peccatores
924 643 983 682 ad
1004 642 1359 682 confessionem.

346 713 475 751 Haec
495 720 615 763 sunt,
639 712 777 752 Pater
799 713 845 752 in
866 713 950 753 X.⁰
969 713 1337 752 observandiss.e
1363 745 1370 763 ,
1395 725 1512 764 quae
1529 714 1601 752 his
1619 713 1644 751 4
1658 714 1895 753 mensibus

268 782 514 822 habuimus
535 783 797 823 scribenda.
817 783 954 824 Certo
975 784 1148 823 scimus
1171 783 1331 823 deesse
1353 795 1439 823 nos
1458 784 1655 834 gratiae,
1676 795 1794 835 quae
1811 795 1893 835 per

270 854 506 893 orationes
526 853 575 892 P.
605 854 664 894 V.
700 854 889 894 offertur
910 854 1044 894 nobis
1074 867 1099 893 a
1122 853 1344 903 Domino,
1375 860 1419 894 et
1440 854 1486 893 in
1512 854 1584 894 his
1612 855 1746 905 ipsiS,
1777 866 1895 906 quae

268 935 530 975 narramus,
551 925 765 975 agnoscit
785 924 833 964 P.
853 924 912 964 V.
933 926 1221 964 voluntatem
1242 924 1425 976 quidem
1446 925 1616 964 bonam
1638 930 1777 976 atque
1798 925 1893 964 avi—

269 995 376 1034 dam
396 1001 522 1034 recte
550 995 738 1045 agendi,
770 1001 1006 1035 caeterum
1035 1006 1120 1035 nos
1147 1007 1248 1035 esse
1278 1007 1440 1034 servos
1470 995 1653 1051 inutiles
1681 996 1820 1046 plane
1850 1002 1893 1034 et

268 1065 453 1106 inertes.
472 1066 509 1105 F
515 1066 610 1105 axit
630 1066 709 1106 X.S
729 1066 864 1119 Jesus
880 1072 929 1106 ut
949 1067 1128 1117 peracti
1148 1066 1371 1117 temporis
1392 1066 1685 1106 inutilitatem
1707 1072 1751 1106 et
1772 1066 1893 1106 iner-

267 1136 381 1175 tiam
397 1134 493 1186 jam
519 1137 718 1187 primum
748 1137 936 1176 tandem
962 1137 1238 1187 incipiamus
1265 1137 1515 1184 resarcire,
1545 1143 1589 1176 et
1618 1147 1894 1186 germanum

269 1205 517 1247 Societatis
534 1208 747 1259 spiritum
765 1208 982 1248 cordibus
998 1208 1172 1247 nostris
1189 1208 1371 1258 penitus
1393 1207 1676 1258 imprimere,
1696 1214 1739 1247 et
1756 1207 1895 1248 actio-

268 1277 404 1316 nibus
424 1278 597 1317 nostris
613 1279 889 1329 exprimere,
911 1278 969 1318 ad
989 1278 1173 1318 laudem
1191 1284 1233 1317 et
1249 1278 1450 1328 gloriam
1466 1278 1553 1317 Dei
1570 1284 1614 1318 et
1634 1277 1690 1318 D.
1711 1277 1764 1318 N.
1785 1278 1895 1330 Jesu

270 1348 443 1388 Christi
464 1354 509 1388 et
530 1350 781 1388 multarum
802 1349 1063 1388 animarum
1084 1350 1293 1388 salutem.
1319 1347 1484 1388 Amen.

347 1419 594 1459 Messanae
611 1452 617 1468 ‚
636 1420 699 1459 6²²
719 1420 931 1472 Januarii
956 1419 1068 1459 1551.

349 1489 397 1529 Ρ.
422 1490 480 1530 V.
503 1490 557 1531 R.

351 1560 527 1601 Servus
550 1561 596 1601 in
624 1561 810 1601 Christo

1123 1702 1428 1742 HIERONYMUS
1459 1702 1679 1743 NATALIs.

355 1915 409 1953 In
439 1914 566 1964 folio
607 1914 714 1954 203
736 1914 803 1953 ·v.⁰
842 1913 1035 1964 scripsit
1075 1913 1342 1953 Polaticus:
1387 1913 1505 1963 1550,
1549 1914 1621 1955 Ex
1661 1916 1896 1966 Messana,

268 1986 292 2022 6
313 1986 524 2038 Jan.—C.
