1987 3260
229 213 299 251 486
738 210 964 247 LlTTERAE
991 218 1344 252 QUADRIMESTRES

230 308 600 360 magistratibUS,
637 306 879 359 permultis
912 305 1162 355 nobilibus,
1199 316 1292 345 non
1326 306 1488 356 paucis
1523 305 1852 346 coenobiorum

230 380 485 430 prioribus,
514 379 592 430 qui
625 390 649 418 e
682 377 878 428 singulis
904 375 1000 416 fere
1032 375 1329 416 monasteriis
1368 376 1617 416 convocati
1636 376 1851 416 lubentis-

230 451 345 490 sime
374 454 710 499 convenerant,
741 458 912 498 magna
944 458 1050 487 cum
1079 446 1413 498 discipulorum
1434 458 1539 486 cum
1560 446 1755 487 aliorum
1787 447 1849 486 di-

229 532 474 560 versorum
502 518 761 570 frequentia
792 518 839 557 in
865 517 975 557 Divi
995 516 1208 567 Antonii,
1238 517 1419 556 cunctis
1448 516 1848 568 applaudentibus,

229 590 390 630 habuit
411 591 690 639 orationem,
723 594 766 628 et
797 600 855 628 ex
880 588 1053 628 nostris
1081 588 1269 639 quidam
1299 587 1556 638 discipulis,
1590 599 1704 639 quos
1727 587 1785 627 ad
1807 588 1853 628 id

229 661 381 711 magis
414 666 549 712 aptos
576 666 620 699 et
653 660 845 699 idoneos
875 660 1187 709 elegeramus,
1209 657 1310 698 R.d0
1337 657 1538 698 Domino
1570 657 1850 709 Inquisitori,

231 730 472 771 Praefecto
495 731 720 779 civitatis,
743 729 968 780 Praetori,
993 740 1049 768 ac
1070 728 1258 779 reliquis
1279 728 1645 779 magistratibUS,
1669 728 1853 779 singula

231 802 425 853 singulis
459 803 819 853 epigrammata,
852 812 970 852 quae
1001 799 1131 851 jussu
1166 799 1319 840 Patris
1350 800 1744 851 conscripseram,
1778 811 1852 839 ve-

227 878 362 912 nuste
393 873 507 912 satis
536 872 806 912 recitarunt.
840 870 915 911 Ad
936 871 1052 911 haec
1083 871 1271 922 quidam
1291 871 1535 922 parvulus,
1559 870 1695 910 unius
1716 881 1740 910 e
1760 882 1852 910 ma-

229 943 502 993 gistratibus
523 943 662 993 filius,
687 942 874 982 Domini
900 942 1096 995 Joannis
1121 941 1400 982 Forcadami
1427 941 1696 992 discipulus,
1720 940 1777 980 ab
1799 952 1853 980 eo

231 1014 475 1064 diligenter
496 1014 765 1064 instructUS,
789 1013 1145 1063 oratiunculam,
1170 1024 1260 1063 qua
1282 1012 1365 1052 toti
1382 1012 1536 1052 coetui
1551 1011 1730 1062 gratias
1749 1023 1855 1063 age-

231 1085 309 1124 bat
330 1085 585 1135 praesenti,
609 1095 791 1123 necnon
813 1084 1120 1134 magistratus
1143 1095 1302 1123 omnes
1324 1083 1382 1123 ad
1411 1083 1583 1122 nostris
1603 1082 1855 1122 favendum

229 1155 394 1194 studiis
425 1155 681 1205 excitabat,
717 1166 899 1194 summa
930 1160 1091 1205 gestus
1118 1159 1162 1193 et
1185 1154 1382 1194 actionis
1409 1154 1729 1194 moderatione
1754 1165 1857 1205 pro-

228 1225 475 1265 nuntiavit.
501 1224 634 1275 Quod
664 1231 887 1276 quantum
916 1224 1267 1275 magistratibus
1295 1224 1585 1275 caeterisque
1612 1224 1854 1275 placuerit,

229 1301 505 1335 cunctorum
525 1295 757 1335 maximus
785 1294 1009 1335 indicavit
1038 1296 1305 1346 applausus.
1337 1294 1557 1346 Sequenti
1578 1294 1650 1335 die
1671 1306 1857 1345 praece-

228 1372 383 1416 ptores
418 1366 798 1406 accommodatas
828 1366 1186 1406 commissorum
1217 1366 1303 1405 sibi
1338 1366 1673 1417 discipulorum
1702 1365 1860 1416 captui

228 1437 451 1477 lectiones
472 1443 577 1476 sunt
600 1437 828 1488 aggressi,
853 1448 969 1487 quas
991 1437 1193 1488 quotidie
1215 1442 1389 1488 quanta
1406 1442 1601 1487 possunt
1619 1436 1859 1487 diligentia

228 1514 590 1559 prosequuntur3
615 1508 817 1559 dantque
837 1520 921 1559 pro
943 1508 1121 1547 viribus
1143 1519 1335 1559 operam
1352 1519 1441 1559 quo
1458 1519 1551 1547 non
1568 1507 1720 1547 minor
1741 1518 1858 1547 sem-

228 1590 308 1629 per
330 1578 568 1629 religionis
590 1584 633 1618 et
655 1590 837 1618 morum
856 1578 1102 1629 probitatis
1123 1590 1263 1629 quam
1285 1578 1525 1617 doctrinae
1545 1579 1621 1617 Vel
1642 1577 1857 1617 eruditio-

227 1649 299 1688 nis
315 1648 394 1688 fiat
413 1649 636 1689 accessio.
661 1648 753 1688 Sed
773 1649 828 1688 iis
845 1648 990 1688 fusius
1020 1648 1330 1699 explicandis,
1362 1648 1489 1699 quia,
1522 1647 1620 1687 Rde
1653 1648 1699 1687 in
1728 1647 1856 1688 Chri-

228 1725 300 1759 sto
322 1719 370 1758 P.
388 1750 394 1767 ,
420 1720 535 1758 alias
556 1719 792 1769 audivisti,
813 1719 1111 1769 supersedeo.

309 1790 466 1830 Mense
487 1789 760 1840 Novembri,
783 1791 829 1830 in
853 1789 1163 1829 celebratione
1193 1789 1429 1839 generalis
1456 1789 1650 1829 Concilii
1672 1789 1858 1829 Carme-

226 1861 431 1911 litarum,
457 1861 794 1911 disputationes
823 1860 983 1899 diebus
1012 1866 1116 1899 octo
1145 1865 1252 1899 sunt
1280 1860 1489 1910 habitae,
1514 1860 1561 1899 in
1582 1860 1748 1910 quibus
1768 1860 1858 1911 pri-

226 1943 352 1972 mum
372 1932 587 1972 doctores
609 1937 652 1971 et
674 1932 720 1971 in
742 1943 878 1971 sacra
901 1931 1166 1981 theologiae
1197 1930 1419 1970 facultate
1447 1931 1669 1982 promoti,
1693 1930 1858 1970 deinde

227 2002 463 2042 candidati
498 2003 787 2053 theologicas
824 2002 961 2041 simul
991 2007 1034 2041 et
1064 2001 1288 2053 physicas
1318 2001 1574 2052 positiones
1609 2001 1859 2052 agitandas

227 2073 407 2123 publice
435 2073 695 2113 tuebantur.
721 2073 897 2124 Quibus
930 2071 1051 2112 Rdus
1076 2073 1123 2113 P.
1155 2073 1383 2113 Dominus
1405 2072 1577 2112 Paulus
1601 2071 1611 2091 ¹
1634 2072 1857 2122 interfuit,

226 2144 304 2183 ubi
325 2155 459 2183 suam
478 2145 700 2183 latentem
723 2144 1065 2194 quodammodo
1087 2144 1329 2192 virtutem,
1363 2143 1611 2194 multisque
1632 2154 1724 2182 non
1745 2142 1859 2182 satis

228 2220 364 2253 antea
387 2215 643 2264 cognitam,
668 2227 761 2254 non
782 2215 880 2254 sine
910 2214 998 2254 Dei
1029 2215 1205 2255 honore
1234 2220 1277 2254 et
1307 2213 1482 2264 majore
1504 2212 1752 2253 Societatis
1781 2224 1859 2252 au-

227 2284 470 2334 thoritate,
494 2285 684 2335 protulit
709 2291 752 2325 et
774 2286 819 2324 in
841 2286 1097 2336 pleniorem
1118 2286 1269 2325 lucem
1289 2284 1454 2324 emisit.

308 2348 553 2405 interjecto
576 2367 831 2405 paucorum
859 2357 1038 2396 dierum
1066 2356 1218 2407 spatio
1251 2355 1417 2395 nobilis
1448 2354 1637 2406 quidam
1656 2354 1860 2407 Joannes

230 2437 257 2464 a
290 2425 527 2475 Bononia,
566 2426 969 2477 Archidiaconus,
1013 2426 1084 2466 sui
1118 2426 1266 2477 patris
1301 2430 1454 2464 motus
1494 2424 1748 2474 desiderio,
1783 2423 1861 2474 qui

231 2507 334 2534 eum
362 2495 521 2535 videre
553 2496 868 2547 disputantem
897 2503 1092 2547 paterno
1129 2496 1330 2547 quodam
1366 2494 1537 2535 affectu
1566 2505 1861 2544 summopere

233 2566 445 2615 cupiebat
484 2572 527 2605 et
567 2565 663 2617 ejus
711 2567 884 2617 ingenii
924 2568 1049 2607 vires
1084 2567 1307 2618 experiri,
1346 2565 1585 2616 utriusque
1623 2564 1862 2604 facultatis

233 2636 557 2675 conclusiones
588 2637 633 2675 in
664 2648 844 2677 summo
874 2639 1044 2688 templo
1075 2637 1305 2688 frequenti
1332 2636 1706 2687 magistratuum,
1737 2634 1863 2674 nobi-

231 2705 362 2755 lium,
396 2706 708 2755 medicorum,
742 2708 1078 2747 monachorum
1114 2714 1157 2747 et
1193 2708 1391 2747 aliorum
1420 2706 1727 2758 plurimorum
1756 2716 1862 2745 con—

233 2785 374 2815 cursu
402 2776 625 2828 defendit,
657 2777 755 2828 ubi,
780 2790 886 2818 cum
906 2777 1027 2818 Rduss
1049 2777 1096 2818 P.
1128 2777 1358 2818 Dominus
1389 2777 1560 2817 Paulus
1587 2776 1860 2828 disputaret,

293 3005 300 3023 ¹
343 3005 377 3030 P.
395 3005 518 3032 Paulus
534 3007 552 3033 d
568 3008 721 3034 Achillis.
