1987 3260
227 194 305 231 ⁴280
745 191 966 228 LITTERAE
993 202 1349 234 QUADRIMESTRES

961 640 1146 695 CXVI

314 868 361 904 P.
382 867 541 905 Petrus
561 866 764 905 Canisius

362 932 482 970 Patri
500 932 669 979 Ignatio
689 932 741 970 de
760 933 945 981 Loyola.

408 997 688 1045 Ingolstadio,
709 998 732 1034 2
750 998 948 1045 januarii
970 998 1060 1035 1552
1081 998 1103 1033 ¹.

966 1187 1145 1240 JESUS

331 1349 494 1390 Gratia
516 1355 559 1388 et
579 1360 672 1400 pax
694 1348 880 1388 Domini
901 1349 1058 1389 Nostri
1079 1348 1189 1400 Jesu
1206 1348 1377 1389 Christi
1396 1350 1440 1389 in
1462 1349 1593 1389 nobis
1615 1355 1658 1389 et
1680 1361 1761 1401 per
1781 1361 1869 1389 nos

250 1421 296 1460 in
319 1421 416 1460 dies
438 1425 678 1470 augeatur.
702 1418 867 1459 Amen.

330 1491 539 1532 Scribam
551 1490 609 1530 ad
625 1496 669 1529 te
686 1489 741 1529 de
759 1496 957 1541 quatuor
970 1490 1217 1542 mensibus,
1234 1497 1283 1531 ut
1300 1491 1529 1531 voluntati
1540 1496 1645 1530 tuae
1657 1502 1864 1542 paream,

252 1562 352 1602 Rde
378 1561 530 1611 Pater,
554 1566 828 1601 narraturus
849 1572 904 1600 ea
921 1561 1155 1601 succincte
1173 1573 1290 1613 quae
1307 1572 1478 1611 magno
1493 1561 1581 1601 Dei
1603 1561 1750 1601 nostri
1772 1573 1869 1601 mu—

252 1645 362 1673 nere
384 1633 488 1672 inde
520 1644 545 1670 a
575 1631 824 1682 septembri
845 1642 1068 1671 concessa
1089 1638 1195 1671 sunt
1223 1632 1369 1683 nobis,
1394 1638 1443 1671 ut
1471 1632 1652 1671 lucrum
1679 1632 1863 1683 quidem

252 1703 440 1754 aliquod
466 1702 614 1742 videri
642 1707 779 1753 queat
812 1701 1069 1753 spirituale,
1102 1702 1183 1742 sed
1213 1702 1399 1742 omnino
1426 1702 1646 1753 exiguum
1677 1702 1804 1754 illud,
1828 1703 1868 1742 si

253 1786 359 1814 cum
377 1774 573 1813 aliorum
593 1773 785 1812 Patrum
806 1778 849 1812 et
869 1772 1089 1812 Fratrum
1108 1773 1295 1824 scriptis
1316 1773 1599 1813 conferatur.

332 1844 465 1884 Initio
486 1843 706 1883 lectiones
728 1855 905 1893 sacrae,
926 1854 1041 1893 quas
1064 1843 1111 1882 in
1125 1843 1212 1883 hac
1231 1844 1471 1884 academia
1492 1845 1578 1884 soli
1594 1844 1866 1895 profitemur

258 1915 432 1954 Doctor
452 1914 669 1954 Nicolaus
691 1913 944 1953 Goudanus
965 1920 1009 1953 et
1032 1925 1136 1965 ego,
1168 1920 1496 1966 praeterquam
1523 1915 1645 1966 quod
1676 1927 1865 1955 consue-

256 1993 355 2025 tum
392 1985 595 2024 habuere
635 1996 916 2035 successum,
959 1985 1067 2036 quia
1101 1985 1313 2025 Christus
1348 1986 1590 2037 adspirare
1629 1986 1863 2037 dignatur,

256 2056 395 2095 ctiam
417 2055 719 2106 frequentiori
741 2061 784 2095 et
805 2056 1112 2095 constantiori
1133 2067 1272 2107 quam
1291 2057 1418 2107 prius
1442 2057 1668 2097 bonorum
1690 2057 1869 2096 audito-

255 2138 358 2166 rum
379 2137 571 2165 numero
593 2126 841 2165 decoratae
862 2125 1059 2165 fuerunt.
1082 2125 1328 2176 Aethicam
1349 2139 1463 2167 vero
1484 2128 1728 2168 lectionem
1750 2140 1869 2168 com-

256 2197 476 2236 mendant
504 2209 608 2236 cum
639 2196 831 2236 studiosi
853 2202 988 2248 atque
1014 2196 1242 2247 magistri,
1273 2209 1468 2248 quorum
1496 2198 1661 2249 ingens
1691 2200 1871 2240 accedit

260 2279 493 2317 numerus,
519 2280 622 2307 cum
643 2267 731 2318 ipsi
757 2279 937 2319 quoque
958 2268 1247 2319 professores
1275 2274 1412 2319 atque
1434 2269 1662 2320 doctores,
1692 2271 1769 2321 qui
1790 2282 1867 2311 no-

256 2339 435 2378 biscum
458 2349 597 2388 agere
619 2344 871 2389 coeperunt
891 2350 983 2378 non
1000 2340 1142 2380 semel
1159 2344 1208 2379 ut
1228 2339 1390 2379 horam
1405 2340 1650 2391 profitendi
1671 2353 1870 2381 commo-

257 2409 448 2458 diorem,
474 2420 591 2459 quae
618 2409 728 2459 ipsis
751 2408 1007 2460 deberetur,
1034 2409 1091 2449 ad
1118 2411 1478 2461 praelegendam
1508 2411 1737 2451 aethicam
1761 2424 1868 2452 ven-

258 2479 480 2518 dicemus.

337 2550 441 2602 Jam
463 2555 510 2588 ut
533 2550 741 2589 omittam
762 2550 983 2590 lectiones
1003 2551 1278 2602 ordinarias,
1302 2553 1576 2603 praesertim
1603 2553 1648 2592 in
1670 2563 1871 2604 evange—

259 2621 359 2660 licis
381 2626 423 2660 et
445 2621 711 2671 apostolicis
731 2620 759 2671 ²,
783 2621 1002 2672 privatim
1023 2633 1205 2673 quoque
1226 2622 1461 2674 docemus,
1491 2622 1570 2663 sed
1591 2623 1654 2662 ita
1686 2629 1734 2663 ut
1762 2624 1874 2663 nulli

259 2691 516 2741 denegetur
537 2691 595 2730 ad
617 2691 732 2730 haec
755 2691 983 2732 audienda
1011 2693 1153 2742 locus,
1179 2704 1295 2744 quae
1322 2693 1522 2733 maxime
1553 2693 1612 2733 ad
1638 2695 1870 2745 explican-

315 2851 324 2870 ί
364 2851 606 2885 Apographum
622 2851 654 2878 in
669 2851 757 2878 foliis
773 2851 805 2879 12
818 2855 851 2879 et
868 2852 900 2878 13
915 2851 1045 2879 Codicis
1060 2853 1174 2881 1551.—
1184 2853 1427 2888 Autographas
1450 2853 1573 2881 Canisii
1596 2855 1730 2882 litteras
1758 2856 1874 2883 nullibi

256 2897 370 2924 adhuc
386 2898 534 2931 reperire
550 2898 726 2931 valuimus3
743 2906 845 2932 quare
862 2899 938 2933 quid
954 2900 986 2926 in
1003 2900 1050 2927 eis
1064 2899 1240 2934 Polancus,
1253 2905 1288 2928 ut
1303 2901 1374 2935 ejus
1389 2901 1490 2928 moris
1507 2905 1598 2935 erat,
1615 2902 1802 2930 immutarit
1816 2910 1874 2930 seu

261 2944 459 2977 emendarit,
476 2945 552 2977 quid
567 2945 743 2979 addiderit,
760 2946 882 2979 quidve
897 2947 1132 2981 suppresserit,
1149 2947 1297 2975 indicare
1313 2949 1496 2983 nequimus.

316 2991 329 3010 ”2
366 2991 403 3018 In
417 2991 598 3025 Evangelii
613 2996 643 3018 et
656 2993 884 3027 epistolarum,
902 2994 995 3021 Pauli
1010 2995 1221 3029 praesertim,
1238 2995 1458 3029 expositione.
