1987 3260
880 172 960 208 Aa.
993 170 1078 207 1551
1718 171 1788 207 3:39

884 620 1070 674 XCIV

235 843 280 879 P.
305 843 597 890 Hieronymus
621 843 870 879 Domenech

281 908 327 944 P.
348 907 516 955 Ignatio
537 908 589 944 de
608 908 793 954 Loyola.

328 972 544 1016 Valentia,
569 973 584 1008 1
606 972 798 1018 Augusti
820 972 904 1009 1551
929 972 953 1006 ¹.

376 1038 607 1084 (Excerpta
628 1048 681 1074 ex
701 1037 872 1082 litteris)

255 1187 305 1213 Ex
323 1187 447 1214 litteris
462 1186 617 1220 Magistri
636 1186 832 1220 Hieronymi
848 1185 1042 1213 Domenech
1058 1185 1239 1213 Valentiae
1261 1185 1397 1218 scriptis
1413 1184 1457 1210 La
1472 1183 1524 1210 die
1543 1183 1696 1217 Augusti.

244 1319 382 1359 Pater
398 1319 564 1369 Miron‚
579 1317 712 1369 juxta
729 1317 907 1358 Summi
923 1317 1160 1357 Pontificis
1176 1322 1220 1356 et
1237 1317 1285 1356 P.
1305 1316 1363 1356 V.
1385 1315 1708 1364 obedientiam,
1729 1315 1787 1354 ad

165 1392 338 1442 Regem
359 1389 671 1440 Portugalliae
703 1388 946 1429 discedens
974 1389 1026 1428 25
1051 1388 1178 1441 Julii‚
1205 1388 1320 1428 duos
1341 1399 1400 1426 ex
1419 1386 1639 1426 fratribus
1660 1391 1704 1426 et
1726 1386 1787 1425 in-

161 1464 342 1513 signem
358 1472 553 1513 puerum
570 1460 818 1512 quemdam
833 1471 980 1511 nuper
993 1459 1068 1498 hic
1085 1459 1340 1498 admissum
1357 1469 1516 1497 secum
1532 1457 1634 1497 tulit
1649 1456 1679 1506 ²,
1694 1457 1786 1508 qui,

160 1546 266 1574 curn
286 1533 517 1573 decimum
537 1532 724 1571 tertium
746 1530 913 1571 aetatis
940 1541 1114 1570 annum
1140 1535 1272 1580 agat,
1303 1528 1428 1568 dictu
1455 1529 1623 1568 mirum
1649 1539 1788 1579 quan-

161 1615 259 1645 tum
277 1605 323 1644 in
338 1602 688 1644 humanioribus
708 1602 889 1652 litteris,
912 1600 1161 1652 praecipue
1178 1600 1225 1640 in
1246 1600 1505 1649 rhetoricis
1525 1598 1788 1650 profecerit,

163 1687 392 1727 quamque
413 1674 659 1726 praeclaro
681 1673 867 1724 ingenio
890 1678 934 1713 et
950 1671 1123 1723 judicio
1144 1683 1237 1711 non
1257 1671 1447 1721 minori,
1471 1670 1645 1721 quieta,
1668 1676 1717 1709 ut
1745 1670 1791 1709 in

163 1748 239 1787 illa
262 1752 429 1796 aetate,
448 1752 493 1786 et
512 1745 755 1785 rarissima
776 1743 928 1784 indole
950 1755 1005 1783 ac
1026 1742 1335 1795 propensione
1352 1742 1411 1781 ad
1428 1741 1649 1781 virtutem
1663 1752 1791 1792 prae-

164 1818 287 1858 ditus
308 1818 388 1868 sit,
411 1823 460 1857 ut
482 1815 650 1867 conjici
670 1815 835 1856 merito
856 1815 1004 1866 possit
1025 1825 1130 1854 eum
1159 1813 1446 1863 singularem
1474 1811 1561 1852 Dei
1589 1823 1791 1861 servum,

167 1890 204 1928 si
225 1889 364 1938 vivit,
389 1899 654 1928 evasurum.
674 1886 789 1926 Cum
809 1885 858 1925 P.
883 1885 1035 1925 Miron
1057 1896 1216 1924 secum
1237 1884 1359 1924 ferre
1386 1884 1526 1923 vellet
1546 1883 1669 1923 hunc
1689 1894 1794 1933 pue-

165 1972 269 2000 rum
290 1960 414 2009 (nam
435 1957 781 2009 extemporaria
803 1957 1065 2008 eloquentia
1087 1956 1254 2007 quavis
1275 1955 1331 1995 de
1359 1967 1409 1994 re
1440 1954 1680 2006 proposita
1710 1954 1794 1993 ele-

165 2037 331 2082 ganter
348 2030 489 2069 latine
506 2028 706 2078 disserit,
718 2035 762 2067 et
780 2027 984 2067 oratorio
1002 2038 1130 2066 more
1147 2038 1252 2065 curn
1267 2025 1574 2065 admiratione
1591 2024 1794 2064 maxima

167 2101 452 2142 audientium
473 2099 735 2149 declamat),
755 2099 909 2138 visum
928 2097 1041 2137 mihi
1061 2103 1131 2137 est
1151 2097 1369 2148 expedire
1390 2102 1440 2136 ut
1461 2095 1559 2147 ejus
1579 2102 1796 2147 parentes

168 2174 212 2213 id
232 2179 463 2224 peterent,
488 2178 531 2211 et
552 2183 645 2210 non
666 2171 799 2210 aliter
820 2169 1098 2209 faciendum.
1123 2168 1243 2208 Puer
1264 2169 1434 2219 itaque,
1456 2167 1716 2219 praemissa
1738 2166 1797 2206 ad

166 2244 317 2284 Deum
338 2243 560 2291 oratione,
584 2241 708 2292 patri
728 2240 1009 2292 persuadere
1029 2240 1075 2280 id
1096 2240 1273 2289 nititur;
1296 2250 1493 2290 cumque
1514 2238 1643 2278 initio
1665 2246 1797 2288 pater

166 2315 207 2354 ei
230 2315 534 2361 minitaretur,
561 2313 599 2352 si
619 2312 811 2352 ulterius
831 2324 886 2351 ea
907 2312 963 2351 de
984 2323 1033 2351 re
1055 2311 1305 2362 quicquam
1326 2310 1515 2359 diceret,
1547 2309 1614 2349 sic
1642 2317 1798 2349 tamen

167 2385 396 2437 spirituali
417 2384 652 2424 rhetorica
674 2394 784 2423 usus
805 2388 873 2422 est
894 2393 1023 2433 puer,
1043 2388 1091 2421 ut
1110 2382 1157 2421 in
1177 2393 1311 2421 suam
1331 2380 1609 2421 sententiam
1625 2386 1796 2420 utrum-

166 2468 254 2507 que
276 2462 517 2507 parentem
538 2454 843 2506 pertraxerit3
865 2454 982 2494 adeo
1004 2460 1053 2493 ut
1072 2453 1121 2493 P.
1145 2453 1425 2503 Magistrum
1446 2451 1673 2492 Mironem
1693 2462 1799 2491 cum

166 2527 390 2578 lacrymis
412 2532 633 2577 rogarent
654 2532 702 2565 ut
725 2536 918 2576 puerum
938 2524 1060 2564 ferre
1082 2535 1242 2564 secum
1269 2524 1316 2563 in
1342 2523 1678 2573 Portugalliam
1704 2523 1796 2561 vel-

226 2685 234 2704 ¹
274 2685 360 2711 Bina
377 2685 498 2711 harum
514 2685 705 2711 litterarum
718 2685 872 2718 exempla
888 2685 1060 2716 habemus;
1075 2684 1221 2718 primurn
1235 2690 1337 2710 manu
1362 2683 1475 2709 Patris
1498 2682 1662 2709 Bernardi
1684 2682 1792 2708 Olive—

170 2732 210 2759 rii
228 2737 410 2759 exaratum
425 2737 457 2759 et
484 2740 504 2759 a
527 2732 562 2759 P.
587 2732 733 2759 Polanco
757 2732 972 2759 emendatum
993 2735 1026 2758 et
1041 2735 1177 2758 auctum
1199 2731 1230 2758 in
1252 2731 1331 2758 folio
1353 2730 1431 2757 olim
1450 2730 1518 2763 417,
1540 2737 1625 2756 nunc
1640 2730 1691 2763 71;
1714 2731 1795 2756 alte-

170 2787 253 2810 rum,
271 2787 311 2806 ex
326 2780 444 2814 primo,
461 2784 496 2807 ut
511 2784 673 2814 apparet,
690 2779 879 2807 confectum
895 2779 928 2806 in
944 2779 1118 2811 Cod.1551‚
1136 2778 1241 2805 s01.58
1254 2778 1304 2806 v.‘’

221 2827 234 2846 ²
273 2827 443 2855 “Recessit
468 2834 549 2861 ergo
576 2827 610 2854 P.
636 2826 743 2854 Miron
763 2828 795 2854 21
817 2826 894 2860 Julii
921 2830 954 2853 et
975 2834 1089 2853 secum
1113 2826 1208 2852 duxit
1234 2825 1373 2852 Patrem
1397 2825 1586 2859 quemdam,
1602 2823 1797 2856 cognomine

168 2882 172 2889 ¹
190 2874 347 2908 Petrum)
374 2875 533 2906 Parram,
563 2879 596 2901 et
626 2874 873 2908 coadjutorem,
902 2877 935 2900 et
961 2881 1135 2907 puerum...
1147 2894 1161 2905 ,,
1188 2872 1359 2904 ΡοιΑΝεο,
1387 2872 1521 2903 (ΣΙινοη.,
1548 2876 1569 2899 t.
1596 2878 1629 2905 11,
1657 2878 1688 2898 a.
1718 2870 1794 2903 1551,

169 2929 246 2955 pag.
260 2922 322 2953 351,
339 2929 369 2948 n.
386 2922 596 2949 ‘BL-Puero
613 2929 731 2948 nomen
746 2925 820 2948 erat
836 2921 995 2948 Nicolaus
1011 2919 1311 2947 Gracida.-Clare
1334 2920 1365 2947 in
1386 2920 1438 2947 his
1454 2919 1578 2946 litteris
1593 2918 1718 2952 legitur
1733 2926 1789 2945 nu<

170 2976 281 2996 merus
296 2969 339 3003 253
357 2969 441 2996 unde
458 2969 702 2996 emendandum
718 2969 853 2996 videtur
869 2968 1072 3001 chronicon,
1085 2968 1151 3000 ubi,
1168 2967 1231 2994 etsi
1249 2974 1312 2993 non
1327 2967 1374 2994 ita
1390 2967 1577 3002 perspicue,
1591 2966 1736 3000 legimus
1751 2966 1794 2992 ¹21.
