1987 3260
194 201 264 239 408
702 203 927 241 LITTERAE
954 215 1307 247 QUADRiMEsrREs

195 298 400 338 cessario
421 304 651 350 tenentur,
677 305 899 351 tantaque
926 312 1017 340 uno
1038 301 1293 353 eodemque
1320 309 1527 355 tempore
1555 311 1809 345 occurrunt

195 369 392 419 agenda,
418 375 461 409 et
482 370 615 420 plura
638 370 777 409 etiam
798 370 845 409 in
860 370 958 410 dies
979 371 1197 412 videntur
1218 384 1481 425 accessura,
1506 380 1554 414 ut
1574 375 1719 415 multa
1737 377 1811 416 vel

195 440 424 491 omittere,
443 441 517 481 vel
534 442 698 481 saltem
714 441 760 481 in
777 441 901 481 aliud
918 441 1110 493 rejicere
1128 449 1323 494 tempUS,
1347 446 1663 485 necessarium
1684 446 1757 485 sit.

272 510 332 551 Ut
355 512 494 551 etiam
512 512 684 562 aliquid
706 512 761 552 de
781 512 954 552 nostris
970 513 1166 564 privatis
1187 514 1353 553 studiis
1370 520 1414 554 et
1431 515 1665 556 exercitiis
1681 516 1733 556 T.
1756 516 1807 556 P.

195 581 436 632 intelligat,
456 582 659 633 quotidie
676 583 811 622 simul
827 595 964 623 mane
980 595 1167 624 sacrum
1183 584 1411 636 audimus;
1428 585 1641 636 privatae
1658 593 1812 626 autem

196 651 433 692 orationes
472 658 515 691 et
550 653 864 693 conscientiae
903 654 1119 694 examina
1160 654 1362 705 quotidie
1396 655 1493 695 suis
1527 657 1813 708 temporibus

196 722 332 773 fiunt;
368 729 414 763 at
444 735 592 774 neque
627 723 686 762 ob
725 723 771 763 id
812 735 924 764 sane
958 724 1110 764 studia
1143 725 1403 765 litterarum
1437 731 1543 766 sunt
1578 727 1811 767 remissio-

195 804 263 832 ra.
286 792 421 844 Legit
447 805 646 845 namque
673 794 798 835 domi
824 794 945 834 Rdus
966 795 1014 835 Ρ.
1048 795 1268 836 Nicolaus
1302 796 1416 836 satis
1444 808 1580 837 mane
1610 797 1811 838 dialecti-

197 875 311 915 cem,
343 865 419 916 qui
445 865 617 916 alioqui
645 877 738 906 non
758 878 924 917 parum
954 866 1163 907 facturus
1184 867 1444 918 videbatur,
1467 868 1506 907 si
1532 874 1577 908 et
1599 868 1813 919 publicae

197 935 480 986 Theologiae
500 936 687 976 lectioni
708 942 752 976 et
773 937 1132 977 domesticarum
1158 950 1313 978 rerum
1334 938 1655 989 praefecturae
1681 939 1810 980 satis—

197 1006 385 1046 faceret.
427 1006 679 1047 Isocratem
712 1019 936 1059 graecum
975 1008 1035 1049 M.
1077 1007 1378 1049 Schorichius
1416 1009 1746 1061 interpretatur
1785 1022 1811 1049 a
1855 998 1857 1000 ’

198 1078 412 1129 prandi03
438 1078 611 1130 aliquid
632 1079 688 1119 de
709 1078 955 1119 rhetoricis
976 1079 1036 1119 M.
1059 1079 1280 1131 Erardus,
1304 1092 1485 1120 necnon
1506 1081 1561 1121 de
1581 1092 1812 1132 gramma·

197 1149 300 1189 ticis
319 1150 597 1200 praeceptis,
621 1149 863 1190 destinatis
880 1150 1023 1200 horis,
1044 1151 1249 1202 exponit.
1272 1151 1374 1201 Ego
1394 1163 1506 1191 vero
1522 1151 1692 1191 bonam
1710 1163 1812 1203 par—

197 1226 290 1259 tem
309 1219 414 1259 libri
444 1220 683 1260 Ciceronis
710 1221 764 1260 de
791 1220 1014 1270 amicitia,
1042 1227 1090 1261 ut
1126 1221 1268 1272 potui,
1301 1222 1529 1262 hactenus
1564 1222 1810 1273 explicavi;

196 1291 645 1342 grammaticamque
665 1302 889 1341 graecam
909 1291 1127 1331 Clenardi
1148 1303 1254 1333 cum
1274 1291 1496 1332 fratribus
1516 1298 1614 1332 tum
1634 1298 1810 1344 repetO,

196 1367 293 1400 tum
314 1361 453 1401 etiam
475 1373 593 1412 quae
614 1373 707 1401 non
729 1361 976 1401 audierunt
997 1362 1211 1413 explano,
1235 1362 1298 1402 ita
1315 1368 1378 1412 ut,
1404 1374 1508 1402 cum
1528 1363 1631 1402 illos
1648 1362 1815 1414 juvare

197 1432 490 1482 contendam,
515 1443 587 1471 me
609 1432 761 1483 magis
781 1433 880 1484 ipse
903 1432 1086 1472 erudire
1106 1433 1329 1472 laborem.
1352 1433 1491 1473 Fiunt
1518 1433 1816 1484 repetitiones

196 1502 398 1553 quotidie
415 1514 422 1553 ;
443 1503 779 1553 disputationes
795 1514 909 1542 vero
927 1503 1193 1543 dialectices
1209 1509 1252 1543 et
1267 1504 1598 1554 grammatices
1614 1515 1816 1554 graecae

194 1573 335 1612 certis
356 1573 516 1613 diebus
537 1573 582 1613 in
603 1573 894 1613 hebdomada
912 1574 1200 1625 constitutis3
1223 1574 1526 1625 epistolarum
1543 1575 1816 1626 compositio

192 1655 286 1683 non
307 1644 554 1695 omittitur3
586 1650 925 1695 componuntur
947 1650 990 1684 et
1021 1645 1230 1685 carmina
1251 1645 1297 1685 in
1324 1644 1604 1685 Sanctorum
1631 1646 1818 1686 laudem

195 1720 274 1754 aut
300 1714 355 1754 de
383 1715 538 1766 aliqua
565 1727 614 1755 re
641 1715 731 1766 pia.
769 1715 942 1755 Ordine
976 1716 1242 1767 spirituales
1278 1716 1417 1756 etiam
1452 1716 1816 1756 declamationes

195 1785 356 1825 diebus
386 1785 537 1836 festis,
567 1786 675 1825 dum
703 1786 866 1837 reliqui
898 1792 1114 1837 coenant,
1146 1786 1374 1827 habentur
1409 1787 1465 1827 ab
1497 1788 1667 1838 aliquo.
1698 1786 1817 1827 Aliis

196 1861 351 1896 autem
372 1856 548 1907 diebus,
572 1863 615 1896 et
636 1868 771 1897 mane
793 1863 837 1897 et
858 1868 1069 1908 vespere,
1093 1858 1156 1908 pii
1178 1856 1370 1908 alicujus
1397 1858 1501 1898 libri
1524 1858 1738 1898 audimus
1758 1859 1815 1898 le-

196 1926 410 1977 ctionem,
434 1928 606 1967 lectore
636 1927 798 1967 ordine
825 1928 1117 1978 praestituto.
1149 1927 1345 1968 Accedit
1373 1928 1443 1967 his
1475 1928 1687 1968 omnibus
1708 1940 1818 1979 quo-

197 2009 284 2048 que
310 1997 573 2048 hujusmodi
595 1998 868 2038 exercitium
890 1997 1137 2049 quoddam,
1163 2010 1253 2050 quo
1276 2005 1319 2038 et
1341 1999 1537 2039 studiosi
1557 1999 1754 2039 excitari
1774 2004 1819 2038 et

196 2068 360 2107 melius
383 2080 500 2119 quae
522 2068 608 2108 PP.
632 2070 792 2120 legunt
813 2069 1054 2120 percipere
1075 2069 1268 2120 possint,
1293 2075 1343 2109 ut
1368 2069 1510 2120 aliqui
1530 2076 1741 2109 nostrum
1770 2070 1818 2109 in

198 2140 436 2179 communi
456 2139 785 2179 Universitatis
806 2140 1055 2190 gymnasio
1073 2139 1128 2179 de
1146 2140 1249 2190 illis,
1271 2151 1389 2191 quae
1406 2140 1568 2180 Patres
1586 2140 1816 2191 petierint,

197 2210 442 2260 rationem,
467 2216 560 2260 aut,
591 2221 751 2249 eorum
773 2210 981 2261 repetitis
1002 2211 1305 2261 argumentis,
1329 2222 1605 2262 responsum
1628 2210 1821 2266 reddere

199 2280 411 2320 debeant.
436 2280 569 2331 Quod
590 2281 774 2332 quidem
795 2281 980 2321 assidue
1008 2281 1182 2322 factum
1203 2287 1286 2332 est,
1319 2288 1363 2321 et
1383 2281 1432 2321 fit
1453 2281 1592 2321 etiam
1618 2293 1754 2332 nunc,
1777 2283 1820 2320 in

200 2351 396 2391 lectione
419 2351 529 2391 ΜΝ·ἰ
552 2352 903 2402 sententiarum,
928 2363 1206 2403 unaquaque
1228 2352 1523 2392 distinctione
1540 2352 1764 2392 absoluta.

281 2421 551 2461 Domestica
572 2434 684 2461 vero
707 2422 871 2472 officia,
896 2422 1122 2462 hactenus
1140 2422 1186 2462 in
1206 2422 1374 2462 fratres
1396 2423 1640 2462 distributa
1661 2455 1668 2473 ,
1691 2434 1821 2474 prae-

200 2492 334 2532 dictis
370 2492 602 2532 adduntur
636 2493 890 2543 exercitiis;
927 2504 1076 2544 neque
1110 2493 1437 2544 Philosophiae
1473 2493 1713 2544 magistris
1748 2504 1821 2532 co-

199 2562 340 2613 quina
374 2563 597 2613 pepercit,
635 2563 713 2614 qui
748 2569 877 2603 tanto
912 2564 1064 2614 magis
1098 2575 1146 2603 se
1180 2564 1299 2604 forte
1335 2564 1570 2615 digniores
1604 2569 1821 2614 reputant

202 2639 375 2684 quanto
398 2632 569 2673 diutius
590 2633 671 2673 tali
691 2645 774 2684 pro
796 2633 916 2684 Xpo.
939 2634 1071 2684 fungi
1097 2634 1233 2674 datur
1255 2634 1417 2683 officio,
1442 2645 1535 2674 non
1552 2634 1823 2684 ignorantes

202 2714 338 2759 posse
356 2703 454 2743 sine
467 2703 631 2743 litteris
644 2705 827 2753 multos,
848 2704 945 2743 sine
959 2704 1218 2744 humilitate
1235 2717 1348 2744 vero
1361 2704 1604 2754 neminem,
1623 2704 1823 2755 patriam

203 2773 393 2813 introire
423 2774 685 2813 coelestem.

281 2843 366 2883 His
388 2850 541 2883 autem
563 2844 774 2895 scriptis,
799 2844 901 2883 aliis
922 2844 1060 2883 etiam
1090 2857 1183 2884 non
1211 2845 1472 2884 inconsulto
1501 2844 1708 2893 omissis,
1740 2845 1823 2884 sed

205 2914 262 2953 ad
282 2913 506 2964 majorem
527 2914 613 2954 Dei
633 2915 831 2964 gloriam
852 2915 898 2954 in
919 2915 1043 2955 aliud
1071 2922 1252 2965 tempus
1273 2914 1476 2965 rejectis,
1499 2915 1610 2954 illud
1637 2915 1822 2955 omnino

203 2995 295 3024 non
316 2985 603 3025 reticendum
624 2984 884 3025 videbatur:
908 2986 1105 3035 Venisse,
1130 2986 1362 3035 videlicet,
1385 2985 1610 3025 hactenus
1629 2985 1823 3025 nonnul-
