1987 3260
209 155 280 191 704
718 155 944 192 LITTERAE
971 165 1326 198 QUADRIMESTRES

209 250 414 301 adducti,
437 245 513 301 qui
534 251 620 290 sibi
641 251 753 290 satis
775 262 1004 301 superque
1026 261 1126 290 esse
1148 250 1320 300 dicunt,
1341 250 1379 289 si
1401 250 1581 290 discant
1605 252 1834 293 illibonos

210 332 378 370 mores,
403 320 509 360 licet
532 321 578 359 in
598 320 763 360 litteris
783 320 896 359 nihil
916 320 1176 371 proficiant.
1656 336 1658 338 ·

289 390 441 430 Curae
479 390 612 430 nobis
646 396 714 429 est
747 396 795 429 ut
829 391 971 430 semel
1004 402 1085 441 per
1121 390 1328 441 singulos
1364 403 1548 431 menses
1581 392 1628 430 in
1663 393 1833 443 templo

208 467 368 500 nostro
389 467 691 512 peccatorum
721 460 1060 501 confessionem
1087 461 1366 511 exercitent,
1401 463 1475 501 vel
1500 463 1638 513 paulo
1664 463 1832 513 rarius,

207 539 269 580 ut,
289 538 416 582 puta,
440 537 637 582 quatuor
654 532 879 583 proximis
895 532 1130 572 mensibus
1152 532 1352 572 confessi
1374 538 1493 583 sunt,
1519 533 1704 572 ineunte
1726 545 1833 584 qua·

207 601 489 651 dragesima,
512 602 559 641 in
580 601 810 642 Paschate
832 608 875 642 et
897 603 943 642 in
964 602 1258 653 Pentecoste;
1282 615 1405 642 nunc
1426 615 1540 642 vero
1563 603 1712 643 audiri
1733 615 1832 644 coe-

205 677 373 721 perunt
393 673 689 723 promulgato
710 673 784 713 hic
801 672 1019 724 jubilaeo.

285 741 425 781 Domi
445 749 690 793 praeterea
710 744 996 794 praelegitur
1016 745 1249 783 nonnullis
1271 745 1577 794 grammatica
1600 756 1773 795 graeca
1790 752 1834 786 et

206 818 422 852 auctores
443 813 533 853 duo
557 813 763 865 ejusdem
784 815 986 865 linguae.

285 882 423 922 Pater
457 883 675 924 Andreas
709 884 954 925 dominicis
994 892 1036 924 et
1076 885 1205 925 festis
1245 886 1348 925 aliis
1387 885 1549 925 diebus
1584 886 1832 925 conciones

204 952 342 992 habet
361 953 420 992 ad
440 955 661 1005 populum
678 966 764 993 nec
780 954 1116 1006 infrequentem
1134 967 1220 995 nec
1236 955 1531 1006 incelebrem,
1552 956 1830 1007 quandoque

203 1023 333 1062 multi
355 1024 534 1064 nobiles
554 1025 807 1076 intersunt,
831 1037 916 1065 nec
944 1037 1110 1077 parum
1137 1026 1399 1066 devotionis
1428 1033 1472 1066 et
1499 1027 1830 1067 consolationis

202 1100 395 1134 sanctae
416 1096 706 1135 auditoribus
726 1108 998 1136 accrescere
1020 1096 1217 1147 videtur,
1238 1109 1293 1137 ac
1315 1097 1640 1148 eleemosynae
1660 1109 1830 1149 paupe·

202 1164 330 1204 ribus
360 1177 443 1216 per
476 1177 581 1205 eum
610 1167 665 1206 de
699 1174 925 1217 suggestu
956 1167 1293 1207 commendatis
1324 1174 1599 1218 erogantur,
1631 1167 1831 1218 majores

203 1245 342 1284 quam
365 1236 467 1287 quis
489 1244 721 1288 speraret,
746 1238 802 1277 ob
833 1238 923 1277 loci
950 1237 1083 1288 hujus
1112 1250 1137 1278 a
1165 1237 1395 1289 frequenti
1423 1238 1627 1278 civitatis
1654 1239 1828 1278 habita-

202 1305 327 1344 tione
347 1306 537 1356 longam
563 1306 846 1347 distantiam.
876 1308 1009 1347 Unde
1037 1309 1178 1348 etiam
1206 1308 1429 1348 miramur
1457 1309 1708 1359 discipulos
1738 1310 1828 1359 ple-

201 1387 371 1426 rosque
393 1389 449 1416 ex
470 1377 589 1417 vicis
610 1379 787 1428 procul,
808 1385 855 1418 ut
876 1385 1002 1428 puta,
1024 1379 1219 1419 duorum
1240 1381 1313 1419 vel
1334 1379 1471 1418 trium
1489 1390 1713 1430 passuum
1733 1379 1827 1418 mil-

202 1446 262 1485 lia
284 1446 473 1497 dissitis,
498 1448 557 1487 ad
579 1448 788 1488 scholam
808 1455 1019 1488 nostram
1040 1449 1286 1489 ventitare.

282 1517 421 1557 Pater
456 1518 632 1558 Caesar
666 1519 911 1559 dominicis
946 1519 1108 1559 diebus
1143 1531 1382 1560 sermones
1417 1520 1528 1559 facit
1570 1521 1615 1559 in
1656 1521 1825 1571 templo

202 1599 342 1638 super
360 1589 626 1640 praecipuis
648 1589 887 1629 doctrinae
909 1589 1191 1630 christianae
1213 1590 1437 1641 partibus.
1461 1589 1512 1629 In
1534 1591 1695 1630 schola
1715 1602 1827 1630 vero

204 1658 418 1698 eamdem
452 1659 728 1699 familiarius
763 1660 974 1711 exponit.
1005 1666 1049 1700 et
1075 1659 1345 1700 discendam
1375 1667 1506 1700 curat
1534 1674 1558 1700 a
1590 1660 1827 1711 discipulis

200 1728 362 1768 diebus
384 1730 584 1770 veneris,

279 1798 350 1839 De
372 1800 741 1840 confessionibus
763 1802 931 1841 auditis
952 1802 998 1841 in
1028 1802 1199 1853 templo
1227 1809 1388 1842 nostro
1418 1813 1501 1852 per
1528 1802 1615 1841 hoc
1646 1802 1826 1853 quadri-

198 1876 371 1910 mestre
392 1871 512 1910 ratio
534 1872 830 1922 particularis
850 1872 981 1912 reddi
1002 1884 1094 1911 non
1122 1879 1294 1923 potest,
1326 1872 1601 1923 praesertim
1631 1872 1826 1923 quadra-

197 1941 381 1990 genarii
396 1940 556 1992 jejunii
578 1947 805 1993 tempore;
830 1943 1132 1993 quamobrem
1154 1943 1267 1982 satis
1299 1942 1437 1982 fuerit
1467 1942 1523 1982 de
1551 1943 1825 1993 quibusdam

198 2011 348 2051 solum
369 2012 649 2063 meminisse,
670 2013 717 2052 in
732 2013 897 2064 quibus
915 2013 1044 2053 visus
1066 2019 1135 2053 est
1150 2012 1379 2052 Dominus
1398 2013 1685 2063 singularem
1705 2025 1824 2053 com-

198 2088 487 2123 monstrasse
508 2083 728 2135 pietatem
749 2095 882 2124 suam
904 2096 958 2124 ac
988 2084 1229 2134 virtutem,
1260 2084 1431 2134 ereptis
1461 2084 1706 2124 animabus
1734 2085 1823 2135 ple-

198 2153 354 2203 risque
389 2165 447 2193 ex
481 2154 652 2194 diaboli
684 2154 895 2194 faucibus
923 2167 977 2194 ac
1012 2154 1068 2194 de
1094 2160 1259 2194 ventre
1286 2154 1434 2193 inferi.
1465 2153 1515 2193 In
1549 2166 1603 2193 eo
1632 2165 1824 2194 numero

198 2229 305 2262 sunt
321 2224 522 2275 quinque
540 2230 618 2264 aut
640 2236 724 2264 sex
738 2225 918 2276 pridem
939 2225 1211 2265 lutheranae
1232 2231 1388 2264 sectae
1410 2224 1599 2271 addicti,
1620 2225 1822 2265 immersi

196 2293 403 2343 peccatis
424 2300 520 2333 tam
549 2295 705 2335 multis
731 2301 775 2335 et
801 2301 897 2335 tam
923 2296 1168 2346 gravibus,
1199 2301 1248 2334 ut
1283 2307 1340 2335 ne
1367 2295 1415 2334 in
1441 2295 1821 2346 imaginationem

196 2364 382 2414 quidem
421 2366 581 2405 venire
620 2373 830 2417 possent,
874 2367 1084 2406 homines
1118 2366 1323 2417 alioquin
1362 2366 1550 2405 minime
1585 2367 1818 2416 vulgares.

197 2434 445 2475 Caeterum
467 2436 523 2475 de
543 2437 855 2487 peculiaribus
877 2437 1114 2488 cujusdam
1137 2437 1259 2476 notis
1281 2443 1325 2476 et
1347 2436 1689 2475 conditionibus
1709 2436 1820 2475 nihil

197 2504 372 2555 dicam,
396 2506 505 2557 quin
526 2507 680 2557 potius
701 2507 817 2547 adeo
840 2507 1107 2547 indistincte
1127 2508 1291 2558 loquar
1319 2513 1381 2556 ut,
1412 2506 1552 2546 etiam
1579 2507 1617 2546 si
1646 2506 1819 2546 contin-

196 2581 278 2624 gat
299 2576 385 2615 has
405 2577 586 2616 litteras
608 2577 818 2618 Venetiis
838 2578 946 2617 totis
968 2577 1216 2628 publicari,
1246 2589 1381 2617 nemo
1408 2577 1649 2627 percipere
1676 2577 1820 2627 possit

197 2645 253 2684 de
274 2646 439 2696 quibus
466 2646 546 2686 fiat
567 2659 735 2697 sermo,
760 2648 849 2687 nisi
870 2648 1052 2699 ipsimet
1072 2647 1286 2687 fortasse.

276 2715 347 2755 Ex
368 2716 457 2756 illis
478 2717 620 2767 igitur
640 2719 898 2758 lutheranis
920 2718 1060 2769 aliqui
1089 2730 1142 2757 eo
1171 2718 1381 2757 insaniae
1407 2724 1451 2757 et
1479 2717 1720 2757 caecitatis
1747 2717 1817 2756 de-

198 2793 436 2835 venerant,
457 2798 549 2827 una
572 2800 677 2827 curn
698 2789 822 2828 vitiis
843 2795 887 2828 et
903 2788 1108 2839 peccatis
1129 2787 1392 2838 hujusmodi
1409 2788 1669 2827 doctrinam
1690 2787 1819 2837 sequi

196 2855 362 2905 solitis,
386 2856 432 2895 id
453 2857 576 2906 quod
598 2864 693 2897 tum
715 2859 760 2897 in
782 2870 831 2898 se
851 2864 946 2897 tum
980 2859 1025 2897 in
1055 2859 1157 2897 aliis
1184 2858 1426 2909 permultis
1455 2857 1540 2897 sibi
1567 2857 1688 2897 notis
1718 2869 1816 2907 per·

195 2925 404 2973 spexisse
426 2931 670 2977 testantur,
694 2934 741 2967 ut
763 2940 855 2967 non
878 2929 990 2967 satis
1018 2928 1240 2968 haberent
1268 2928 1588 2967 communibus
1618 2927 1816 2966 luthera—
