1987 3260
885 163 968 200 AN.
999 163 1090 200 1552
1731 165 1802 202 713

174 261 303 301 accio
336 262 373 300 si
408 260 754 311 contemperino
781 259 808 298 l’
833 270 924 299 uno
953 265 997 298 et
1027 259 1054 298 l'
1085 260 1203 298 altro
1232 258 1440 310 Collegio
1471 261 1592 300 nella
1620 261 1798 311 qualita

175 332 244 371 de’
265 331 466 372 scholari
511 364 516 370 .

252 402 322 442 Ha
344 402 575 453 piacciuto
602 402 646 440 al
672 400 868 451 Signore
899 399 1026 440 Iddio
1057 406 1249 440 mettere
1271 406 1341 440 tra
1372 400 1437 451 gli
1459 401 1638 451 angioli
1659 401 1691 441 il
1718 413 1797 441 no-

171 479 267 512 stro
306 472 509 512 Maestro
544 471 746 522 Angiolo
782 471 809 521 ²,
851 482 939 511 con
978 472 1118 511 molta
1159 476 1321 510 nostra
1356 471 1677 511 consolatione
1717 473 1797 523 piu

173 548 326 593 presto
357 542 440 582 che
467 543 805 593 compassione.
839 540 1106 582 Solamente
1140 541 1181 581 ci
1216 541 1450 581 rincresce
1485 541 1570 582 che
1604 554 1699 582 non
1737 543 1797 582 ha

172 603 285 653 fatto
313 619 476 664 questo
505 613 702 652 transito
730 613 776 652 in
806 624 916 653 casa
949 618 1123 652 nostra.
1161 612 1227 652 La
1258 623 1403 652 causa
1435 612 1484 652 fu
1511 613 1701 664 perche,
1727 625 1796 653 es-

169 683 313 723 sendo
334 684 411 734 gia
434 694 591 723 mezzo
613 683 820 723 risanato
849 689 893 723 et
916 694 1046 723 come
1063 694 1177 723 sano
1194 683 1239 722 al
1265 693 1349 722 suo
1378 688 1610 734 costume,
1644 695 1796 724 venne

171 755 214 794 in
235 753 433 794 Venetia
462 766 487 793 a
520 766 630 794 casa
656 754 726 794 de’
766 753 933 794 fratelli
967 765 1048 806 per
1076 754 1275 794 visitarli
1301 760 1345 793 et
1374 755 1679 804 congratular
1703 755 1794 794 alla

169 826 341 876 partita
368 826 452 865 che
480 826 708 866 facevano
737 826 843 865 tutti
874 832 943 865 tre
970 837 1107 865 verso
1137 823 1342 875 Vienna,
1376 825 1572 865 essendo
1606 824 1638 865 il
1668 837 1795 877 mag-

168 897 271 947 gior
300 897 522 937 mandato
550 908 632 948 per
660 897 947 936 ambasciam
984 897 1027 936 al
1062 896 1128 936 Re
1163 895 1232 936 de'
1271 896 1484 936 Romani.
1521 896 1597 936 Ma
1634 897 1795 948 partiti

169 968 286 1017 loro,
318 968 469 1007 subito
491 968 529 1007 si
557 968 709 1007 amalo
739 967 784 1007 di
813 979 957 1017 novo,
990 974 1034 1007 et
1065 967 1280 1007 havendo
1315 968 1471 1007 animo
1502 967 1547 1008 di
1582 974 1745 1008 tornar
1767 981 1793 1007 a

171 1038 323 1078 Padoa
345 1051 427 1090 per
447 1040 525 1089 piu
555 1038 835 1078 commodita
857 1039 898 1078 d’
924 1039 1035 1089 ogni
1061 1038 1278 1089 bisogno,
1308 1050 1400 1078 non
1427 1039 1557 1078 volse
1578 1038 1651 1079 far
1671 1040 1792 1079 altra

169 1109 441 1153 mutatione,
475 1121 562 1148 con
594 1121 764 1160 pensas
792 1109 837 1149 di
869 1109 1098 1149 rihaversi
1125 1115 1303 1160 presto:
1336 1110 1476 1150 mala
1499 1121 1609 1149 cosa
1640 1122 1792 1150 venne

166 1193 192 1220 a
223 1181 312 1220 tale
342 1180 412 1220 fra
440 1181 577 1231 pochi
604 1181 668 1231 di,
699 1180 784 1221 che
811 1193 903 1220 non
929 1181 968 1220 si
995 1180 1179 1220 doveva
1208 1192 1396 1220 movere
1427 1193 1509 1232 per
1538 1181 1713 1232 niente,
1744 1189 1788 1222 et

165 1263 258 1292 non
291 1253 333 1291 lo
369 1251 689 1291 haveressimo
724 1258 884 1303 potuto
919 1252 1097 1292 condur
1127 1251 1186 1291 da
1216 1252 1292 1291 noi
1326 1263 1467 1292 senza
1500 1252 1708 1304 periculo
1744 1253 1791 1293 di

163 1323 365 1363 causarli
388 1335 413 1362 o
435 1323 480 1363 di
503 1323 740 1362 acceleras
761 1324 804 1362 la
827 1329 989 1363 morte.
1018 1322 1087 1362 Ne
1108 1322 1255 1362 anche
1277 1323 1320 1362 lo
1337 1323 1671 1363 haverebbono
1692 1335 1789 1374 per·

164 1405 316 1433 messo
352 1394 457 1445 quei
493 1394 537 1433 di
572 1405 694 1433 casa.
730 1393 832 1433 Non
861 1394 954 1433 cie
989 1399 1207 1433 mancato
1238 1405 1320 1444 per
1356 1394 1401 1433 la
1439 1393 1594 1444 gratia
1630 1393 1790 1434 divina

163 1464 204 1503 d'
224 1465 335 1516 ogni
352 1463 499 1505 officio
521 1464 859 1504 charitatevole
875 1470 919 1504 et
935 1463 1163 1513 fraterno,
1188 1464 1469 1504 visitandolo
1492 1464 1601 1515 ogni
1621 1465 1790 1515 giorno

161 1542 205 1575 et
238 1536 674 1587 accompagnando‚
704 1547 796 1575 non
828 1541 1010 1575 ostante
1041 1536 1084 1575 la
1114 1535 1472 1575 discommodita
1494 1547 1629 1575 come
1656 1536 1700 1575 la
1728 1536 1791 1575 di-

161 1606 332 1646 stantia
353 1606 393 1646 d·
415 1618 476 1646 un
497 1606 662 1646 luocho
685 1607 759 1645 all’
783 1606 922 1656 altro,
947 1606 1032 1645 che
1053 1610 1077 1645 e
1106 1607 1288 1645 almeno
1316 1618 1378 1646 un
1404 1606 1578 1656 miglio.
1609 1606 1656 1646 Io
1678 1607 1706 1646 l’
1730 1607 1790 1646 ho

162 1676 426 1717 confessato
450 1678 526 1728 piu
547 1679 672 1717 volte
694 1684 737 1717 et
759 1677 1120 1727 communicato,
1152 1676 1417 1727 dicendogli
1444 1689 1611 1717 messa.
1637 1676 1791 1729 Dopol

161 1747 305 1787 hebbe
327 1749 370 1787 la
391 1755 525 1788 santa
552 1749 762 1797 untione,
794 1749 1035 1787 consolato
1066 1754 1110 1787 et
1139 1748 1355 1798 vigilato,
1386 1747 1447 1788 fin
1476 1748 1549 1787 all’
1575 1748 1691 1788 hora
1715 1748 1788 1788 del

159 1829 242 1857 suo
273 1819 464 1858 decesso
492 1820 634 1858 molto
668 1818 931 1858 edificativo
958 1824 1021 1868 et,
1052 1829 1184 1858 come
1219 1819 1257 1858 si
1290 1822 1382 1870 puo
1418 1819 1602 1870 creder,
1640 1825 1787 1859 certa-

160 1896 310 1929 mente
331 1889 611 1929 felicissimo.
644 1888 934 1929 Nondimeno
964 1901 1057 1928 non
1087 1890 1129 1929 ci
1159 1893 1183 1929 e
1212 1896 1430 1930 mancato
1461 1894 1519 1930 ne
1549 1901 1718 1930 manca
1742 1891 1789 1930 di

156 1961 331 2011 dargli‚
354 1960 556 2000 secondo
583 1961 627 2000 la
656 1960 810 2000 debita
837 1960 1037 2010 charita,
1068 1961 1108 2000 le
1139 1960 1338 2000 orationi
1368 1966 1412 2000 et
1447 1960 1658 2012 suffragii
1680 1972 1788 2001 con-

157 2032 289 2071 sueti.
313 2031 370 2071 Et
391 2031 667 2082 preghiamo
688 2031 733 2070 la
754 2030 802 2070 P.
827 2030 885 2071 V.
910 2031 981 2071 ch’
1004 2032 1090 2071 ella
1112 2031 1262 2071 faccia
1284 2030 1356 2070 far
1379 2032 1410 2071 il
1431 2032 1579 2071 simile
1601 2032 1721 2072 dove
1743 2039 1787 2073 et

157 2114 288 2142 come
308 2102 479 2153 meglio
507 2102 539 2141 li
569 2105 751 2152 parera.
784 2101 831 2141 Io
861 2113 1000 2153 posso
1030 2101 1253 2141 testificar
1274 2101 1346 2141 ch'
1366 2102 1459 2152 egli
1484 2102 1672 2142 haveva
1695 2115 1786 2144 una

157 2173 366 2213 mirabile
389 2173 634 2212 affectione
656 2185 683 2212 a
704 2175 801 2212 star
823 2185 849 2212 a
870 2172 1021 2212 servir
1039 2185 1065 2212 a
1082 2172 1172 2213 Dio
1192 2172 1313 2212 nella
1334 2172 1650 2225 Compagnia,
1675 2175 1786 2214 dan-

156 2244 235 2292 do,
258 2255 307 2283 se
329 2244 369 2283 si
389 2245 555 2283 voleva
584 2244 814 2294 ricevere,
847 2249 964 2283 tutto
995 2243 1025 2282 il
1055 2255 1139 2283 suo
1160 2244 1388 2295 temporal
1418 2255 1445 2283 a
1475 2244 1780 2296 dispositione

155 2315 200 2354 di
229 2326 354 2364 essa;
385 2327 459 2354 ma
491 2326 571 2365 per
600 2314 741 2354 buoni
770 2314 950 2365 rispetti
979 2326 1071 2354 non
1101 2326 1239 2365 parse
1270 2315 1354 2355 che
1385 2320 1592 2356 accettar
1629 2316 1667 2356 si
1704 2316 1781 2356 do-

158 2398 304 2426 vesse.
328 2386 421 2426 Pur
442 2386 540 2425 fece
562 2397 622 2425 un
643 2397 727 2425 suo
749 2391 1026 2425 testamento
1049 2397 1136 2426 con
1158 2386 1271 2426 certi
1303 2386 1464 2437 legati,
1499 2387 1584 2427 che
1612 2388 1780 2428 adesso

155 2457 407 2508 bisognara
427 2457 597 2496 vedere
618 2455 664 2496 di
684 2455 757 2495 far
783 2456 868 2496 che
896 2467 977 2506 per
1010 2457 1053 2495 la
1084 2455 1303 2507 Signoria
1325 2457 1370 2498 di
1391 2457 1592 2498 Venetia
1612 2459 1683 2498 sia
1704 2470 1783 2510 ap-

156 2528 366 2578 probato.
408 2527 593 2578 Quanto
634 2527 676 2567 al
716 2538 858 2579 corpo
893 2527 938 2567 di
972 2527 1099 2568 detto
1135 2527 1337 2579 fratello,
1375 2529 1625 2570 habbiamo
1661 2530 1778 2570 fatto

151 2598 330 2648 grande
352 2598 574 2638 instantia
595 2609 679 2649 per
699 2598 962 2638 inhumarlo
987 2599 1033 2638 in
1053 2599 1098 2638 la
1119 2598 1276 2639 chiesa
1297 2606 1481 2650 nostra,
1506 2601 1778 2641 mostrando

206 2733 214 2752 Ι
255 2733 304 2760 De
320 2733 358 2760 iis
374 2738 528 2767 quatuor,
544 2734 584 2760 D.
604 2733 790 2766 Cio-vanni,
803 2734 879 2760 Don
895 2734 1082 2761 Desiderio
1094 2735 1193 2767 (alius
1208 2742 1227 2762 a
1242 2735 1478 2770 Lotharingio,
1496 2736 1550 2770 qui
1561 2740 1640 2764 tunc
1653 2741 1781 2772 tempo-

152 2780 197 2807 ris
213 2780 347 2816 Tybure
364 2780 512 2815 degebat
527 2786 560 2808 et
572 2781 644 2815 jam
659 2782 701 2808 ab
716 2781 845 2815 aliquot
869 2782 965 2808 annis
987 2782 1147 2809 sacerdos
1170 2784 1268 2815 erat),
1290 2783 1421 2810 Aloisio
1444 2787 1478 2810 et
1499 2783 1678 2819 Gasparo,
1693 2785 1773 2812 licet

151 2834 266 2854 corum
281 2828 417 2855 nomina
437 2829 572 2862 saepius
593 2829 623 2855 in
648 2828 701 2856 his
724 2832 758 2855 ct
781 2828 813 2856 in
835 2828 958 2863 Ignatii
974 2834 1075 2864 atque
1091 2829 1228 2857 Polanci
1245 2830 1369 2858 litteris
1383 2831 1579 2865 legerimus,
1592 2832 1677 2859 certi
1695 2833 1780 2860 nihil

151 2874 275 2901 addere
297 2876 462 2903 valemus.

203 2922 216 2939 ²
256 2922 408 2956 Angelus
424 2923 596 2950 Surianus.
616 2923 665 2950 De
681 2931 718 2951 eo
733 2925 869 2959 ejusque
888 2925 993 2951 fratre
1010 2929 1092 2951 natu
1107 2925 1244 2960 majore,
1261 2926 1315 2960 qui
1332 2927 1509 2954 dicebatur
1524 2927 1682 2960 Michaei,
1701 2937 1776 2956 con-

150 2970 219 2995 sule
234 2969 404 2998 PoLAxco.
424 2969 558 3001 (Ἤνοπι,
569 2976 592 2997 t.
612 2979 645 2998 11.
