1987 3260
884 179 966 216 Ax.
996 179 1089 216 1552
1725 180 1791 217 641

170 277 334 317 fuerat.
357 276 482 317 Laus
501 282 545 316 et
575 275 724 316 honor
750 275 850 316 Deo
881 275 1205 327 omnipotenti,
1238 274 1369 327 cujus
1399 275 1540 315 solius
1567 275 1708 315 ductu
1741 287 1795 315 ac

170 347 357 387 numine
373 346 461 387 hoc
477 347 541 387 ita
557 346 769 387 evenisse
786 346 993 386 declarat
1015 346 1153 386 etiam
1169 345 1345 386 factum
1362 345 1624 386 adversarii
1643 344 1795 396 hujus,

167 418 248 469 qui
267 418 314 457 in
334 428 523 457 carcere
544 417 730 467 roganti
752 416 830 456 uni
849 428 908 456 ex
928 416 1152 456 connexis
1173 416 1295 468 quod
1321 416 1409 456 sibi
1436 416 1618 456 consilii
1649 416 1794 464 daret,

170 499 220 527 se
251 488 374 528 enim
407 487 562 527 odium
597 488 642 527 in
670 487 917 539 quemdam
946 498 1185 536 exercere,
1217 487 1335 526 velle
1361 492 1517 527 tamen
1547 486 1797 527 communi<

171 570 280 599 care
301 564 345 598 et
365 556 581 608 injuriam
603 558 889 607 condonare,
913 557 1076 609 paucis
1098 563 1205 597 ante
1227 557 1387 597 diebus
1410 569 1514 597 cum
1535 557 1800 609 respondis-

173 635 241 669 set
262 628 453 668 laudare
471 639 519 668 se
536 628 810 678 institutum,
830 627 1076 679 multisque
1093 633 1215 667 esset
1236 627 1450 667 hortatus
1472 633 1520 667 ut
1538 627 1659 678 quod
1676 627 1798 678 cogi—

173 705 293 739 taret
313 698 575 750 perficeret,
600 710 654 738 eo
675 699 908 749 digresso,
933 698 992 738 ad
1013 709 1061 737 se
1083 709 1339 737 conversus
1360 705 1404 738 et
1427 709 1476 737 se
1497 697 1797 749 compellans,

175 772 307 819 heus,
341 777 410 821 m,
442 770 609 822 inquit,
635 770 711 821 qui
733 770 810 809 alii
837 776 934 810 tam
958 769 1103 820 probe
1129 769 1250 809 nosti
1280 769 1524 809 consilium
1552 768 1685 818 dare,
1719 780 1803 809 cur

175 853 270 881 non
292 848 334 881 et
356 841 494 881 saluti
514 848 621 881 tuae
643 841 896 893 prospicis?
918 841 995 890 Et,
1029 840 1100 880 his
1127 840 1283 890 dictiS,
1313 840 1476 880 statuit
1503 839 1716 880 confiteri
1747 851 1802 879 ac

176 913 249 952 die
271 924 445 952 coenae
465 912 654 952 Domini
674 912 1057 961 communicavit,
1083 917 1293 951 statuens
1315 911 1438 962 apud
1459 922 1508 950 se
1538 911 1585 950 in
1613 922 1804 950 carcere

175 983 315 1033 mori,
340 983 464 1034 quod
484 995 568 1023 nos
590 994 647 1022 ex
669 983 812 1034 ipsius
835 993 916 1022 ore
937 981 1222 1033 accepimus,
1247 981 1293 1021 in
1319 987 1623 1033 peccatorum
1650 981 1803 1033 poeni-

176 1054 382 1100 tentiam,
402 1054 441 1093 si
462 1052 549 1093 Dei
569 1054 787 1093 voluntas
808 1053 873 1093 ita
894 1052 1035 1092 ferret
1057 1059 1099 1092 et
1120 1052 1390 1092 Ansaloniis
1410 1052 1666 1092 videretur.
1685 1050 1806 1092 Nam

174 1124 299 1175 quod
322 1124 381 1164 ad
402 1136 451 1164 se
473 1124 704 1173 attineret,
728 1123 881 1163 omnia
902 1135 951 1163 se
973 1123 1061 1162 illis
1082 1123 1326 1173 ignoscere
1348 1133 1668 1174 quaecumque
1690 1122 1735 1162 in
1758 1133 1807 1161 se

174 1194 533 1234 commisissent.
557 1193 659 1234 Hoc
681 1194 836 1233 animo
859 1205 964 1234 cum
985 1200 1107 1234 esset
1134 1200 1177 1233 et
1204 1199 1388 1233 noctem
1417 1193 1514 1245 eJ'us
1543 1193 1634 1233 diei
1659 1198 1806 1232 totam

176 1265 403 1315 legendae
425 1276 480 1304 ac
509 1264 805 1304 meditandae
832 1263 1068 1304 Passionis
1095 1264 1282 1304 Domini
1309 1264 1469 1304 Nostri
1492 1264 1604 1317 Jesu
1631 1263 1806 1304 Christi

177 1347 269 1376 non
291 1335 390 1375 sine
411 1335 549 1374 etiam
573 1335 730 1375 multis
749 1335 971 1386 lacrymis
991 1335 1321 1386 transegisset,
1346 1333 1521 1374 factum
1552 1334 1729 1374 interea
1759 1339 1808 1373 ut

176 1406 249 1446 die
272 1406 459 1446 veneris
485 1406 706 1446 nuncium
735 1406 1040 1445 laetissimum
1066 1406 1300 1457 acceperit
1328 1405 1636 1445 Ansalonium
1658 1392 1708 1445 ei
1732 1417 1807 1456 pe-

177 1479 397 1528 percisse.
421 1476 517 1517 Vix
534 1476 667 1527 juvat
689 1476 745 1515 ab
768 1476 856 1516 hoc
877 1476 1121 1516 Ansalonii
1142 1476 1265 1516 facto
1288 1476 1549 1525 discedere;
1580 1476 1664 1526 ita,
1695 1475 1809 1516 mihi

178 1547 336 1598 crede,
375 1547 578 1587 omnium
613 1553 881 1586 nostrorum
908 1547 1113 1586 animum
1144 1547 1219 1586 illa
1248 1547 1346 1586 dies
1374 1547 1548 1586 laetitia
1575 1546 1732 1586 affecit
1761 1547 1808 1585 in

180 1618 401 1669 Domino,
425 1618 506 1658 sed
526 1625 683 1658 tamen
704 1617 762 1657 ad
783 1618 894 1668 alia,
920 1617 1019 1657 istis
1041 1617 1240 1657 fortasse
1261 1617 1404 1657 nihilo
1426 1617 1628 1667 minora,
1659 1623 1809 1657 trans-

180 1690 382 1730 eundum
403 1696 484 1729 est.

260 1760 393 1800 Alius
429 1761 501 1800 vir
532 1759 721 1811 quidam
754 1760 941 1804 nobilis,
975 1771 1172 1811 quorum
1202 1771 1321 1800 unus
1356 1760 1397 1799 ei
1424 1759 1660 1811 pollicem,
1695 1760 1811 1799 alter

181 1830 387 1882 ejusdem
408 1842 572 1870 manus
590 1831 804 1878 indicem,
824 1831 988 1870 tertius
1006 1831 1201 1881 digitum
1217 1831 1420 1870 medium
1438 1830 1628 1870 alterius
1645 1842 1810 1870 manus

128 1954 132 1957 γ
179 1904 563 1948 ahtruncaverat,
589 1902 686 1950 alii,
710 1908 842 1941 erant
863 1902 986 1941 enim
1007 1903 1181 1953 plures,
1206 1914 1297 1941 una
1321 1913 1426 1941 cum
1447 1901 1518 1941 his
1538 1901 1684 1941 tribus
1705 1911 1809 1940 eum

180 1973 394 2013 occidere
416 1983 554 2023 saepe
576 1972 731 2012 conati
751 1972 950 2023 fuerant,
970 1972 1092 2012 hunc
1109 1971 1181 2012 die
1203 1972 1362 2022 magni
1383 1972 1565 2011 sabbati
1581 1971 1811 2011 Dominus

181 2056 265 2084 sua
287 2043 530 2083 clementia
554 2043 599 2082 in
622 2054 787 2082 manus
809 2043 1001 2082 adduxit
1023 2043 1157 2082 unius
1178 2055 1236 2082 cx
1258 2042 1367 2082 th'ss
1386 2042 1599 2082 Patribus
1621 2042 1808 2089 nostris,

181 2116 255 2155 cui
285 2127 390 2154 cum
418 2114 646 2165 coepisset
674 2113 906 2163 confiteri,
938 2114 1025 2153 etsi
1052 2113 1180 2153 initio
1214 2114 1489 2164 imparatior
1519 2113 1809 2162 accessisset,

183 2187 319 2237 paulo
341 2192 445 2237 post
466 2192 622 2224 tamen
643 2184 706 2223 ita
728 2183 823 2234 ejus
846 2185 1027 2223 animus
1050 2184 1260 2235 incaluit,
1285 2191 1354 2234 ut,
1379 2184 1425 2223 in
1452 2184 1712 2224 uberrimas
1743 2195 1813 2223 so-

183 2260 306 2298 lutus
327 2259 576 2308 lacrymas,
598 2255 702 2295 odia
721 2266 768 2294 se
786 2255 1102 2306 depositurum
1124 2262 1167 2295 et
1186 2267 1504 2307 quaecumque
1521 2256 1660 2295 vellet
1676 2255 1813 2295 Pater

182 2328 417 2368 facturum
439 2338 550 2366 vero
579 2332 883 2377 promptoque
915 2325 1069 2365 animo
1101 2326 1381 2377 promiserit.
1414 2326 1627 2366 Perfecta
1659 2326 1815 2377 itaque

187 2400 307 2439 hunc
328 2399 373 2437 in
394 2397 581 2437 modum
604 2395 910 2446 confessione,
931 2397 1160 2436 accersito
1177 2397 1359 2437 notario
1378 2403 1422 2437 et
1440 2397 1652 2447 testibus,
1672 2397 1815 2436 libere

184 2470 398 2509 omnihus
429 2467 647 2519 quicquid
673 2467 719 2506 in
754 2479 802 2506 se
830 2467 1169 2507 commisissent
1197 2468 1498 2508 condonavit.
1536 2467 1817 2508 Adversarii

186 2541 356 2591 partim
394 2539 639 2579 Messanae
679 2543 832 2588 erant,
869 2539 1039 2589 partim
1075 2539 1121 2578 in
1155 2539 1293 2578 exilio
1332 2539 1564 2589 degebant
1587 2571 1593 2588 ,
1632 2539 1720 2578 hac
1757 2550 1816 2578 ex

185 2622 345 2661 causa,
383 2610 625 2661 praecipui
660 2609 778 2649 inter
812 2609 896 2649 hos
931 2616 1063 2649 erant
1098 2610 1188 2650 duo
1224 2610 1419 2660 fratres,
1460 2621 1657 2661 quorum
1695 2610 1815 2649 alter

188 2682 451 2730 Messanae,
490 2681 604 2720 altcr
642 2680 747 2719 alibi
782 2680 827 2719 in
861 2680 1050 2720 exilium
1084 2682 1244 2732 pulsus
1276 2681 1480 2720 vivebat.
1511 2681 1567 2721 Et
1597 2680 1655 2720 ad
1690 2680 1814 2720 hunc

186 2753 370 2804 quidem
399 2752 512 2791 satis
546 2762 639 2790 non
675 2750 682 2768 ¹
712 2750 794 2790 fuit
830 2752 1052 2802 scriptam
1087 2752 1268 2792 misisse
1305 2753 1647 2799 remissIOnem3
1687 2752 1814 2791 illum

184 2830 362 2872 autem,
386 2821 646 2872 quaesitum
670 2821 715 2860 in
737 2821 848 2861 urbe
870 2828 913 2861 ct
934 2822 1193 2872 inventum,
1226 2833 1398 2873 magno
1429 2823 1615 2873 pictatis
1647 2821 1815 2862 affectu

253 2935 261 2954 ¹
303 2935 474 2962 particula
490 2934 574 2960 haec
592 2934 739 2960 nonalia
755 2934 796 2960 ab
814 2934 990 2960 Annibalis
1006 2941 1106 2960 manu
1123 2934 1210 2961 intra
1227 2934 1333 2961 lineas
1348 2934 1465 2961 addita
1481 2938 1542 2967 est,
1559 2935 1615 2961 sed
1631 2935 1823 2962 redundare

191 2983 335 3009 vitietur.

381 3041 430 3077 Ὗ.
464 3052 487 3076 l.
1589 3056 1626 3085 *5¹
