1987 3260
887 158 970 195 Ax.
1003 159 1088 196 1551
1736 161 1808 198 319

261 252 626 304 Superscrt'plio.
651 255 691 299 †.
718 253 775 293 Al
795 255 935 294 molto
958 254 1058 294 R.d⁰
1077 255 1123 294 in
1144 254 1283 295 Chro.
1305 254 1456 294 Padre
1478 256 1508 294 il
1530 255 1578 295 P.
1599 262 1679 295 m.S
1701 257 1805 306 (sic)

183 323 360 371 ignatio
378 323 433 363 de
450 324 643 374 Loyola,
665 323 904 375 preposito
922 325 1041 365 della
1059 324 1351 376 Compagnia
1370 324 1426 364 de
1442 325 1568 378 Jesu,
1580 326 1622 366 A
1639 326 1802 366 Roma.

259 393 407 432 Manu
430 394 478 444 J.
504 394 595 433 Ple.
635 394 755 433 Vz'lo:
777 394 925 445 Quad.
948 394 1161 435 Palermo
1187 394 1306 445 1551,
1335 393 1381 434 18
1402 394 1448 434 di
1468 395 1674 447 Maggio.

257 463 320 503 Et
348 463 443 503 alsa
459 476 472 503 .·
508 464 620 503 1551.
660 464 887 513 Palermo,
929 465 975 503 18
1010 465 1065 505 de
1101 465 1305 516 maggio,
1344 477 1403 505 m.
1442 465 1533 506 don
1569 465 1713 507 Paulo
1749 467 1804 508 de

178 533 351 573 achilli.

822 960 1159 1013 LXXXVII

249 1186 294 1222 P.
324 1186 542 1223 Antonius
566 1186 708 1223 Vinck

295 1250 414 1288 Patri
434 1251 603 1297 Ignatio
623 1250 676 1287 de
696 1251 880 1297 Loyola.

341 1315 561 1361 Messana,
586 1315 628 1351 19
650 1315 752 1363 Maji
774 1316 859 1353 1551
883 1317 906 1352 ¹.

181 1482 230 1508 Ex
248 1482 372 1509 litteris
387 1481 541 1508 Messana
558 1482 667 1509 missis
685 1482 714 1508 14
730 1483 798 1509 kal.
814 1481 901 1515 Junii
920 1483 996 1514 1551,
1013 1490 1032 1510 a
1044 1482 1086 1510 M.
1103 1483 1251 1510 Antonio
1263 1484 1366 1517 Vink‚
1383 1484 1526 1511 Rectore
1541 1483 1674 1519 collegii
1685 1487 1802 1512 nostri:

227 1529 265 1555 de
281 1530 431 1562 proxime
448 1535 570 1556 exacto
592 1530 850 1563 quadrimestri,
867 1538 930 1564 quo
946 1530 1014 1557 fere
1032 1531 1139 1558 abfuit
1154 1530 1319 1565 Magister
1335 1531 1561 1567 Hieronymus
1576 1531 1710 1559 Natalis
1726 1531 1750 1558 ².

786 1737 1186 1790 JESUS-MARIA

256 1877 442 1923 Gratia,
478 1890 571 1929 pax
597 1885 639 1918 et
669 1878 990 1920 misericordia
1019 1879 1214 1920 Domini
1238 1879 1387 1920 nostri
1405 1880 1515 1932 Jesu
1547 1879 1721 1920 Christi
1747 1880 1805 1919 sit

168 1959 280 1987 cum
301 1949 514 1988 omnibus
535 1949 684 1989 nobis.
709 1948 877 1989 Amen,

253 2018 369 2059 Cum
392 2030 588 2069 semper,
613 2025 656 2059 et
677 2019 723 2059 id
751 2019 936 2071 quidem
962 2020 1151 2071 merim,
1173 2026 1363 2060 nostrae
1390 2032 1475 2060 nos
1496 2021 1716 2071 ignaviae
1738 2027 1801 2060 at-

174 2101 261 2140 que
282 2089 526 2129 socordiae
548 2090 735 2140 pudeat,
758 2102 881 2130 nunc
903 2090 1107 2130 maxime
1138 2096 1182 2130 et
1213 2091 1354 2142 pudet
1389 2096 1434 2130 et
1465 2091 1633 2141 taedet,
1664 2090 1803 2131 Pater

173 2159 220 2199 in
257 2159 443 2200 Christo
481 2160 905 2200 observandissime
935 2167 1074 2212 atque
1102 2161 1329 2212 imprimis
1358 2161 1634 2212 reverende,
1665 2173 1719 2201 eo
1740 2161 1805 2201 ni-

174 2230 342 2270 mirum
364 2231 569 2279 absente,
590 2230 721 2282 cujus
736 2236 850 2271 nutu
871 2237 1010 2283 atque
1027 2232 1236 2283 auspicio
1258 2232 1496 2283 multaque
1514 2232 1638 2283 apud
1654 2231 1805 2273 Deum

178 2301 330 2345 (sicuti
364 2302 475 2340 mihi
512 2302 785 2352 persuadeo)
820 2303 990 2353 gratia,
1027 2302 1229 2342 maxime
1265 2302 1441 2343 factum
1475 2308 1544 2343 est
1580 2303 1800 2355 quidquid

174 2371 400 2412 hactenus
424 2372 496 2411 hic
519 2371 616 2412 ficri
636 2373 786 2423 potuit
807 2373 930 2412 boni.
955 2372 1102 2414 Abest
1129 2374 1252 2413 enim
1275 2373 1347 2424 (ut
1369 2373 1483 2423 scis)
1502 2373 1597 2425 jam
1618 2374 1802 2414 tertium

166 2536 173 2541 -
228 2531 238 2549 ¹
279 2529 407 2556 Harum
426 2532 619 2558 litterarum
634 2532 790 2566 exempla
805 2536 950 2566 quatuor
965 2532 1348 2564 habemus-Primum,
1362 2532 1597 2566 autographas
1618 2532 1723 2567 ipsius
1739 2533 1806 2560 An-

176 2577 257 2604 tonii
273 2577 381 2604 Vinci:
402 2578 536 2604 imeras
552 2579 583 2605 in
599 2578 811 2613 quadruplici
825 2579 916 2613 folio,
932 2579 984 2606 cui
994 2579 1125 2606 numeri
1138 2583 1236 2607 erant
1249 2579 1330 2606 olim
1340 2579 1467 2612 326-329,
1479 2587 1566 2606 nunc
1581 2587 1663 2607 vero
1676 2580 1806 2606 3235.—

176 2623 374 2653 Secundum,
393 2625 514 2651 harum
531 2625 734 2659 litterarum,
751 2629 933 2660 postquam
948 2633 1007 2654 eas
1021 2626 1144 2660 polivit
1161 2631 1194 2654 et
1210 2627 1243 2653 in
1259 2627 1461 2660 quibusdam
1478 2626 1671 2654 decurtavit
1687 2626 1806 2654 Polan-

175 2678 248 2704 cus,
270 2672 505 2705 apographum
529 2680 547 2698 a
574 2672 608 2698 P.
636 2671 663 2704 J.
687 2672 744 2700 Ph.
772 2672 853 2700 V1t0
875 2673 1003 2701 sactum
1024 2674 1057 2701 in
1078 2673 1202 2708 triplici
1228 2674 1322 2707 solio,
1347 2674 1399 2700 cui
1421 2673 1501 2700 olim
1522 2673 1651 2700 numeri
1678 2673 1804 2705 330·332‚

175 2725 260 2745 nunc
275 2718 434 2745 36-38.—T
447 2720 560 2745 {stium
575 2719 720 2747 secundo
735 2719 853 2753 simile,
870 2728 890 2748 a
906 2721 939 2748 P.
955 2721 1130 2748 Bernardo
1147 2720 1297 2748 Oliverio
1312 2720 1501 2747 consectum
1519 2720 1552 2747 in
1573 2720 1662 2747 soliis
1675 2720 1710 2746 23
1723 2724 1757 2747 et
1771 2720 1804 2747 24

174 2764 306 2792 Codicis
325 2766 615 2799 latit—Quartum,
633 2768 808 2801 exemplar
822 2769 966 2796 secundo
981 2772 1014 2795 et
1030 2769 1132 2795 tertio
1153 2767 1273 2798 simile,
1293 2768 1325 2794 in
1345 2767 1546 2801 Hispaniam
1564 2767 1703 2794 missum
1723 2771 1757 2794 et
1772 2767 1805 2794 in

166 2811 336 2839 -Ht‘storz'a
352 2815 468 2843 varta,
491 2814 555 2839 vol.
574 2820 593 2843 1,
614 2813 669 2840 fol.
689 2814 807 2841 218-220
827 2815 1161 2843 asservatum-Nos
1184 2815 1239 2842 hic
1256 2814 1491 2849 autographas
1510 2814 1650 2841 Antonii
1670 2814 1805 2842 litteras

173 2859 382 2887 adamussim
398 2868 588 2894 sequemur.

227 2907 241 2925 Ξ
279 2907 371 2934 Haec
390 2908 554 2936 Poiancus
571 2916 670 2936 manu
686 2910 823 2943 propria
846 2911 926 2944 ipsis
948 2911 1085 2938 Antonii
1111 2910 1222 2937 Vinck
1248 2910 1374 2937 litteris
1397 2909 1604 2943 praeposuit,
1621 2916 1640 2936 a
1655 2910 1804 2937 librariis

177 2954 208 2979 in
223 2956 498 2989 apographorum
515 2957 625 2990 capite
642 2955 832 2984 scribenda.
