1987 3260
282 174 355 211 274
799 175 1026 212 LITTERAE
1053 185 1410 218 QUADRIMESTRES

968 607 1216 659 LXXVI

347 816 396 853 P.
419 816 647 864 Sylvester
667 815 892 853 Landinus

396 881 516 918 Patri
534 881 704 928 Ignatio
724 880 777 918 de
797 881 979 928 Loyola.

442 946 622 992 Mutina,
643 946 666 983 9
684 945 939 983 Μαι-1111551
964 946 987 980 ¹.

1069 1117 1088 1150 †

1041 1153 1137 1194 IHs

754 1293 805 1321 Ex
821 1293 946 1322 litteris
962 1294 1076 1321 Patris
1092 1293 1260 1329 Sylvestri
1276 1293 1429 1321 Landini.

355 1403 520 1444 Gratia
543 1408 586 1442 et
608 1414 724 1453 pax,
743 1408 829 1441 etc.

351 1473 518 1513 Paucis
539 1472 742 1513 referam
762 1471 1039 1512 Paternitati
1060 1471 1187 1511 Tuae
1208 1470 1261 1510 R.
1281 1503 1288 1518 ,
1312 1470 1424 1521 quid
1444 1470 1701 1522 spiritualis
1718 1469 1897 1509 fructus

268 1557 352 1597 per
372 1545 459 1584 Dei
480 1544 682 1595 gratiam
704 1543 948 1583 collectum
968 1542 1105 1582 fuerit
1135 1542 1208 1581 his
1235 1542 1283 1581 in
1309 1541 1444 1592 lociS,
1479 1541 1525 1580 in
1553 1541 1718 1592 quibus
1739 1551 1894 1580 versa-

269 1623 343 1656 tus
378 1626 499 1664 sum,
541 1626 599 1654 ex
639 1613 929 1664 obedientiae
968 1619 1161 1652 sanctae
1194 1612 1506 1664 praescripto,
1548 1622 1667 1662 quae
1701 1611 1875 1651 referre

269 1687 394 1738 quod
420 1685 598 1725 exactis
626 1684 698 1724 his
724 1683 974 1733 mensibus,
1006 1689 1258 1734 antequam
1280 1681 1507 1722 Mutinam
1535 1681 1755 1732 redirem,
1785 1681 1893 1721 scri-

266 1757 468 1797 bendum
487 1756 661 1805 fuerat,
686 1760 792 1794 ante
815 1754 903 1794 hoc
924 1754 1135 1793 ultimum
1156 1753 1496 1805 quadrimestre
1517 1751 1728 1803 injunxit.

344 1827 551 1867 Primum
585 1825 919 1865 monasterium
953 1823 1170 1874 Casolae,
1200 1835 1284 1875 pro
1319 1823 1580 1874 virginibus
1609 1823 1893 1874 pauperibus

265 1904 495 1947 erectum,
530 1897 792 1936 absolutum
827 1895 1013 1935 omnino
1046 1894 1130 1934 fuit
1166 1906 1270 1934 cum
1302 1894 1501 1934 ecclesia
1536 1899 1579 1933 et
1611 1893 1815 1933 claustro
1847 1899 1891 1933 et

265 1968 411 2008 muris
445 1968 655 2018 insuper,
685 1978 767 2018 per
794 1965 1017 2005 ambitum
1047 1970 1233 2005 centum
1260 1970 1304 2004 et
1326 1964 1571 2015 sexaginta
1602 1965 1818 2004 ulnarum
1848 1969 1892 2003 et

265 2039 488 2090 amplius,
527 2037 791 2088 obseptum,
830 2047 923 2076 non
958 2036 1156 2086 exiguae
1187 2035 1460 2084 altitudinis;
1494 2034 1703 2085 virgines
1734 2034 1887 2084 etiam,

265 2120 436 2149 novem
455 2119 670 2158 numero,
707 2107 857 2158 primo
885 2107 931 2146 in
958 2106 1174 2157 ingressu
1202 2106 1333 2155 (nam
1360 2106 1478 2145 aliae
1505 2111 1611 2144 sunt
1641 2105 1888 2156 subsequu-

265 2179 355 2230 tae)
379 2178 550 2219 ibidem
582 2178 941 2227 collocavimu53
975 2177 1127 2216 omnia
1159 2188 1216 2216 ex
1246 2176 1523 2216 auctoritate
1545 2175 1763 2226 Episcopi
1785 2181 1890 2215 acta

264 2251 463 2291 fuerunt.
489 2250 585 2290 Nec
613 2260 725 2289 sane
751 2248 1100 2300 persecutiones
1131 2247 1375 2287 defuerunt
1401 2248 1572 2287 multae
1601 2258 1627 2286 a
1654 2245 1889 2297 primariis

264 2322 354 2361 loci
388 2321 523 2370 viris,
555 2320 632 2371 qui
658 2319 745 2359 sibi
777 2319 1028 2370 impetrare
1060 2318 1333 2358 monasterii
1359 2317 1620 2369 patrocinia
1652 2317 1885 2366 volebant3

264 2392 343 2443 qui
376 2398 531 2431 tamen
561 2391 678 2429 inter
705 2390 807 2429 illos
835 2395 935 2429 erat
962 2389 1240 2440 praecipuus
1269 2388 1366 2440 jam
1397 2388 1494 2428 vita
1525 2388 1710 2428 functus
1732 2392 1820 2437 est;
1844 2393 1888 2426 et

264 2469 369 2513 post
405 2462 531 2501 illam
559 2461 812 2500 excitatam
837 2459 1231 2511 persecutionem,
1269 2470 1451 2509 semper
1486 2458 1688 2498 deterius
1722 2457 1883 2506 valuit,

264 2534 413 2572 donec
453 2532 573 2571 diem
611 2530 723 2570 obiit
761 2535 1033 2570 extremum.
1076 2529 1295 2580 Ignoscat
1333 2529 1397 2569 1111
1436 2528 1676 2568 Dominus.
1720 2527 1888 2568 Omnia

319 2703 326 2721 1
368 2701 615 2736 Apographum
640 2700 768 2727 Romae
793 2700 995 2733 confectum,
1012 2704 1048 2727 ut
1064 2701 1096 2727 in
1121 2700 1304 2727 Societatis
1324 2700 1438 2727 domos
1461 2700 1670 2732 mitteretur,
1697 2700 1728 2726 in
1753 2699 1831 2726 folio
1854 2699 1889 2726 48

1406 2748 1424 2778 †

264 2784 391 2811 codicis
401 2783 597 2819 papyracei,
607 2783 660 2810 cui
672 2783 703 2809 in
714 2783 823 2816 prima
836 2783 961 2817 pagina
973 2786 1023 2809 est
1035 2790 1176 2816 sequens
1188 2783 1373 2817 inscriptio:
1387 2781 1468 2809 IHS.
1485 2782 1488 2815 Ι
1506 2781 1578 2808 Hoc
1589 2782 1677 2808 libro
1689 2781 1850 2808 continen
1868 2780 1872 2813 Ι

264 2834 324 2857 tur
338 2831 422 2858 Irae.
444 2830 490 2856 ad
511 2830 711 2865 aedificatio
728 2831 731 2862 Ι
750 2837 829 2856 nem
851 2830 1073 2863 pertinentes
1095 2830 1167 2856 inci
1183 2830 1187 2862 l
1202 2830 1333 2863 pz'endo
1347 2830 1389 2856 ab
1406 2836 1497 2856 anno
1516 2829 1609 2856 1551.
1630 2828 1726 2855 Hunc
1738 2828 1885 2855 codicem

264 2878 382 2904 deinde
412 2877 474 2904 hoc
504 2877 599 2903 modo
630 2876 899 2910 designabimus:
935 2875 1013 2903 Cod.
1047 2877 1124 2903 1551.
1137 2891 1170 2895 —
1185 2877 1357 2903 Habemus
1384 2876 1488 2903 etiam
1517 2879 1550 2902 et
1583 2875 1674 2902 aliud
1701 2875 1884 2909 exemplar,

266 2932 366 2951 manu
389 2924 423 2951 P.
447 2923 585 2957 Joannis
607 2923 754 2958 Philippi
779 2922 859 2950 Vito
884 2923 1021 2957 factum,
1038 2924 1069 2951 in
1094 2924 1218 2958 duplici
1243 2924 1337 2957 folio,
1363 2923 1414 2950 cui
1430 2923 1508 2950 olim
1524 2926 1622 2949 erant
1637 2930 1689 2950 nn.
1703 2922 1754 2949 287
1776 2925 1808 2948 et
1823 2921 1884 2953 288.

262 2978 350 2998 nunc
366 2975 479 2997 autem
491 2970 525 2997 92
538 2974 571 2997 et
586 2970 629 2998 93.
