1987 3260
884 182 970 220 AN.
999 180 1091 218 1552
1730 177 1800 214 725

176 282 408 322 rariorum
427 287 693 321 nostrorum
714 279 909 331 penuria
929 278 976 318 in
993 278 1069 318 illa
1088 275 1252 317 messis
1269 273 1553 315 abundantia
1569 273 1797 324 perspice-

175 359 316 392 retur.
339 351 578 404 Siquidem
597 350 758 391 diebus
779 350 953 401 aliquot
970 358 1160 388 necesse
1176 346 1281 395 fuit,
1300 352 1349 385 ut
1365 344 1453 396 piis
1468 343 1705 384 numerosi
1720 354 1797 394 po-

175 423 270 475 puli
291 421 532 462 desideriis
553 421 898 471 satisfacerent,
923 431 1083 460 omnes
1105 422 1302 469 quatuor
1320 414 1589 455 sacerdotes
1605 418 1713 453 ante
1730 424 1798 452 so—

175 494 232 533 lis
253 499 405 533 ortum
426 492 485 532 ad
505 492 760 532 secundam
781 502 940 542 usque,
963 498 1313 539 nonnumquam
1335 486 1478 526 etiam
1499 484 1699 534 tertiam,
1722 495 1800 523 no-

175 564 262 603 ctis
288 564 475 614 horam,
498 564 562 603 ita
589 569 637 603 ut
665 575 722 602 ne
748 563 853 602 loco
881 561 1087 613 quidem,
1117 560 1191 599 vel
1219 558 1278 598 ad
1306 556 1543 608 paulisper
1569 554 1798 606 respiran-

175 635 284 674 dum
303 635 378 674 vel
398 635 553 674 cibum
572 634 864 685 capiendum,
887 636 1201 679 moverentur,
1222 626 1591 669 confessionibus
1613 625 1798 665 audien—

175 705 246 745 dis
262 706 477 756 occupati
493 705 804 745 considerent.
819 703 954 754 Quod
970 703 1016 742 in
1034 702 1106 741 his
1123 699 1314 740 aestatis
1331 697 1622 751 potissimum
1638 696 1798 736 calori-

176 777 260 816 bus
280 776 466 827 corpori
487 775 672 826 quidem
691 786 784 815 non
805 785 907 814 esse
934 773 1194 821 molestum,
1224 770 1391 810 durum
1417 780 1560 819 asque
1582 778 1799 819 asperum

176 846 256 886 vix
277 846 441 898 potuit;
464 846 541 886 sed
565 845 769 895 animae,
794 856 912 896 quae
941 843 1044 883 aliis
1077 852 1217 894 quam
1243 850 1414 891 corpus
1440 838 1554 879 cibis
1575 837 1797 889 pascitur,

177 917 278 957 aliis
305 916 588 957 refocillatur
610 916 808 966 deliciis,
832 921 928 955 tam
953 920 1142 965 gratum
1163 912 1247 952 fuit
1274 923 1414 964 quam
1440 910 1565 962 quod
1591 909 1800 959 gratissi-

176 999 316 1027 mum.
340 988 440 1027 Hoc
458 999 599 1027 unum
616 987 801 1027 dolebat
817 985 1003 1035 nostris,
1024 984 1160 1036 quod,
1179 995 1285 1023 curn
1302 982 1457 1022 omnia
1474 992 1593 1033 quae
1609 986 1798 1031 possent

175 1065 488 1109 praestarent,
527 1058 742 1098 omnibus
773 1064 929 1097 tamen
963 1055 1235 1096 satisfacere
1276 1066 1369 1094 non
1414 1053 1639 1092 valerent.
1680 1049 1799 1090 Nam

174 1141 347 1180 magna
368 1141 479 1180 pars
499 1141 584 1169 sua
606 1141 686 1180 spe
703 1129 927 1168 frustrata
948 1139 1041 1167 non
1058 1127 1156 1166 sine
1172 1125 1364 1176 ingenti,
1385 1135 1522 1176 quem
1539 1134 1633 1162 non
1649 1122 1798 1161 occul·

158 1201 234 1240 ‘tis
252 1212 365 1252 prae
386 1212 436 1240 se
456 1200 667 1240 ferebant
684 1199 882 1249 indiciis,
906 1198 1065 1237 dolore
1087 1198 1177 1237 alio
1197 1208 1246 1235 se
1267 1195 1474 1246 recipere
1496 1193 1797 1244 cogebantur.

175 1272 224 1311 In
241 1271 359 1312 festo
381 1271 731 1322 Assumptionis
753 1270 924 1309 Beatae
952 1268 1130 1308 Mariae
1157 1267 1389 1306 maximus
1411 1264 1634 1305 confluxit
1663 1262 1800 1303 confi-

174 1343 369 1382 tentium
396 1353 578 1382 necnon
609 1340 1054 1381 communicantium
1084 1349 1318 1378 numerus.
1353 1336 1477 1376 Inter
1509 1346 1624 1387 quos
1661 1334 1801 1382 (velut

177 1413 308 1464 alias)
330 1413 523 1453 fuerunt?
537 1424 631 1452 non
651 1412 788 1463 pauci
822 1411 1020 1459 nobileS,
1052 1409 1292 1461 praecipui
1319 1407 1524 1448 civitatis
1554 1406 1670 1455 viri,
1701 1416 1802 1456 per·

179 1485 348 1524 multae
369 1484 510 1524 etiam
531 1484 686 1523 clarae
703 1488 747 1523 et
767 1483 970 1522 illustres
987 1487 1244 1520 matronae.

257 1555 458 1595 Fructus
478 1555 555 1606 qui
574 1567 635 1594 ex
657 1553 836 1594 crebris
857 1552 959 1593 istis
980 1550 1352 1592 confessionibus
1374 1549 1595 1598 nascitur,
1619 1553 1804 1599 praeter

179 1625 461 1666 odoriferam
484 1624 732 1665 Societatis
753 1624 942 1672 famam,
966 1634 1085 1674 quae
1106 1621 1207 1661 fuse
1227 1621 1411 1671 lateque
1432 1620 1478 1659 in
1498 1618 1586 1658 Dei
1606 1617 1805 1668 gloriam

179 1702 442 1748 propagata
467 1708 549 1748 per
582 1682 741 1735 ornnes
770 1694 976 1735 civitatis
1002 1700 1161 1744 partes
1192 1690 1542 1739 disseminatur,
1575 1695 1644 1728 est
1681 1695 1806 1728 certe

178 1780 271 1808 non
292 1768 555 1807 mediocris.
578 1767 698 1807 Nam
718 1766 872 1815 multi,
896 1765 974 1817 qui
994 1764 1220 1816 plurimos
1242 1774 1389 1802 annos
1407 1761 1465 1801 ab
1482 1761 1538 1801 iis
1555 1760 1693 1800 alieni
1713 1759 1805 1799 fue-

178 1846 285 1879 rant
306 1838 638 1885 sacramentis,
661 1837 958 1888 resipuerunt
985 1841 1029 1875 et
1058 1846 1160 1874 sese
1188 1833 1289 1873 Deo
1311 1833 1488 1884 optimo
1520 1831 1746 1874 maximo,
1781 1842 1807 1869 a

180 1921 269 1961 quo
291 1908 516 1949 defecisse
536 1909 830 1957 videbantur,
854 1907 1048 1958 propius
1069 1905 1394 1945 admoverunt.
1418 1903 1527 1953 Alii,
1547 1901 1625 1953 qui
1642 1913 1806 1941 concu—

179 1981 366 2020 binatus
386 1980 551 2019 vitium
572 1986 616 2019 et
638 1979 729 2019 alia
750 1978 957 2018 exitialia
984 1983 1177 2028 peccata
1199 1976 1343 2015 multo
1372 1981 1579 2025 tempore
1606 1972 1807 2012 nutrive-

180 2058 300 2101 rant,
326 2050 473 2089 vitam
494 2050 541 2089 in
562 2049 726 2089 melius
748 2052 1106 2088 commutarunt.
1137 2046 1243 2086 Non
1269 2044 1413 2085 defuit
1443 2043 1698 2095 quaedam,
1733 2054 1808 2081 no-

181 2129 278 2162 stra
299 2133 422 2160 nunc
445 2121 587 2171 digna
610 2118 1029 2170 congratulatione,
1052 2118 1232 2166 mulier,
1256 2116 1330 2156 cui
1346 2115 1513 2165 viginti
1530 2114 1666 2154 annis
1682 2113 1810 2153 fami—

179 2193 308 2232 liaris
325 2192 476 2232 fuerat
493 2191 751 2242 pellicatus,
770 2202 861 2241 quo
878 2189 1019 2229 etiam
1036 2195 1259 2239 tempore,
1273 2186 1487 2238 quamvis
1505 2184 1812 2225 confessionis

181 2270 224 2303 et
260 2262 600 2303 communionis
634 2266 928 2301 sacramento
958 2265 1180 2309 uteretur,
1217 2257 1515 2297 nihilominus
1549 2255 1812 2308 hujusmodi

180 2334 403 2386 pestifera
446 2333 761 2373 familiaritate
807 2343 908 2371 sese
948 2330 1151 2370 eximere
1189 2341 1282 2368 non
1326 2334 1542 2379 potuerat
1563 2339 1570 2378 ;
1613 2327 1694 2367 sed
1733 2326 1810 2366 ad-

179 2406 278 2457 juta
300 2412 569 2444 nostrorum
586 2403 777 2442 Patrum
793 2401 1126 2442 monitionibus
1143 2406 1186 2440 et
1204 2399 1378 2439 salubri
1395 2399 1588 2438 consilio
1606 2398 1691 2438 fuit
1708 2398 1809 2437 sub—

182 2477 287 2517 inde
309 2476 521 2516 liberata.
545 2475 754 2514 Fuerunt
774 2473 982 2513 nonnulli
1003 2473 1081 2523 qui
1098 2484 1155 2511 ne
1172 2472 1315 2511 semel
1331 2471 1518 2522 quidem
1535 2482 1583 2509 se
1600 2476 1697 2509 tota
1714 2469 1809 2508 vita

183 2547 425 2587 confessos
447 2545 747 2593 affirmarent,
771 2550 815 2584 et
842 2545 978 2595 plane
1005 2543 1262 2582 faterentur
1290 2540 1399 2592 quid
1426 2547 1547 2580 esset
1579 2539 1810 2580 confessio

184 2618 367 2669 penitus
387 2617 649 2667 ignorasse,
673 2615 822 2655 donec
843 2627 870 2654 a
891 2614 1065 2654 nostris
1092 2613 1369 2653 didicerunt:
1395 2619 1533 2663 atque
1564 2611 1609 2651 id
1636 2611 1693 2650 ab
1722 2611 1811 2650 illis

185 2689 246 2728 ita
268 2687 510 2727 dicebatur
531 2698 624 2726 non
647 2686 770 2737 quod
791 2686 908 2725 alias
930 2684 1131 2725 confessi
1152 2695 1245 2723 non
1264 2683 1484 2733 fuissent,
1508 2681 1588 2722 sed
1618 2688 1810 2733 propter

183 2769 375 2798 causam
410 2757 623 2808 spiritus,
661 2757 958 2807 prudentiae,
996 2755 1268 2806 consiliique
1304 2753 1633 2802 differentiam,
1672 2763 1810 2803 quam

183 2835 368 2868 nostros
388 2828 507 2868 inter
527 2836 572 2868 et
594 2829 710 2868 alios
727 2827 1175 2867 animadvertebant.
1196 2826 1267 2865 Ex
1283 2825 1354 2864 his
1372 2824 1585 2864 omnibus
1604 2824 1810 2875 plerique

183 2907 352 2939 octavo
381 2911 562 2951 quoque
591 2899 686 2949 die,
717 2900 793 2938 vel
818 2899 982 2938 saltem
1009 2897 1206 2948 singulis
1232 2895 1491 2945 mensibUS,
1524 2894 1734 2934 confiteri
1764 2895 1806 2934 in

184 2972 390 3011 animum
414 2971 715 3019 induxerunt,
739 2970 861 3020 quod
886 2969 1080 3020 impigre
1113 2968 1226 3007 satis
1254 2968 1477 3006 hactenus
1501 2953 1808 3017 exequuntur⁴
