<?xml version="1.0" encoding="UTF-8"?>
<!DOCTYPE html PUBLIC "-//W3C//DTD XHTML 1.0 Transitional//EN"
    "http://www.w3.org/TR/xhtml1/DTD/xhtml1-transitional.dtd">
<html xmlns="http://www.w3.org/1999/xhtml" xml:lang="en" lang="en">
 <head>
  <title>
</title>
<meta http-equiv="Content-Type" content="text/html;charset=utf-8" />
  <meta name='ocr-system' content='tesseract 3.04.00' />
  <meta name='ocr-capabilities' content='ocr_page ocr_carea ocr_par ocr_line ocrx_word'/>
</head>
<body>
  <div class='ocr_page' id='page_1' title='image "./litteraequadrime1301lain_0319.png"; bbox 0 0 1987 3260; ppageno 0'>
   <div class='ocr_carea' id='block_1_1' title="bbox 870 186 1788 225">
    <p class='ocr_par' dir='ltr' id='par_1_1' title="bbox 870 186 1788 225">
     <span class='ocr_line' id='line_1_1' title="bbox 870 186 1788 225; baseline 0.001 -2"><span class='ocrx_word' id='word_1_1' title='bbox 870 186 952 223; x_wconf 75' lang='grc' dir='ltr'>ΑΝ.</span> <span class='ocrx_word' id='word_1_2' title='bbox 984 186 1069 222; x_wconf 71' lang='lat'>1551</span> <span class='ocrx_word' id='word_1_3' title='bbox 1717 186 1788 225; x_wconf 79' lang='lat'>313</span> 
     </span>
    </p>
   </div>
   <div class='ocr_carea' id='block_1_2' title="bbox 826 636 1128 689">
    <p class='ocr_par' dir='ltr' id='par_1_2' title="bbox 826 636 1128 689">
     <span class='ocr_line' id='line_1_2' title="bbox 826 636 1128 689; baseline 0.003 -1"><span class='ocrx_word' id='word_1_4' title='bbox 826 636 1128 689; x_wconf 89' lang='lat' dir='ltr'>LXXXVI</span> 
     </span>
    </p>
   </div>
   <div class='ocr_carea' id='block_1_3' title="bbox 238 861 900 1039">
    <p class='ocr_par' dir='ltr' id='par_1_3' title="bbox 238 861 900 1039">
     <span class='ocr_line' id='line_1_3' title="bbox 238 861 730 900; baseline 0 -1"><span class='ocrx_word' id='word_1_5' title='bbox 238 864 282 899; x_wconf 74' lang='lat' dir='ltr'>P.</span> <span class='ocrx_word' id='word_1_6' title='bbox 309 863 471 899; x_wconf 87' lang='lat' dir='ltr'>Paulus</span> <span class='ocrx_word' id='word_1_7' title='bbox 490 861 526 899; x_wconf 78' lang='lat' dir='ltr'>d&#39;</span> <span class='ocrx_word' id='word_1_8' title='bbox 546 862 730 900; x_wconf 85' lang='lat' dir='ltr'>Achillis</span> 
     </span>
     <span class='ocr_line' id='line_1_4' title="bbox 283 927 863 974; baseline 0.002 -10"><span class='ocrx_word' id='word_1_9' title='bbox 283 927 402 964; x_wconf 85' lang='lat' dir='ltr'>Patri</span> <span class='ocrx_word' id='word_1_10' title='bbox 420 927 589 974; x_wconf 78' lang='lat' dir='ltr'>ignatio</span> <span class='ocrx_word' id='word_1_11' title='bbox 607 928 662 965; x_wconf 90' lang='lat' dir='ltr'>de</span> <span class='ocrx_word' id='word_1_12' title='bbox 680 927 863 974; x_wconf 90' lang='lat' dir='ltr'>Loyola.</span> 
     </span>
     <span class='ocr_line' id='line_1_5' title="bbox 331 992 900 1039; baseline 0 -11"><span class='ocrx_word' id='word_1_13' title='bbox 331 992 560 1038; x_wconf 87' lang='lat' dir='ltr'>Panormo,</span> <span class='ocrx_word' id='word_1_14' title='bbox 585 992 628 1029; x_wconf 85' lang='lat'>18</span> <span class='ocrx_word' id='word_1_15' title='bbox 645 992 747 1039; x_wconf 89' lang='lat' dir='ltr'>Maji</span> <span class='ocrx_word' id='word_1_16' title='bbox 769 993 854 1029; x_wconf 79' lang='lat'>1551</span> <span class='ocrx_word' id='word_1_17' title='bbox 878 993 900 1027; x_wconf 81' lang='lat'>¹.</span> 
     </span>
    </p>
   </div>
   <div class='ocr_carea' id='block_1_4' title="bbox 935 1167 1032 1242">
    <p class='ocr_par' dir='ltr' id='par_1_4' title="bbox 935 1167 1032 1242">
     <span class='ocr_line' id='line_1_6' title="bbox 935 1167 1032 1242; baseline 0.01 -1"><span class='ocrx_word' id='word_1_18' title='bbox 935 1167 1032 1242; x_wconf 56' lang='lat' dir='ltr'>IffIS</span> 
     </span>
    </p>
   </div>
   <div class='ocr_carea' id='block_1_5' title="bbox 172 1342 1808 2315">
    <p class='ocr_par' dir='ltr' id='par_1_5' title="bbox 252 1342 1794 1397">
     <span class='ocr_line' id='line_1_7' title="bbox 252 1342 1794 1397; baseline 0 -15"><span class='ocrx_word' id='word_1_19' title='bbox 252 1342 415 1383; x_wconf 81' lang='lat' dir='ltr'>Gratia</span> <span class='ocrx_word' id='word_1_20' title='bbox 431 1342 618 1383; x_wconf 90' lang='lat' dir='ltr'>Domini</span> <span class='ocrx_word' id='word_1_21' title='bbox 639 1343 796 1384; x_wconf 80' lang='lat' dir='ltr'>Nostri</span> <span class='ocrx_word' id='word_1_22' title='bbox 811 1344 902 1397; x_wconf 90' lang='lat' dir='ltr'>Jes.</span> <span class='ocrx_word' id='word_1_23' title='bbox 929 1344 1034 1395; x_wconf 89' lang='lat' dir='ltr'>Xpi.</span> <span class='ocrx_word' id='word_1_24' title='bbox 1059 1344 1117 1383; x_wconf 85' lang='lat' dir='ltr'>sit</span> <span class='ocrx_word' id='word_1_25' title='bbox 1138 1355 1321 1395; x_wconf 85' lang='lat' dir='ltr'>semper</span> <span class='ocrx_word' id='word_1_26' title='bbox 1342 1343 1595 1384; x_wconf 89' lang='lat' dir='ltr'>nobiscum.</span> <span class='ocrx_word' id='word_1_27' title='bbox 1628 1343 1794 1383; x_wconf 85' lang='lat' dir='ltr'>Amen.</span> 
     </span>
    </p>

    <p class='ocr_par' dir='ltr' id='par_1_6' title="bbox 172 1413 1800 1737">
     <span class='ocr_line' id='line_1_8' title="bbox 252 1413 1798 1466; baseline 0 -13"><span class='ocrx_word' id='word_1_28' title='bbox 252 1413 381 1464; x_wconf 85' lang='lat' dir='ltr'>Quae</span> <span class='ocrx_word' id='word_1_29' title='bbox 403 1426 462 1454; x_wconf 86' lang='lat' dir='ltr'>ex</span> <span class='ocrx_word' id='word_1_30' title='bbox 484 1414 559 1454; x_wconf 90' lang='lat' dir='ltr'>illo</span> <span class='ocrx_word' id='word_1_31' title='bbox 581 1421 789 1466; x_wconf 87' lang='lat' dir='ltr'>tempore</span> <span class='ocrx_word' id='word_1_32' title='bbox 810 1426 900 1466; x_wconf 89' lang='lat' dir='ltr'>quo</span> <span class='ocrx_word' id='word_1_33' title='bbox 921 1414 934 1432; x_wconf 72' lang='lat'>‘²</span> <span class='ocrx_word' id='word_1_34' title='bbox 956 1414 1015 1454; x_wconf 89' lang='lat' dir='ltr'>ad</span> <span class='ocrx_word' id='word_1_35' title='bbox 1035 1420 1099 1464; x_wconf 89' lang='lat' dir='ltr'>te,</span> <span class='ocrx_word' id='word_1_36' title='bbox 1125 1414 1449 1455; x_wconf 89' lang='lat' dir='ltr'>colendissime</span> <span class='ocrx_word' id='word_1_37' title='bbox 1469 1414 1622 1464; x_wconf 89' lang='lat' dir='ltr'>Pater,</span> <span class='ocrx_word' id='word_1_38' title='bbox 1653 1413 1709 1453; x_wconf 91' lang='lat' dir='ltr'>de</span> <span class='ocrx_word' id='word_1_39' title='bbox 1730 1425 1798 1453; x_wconf 90' lang='lat' dir='ltr'>re-</span> 
     </span>
     <span class='ocr_line' id='line_1_9' title="bbox 172 1482 1798 1536; baseline 0.001 -13"><span class='ocrx_word' id='word_1_40' title='bbox 172 1495 281 1524; x_wconf 86' lang='lat' dir='ltr'>rum</span> <span class='ocrx_word' id='word_1_41' title='bbox 301 1490 569 1524; x_wconf 88' lang='lat' dir='ltr'>nostrarum</span> <span class='ocrx_word' id='word_1_42' title='bbox 589 1496 809 1525; x_wconf 91' lang='lat' dir='ltr'>successu</span> <span class='ocrx_word' id='word_1_43' title='bbox 830 1485 1116 1536; x_wconf 82' lang='lat' dir='ltr'>scripsimus,</span> <span class='ocrx_word' id='word_1_44' title='bbox 1140 1484 1267 1524; x_wconf 88' lang='lat' dir='ltr'>Deus</span> <span class='ocrx_word' id='word_1_45' title='bbox 1289 1484 1393 1536; x_wconf 92' lang='lat' dir='ltr'>Opt.</span> <span class='ocrx_word' id='word_1_46' title='bbox 1416 1485 1540 1525; x_wconf 86' lang='lat' dir='ltr'>Max.</span> <span class='ocrx_word' id='word_1_47' title='bbox 1566 1496 1649 1536; x_wconf 86' lang='lat' dir='ltr'>per</span> <span class='ocrx_word' id='word_1_48' title='bbox 1679 1496 1764 1524; x_wconf 91' lang='lat' dir='ltr'>nos</span> <span class='ocrx_word' id='word_1_49' title='bbox 1784 1482 1798 1503; x_wconf 70' lang='lat'><strong>³</strong></span> 
     </span>
     <span class='ocr_line' id='line_1_10' title="bbox 177 1554 1800 1606; baseline 0 -11"><span class='ocrx_word' id='word_1_50' title='bbox 177 1554 403 1595; x_wconf 87' lang='lat' dir='ltr'>hactenus</span> <span class='ocrx_word' id='word_1_51' title='bbox 424 1556 610 1606; x_wconf 90' lang='lat' dir='ltr'>operari</span> <span class='ocrx_word' id='word_1_52' title='bbox 641 1556 860 1606; x_wconf 85' lang='lat' dir='ltr'>dignatus</span> <span class='ocrx_word' id='word_1_53' title='bbox 889 1562 979 1606; x_wconf 90' lang='lat' dir='ltr'>est,</span> <span class='ocrx_word' id='word_1_54' title='bbox 1008 1561 1058 1596; x_wconf 88' lang='lat' dir='ltr'>ut</span> <span class='ocrx_word' id='word_1_55' title='bbox 1085 1561 1441 1596; x_wconf 88' lang='lat' dir='ltr'>sacrosanctum</span> <span class='ocrx_word' id='word_1_56' title='bbox 1467 1554 1482 1574; x_wconf 77' lang='lat'>⁴</span> <span class='ocrx_word' id='word_1_57' title='bbox 1510 1555 1800 1596; x_wconf 77' lang='lat' dir='ltr'>obedientiae</span> 
     </span>
     <span class='ocr_line' id='line_1_11' title="bbox 177 1625 1800 1679; baseline -0.001 -13"><span class='ocrx_word' id='word_1_58' title='bbox 177 1626 416 1666; x_wconf 85' lang='lat' dir='ltr'>decretum</span> <span class='ocrx_word' id='word_1_59' title='bbox 456 1627 733 1667; x_wconf 81' lang='lat' dir='ltr'>observetur</span> <span class='ocrx_word' id='word_1_60' title='bbox 767 1625 794 1677; x_wconf 78' lang='lat'>⁵,</span> <span class='ocrx_word' id='word_1_61' title='bbox 832 1627 984 1678; x_wconf 91' lang='lat' dir='ltr'>quoad</span> <span class='ocrx_word' id='word_1_62' title='bbox 1023 1625 1122 1678; x_wconf 89' lang='lat' dir='ltr'>ejus</span> <span class='ocrx_word' id='word_1_63' title='bbox 1160 1627 1259 1667; x_wconf 87' lang='lat' dir='ltr'>fieri</span> <span class='ocrx_word' id='word_1_64' title='bbox 1297 1627 1486 1678; x_wconf 87' lang='lat' dir='ltr'>poterit,</span> <span class='ocrx_word' id='word_1_65' title='bbox 1523 1627 1686 1679; x_wconf 82' lang='lat' dir='ltr'>paucis</span> <span class='ocrx_word' id='word_1_66' title='bbox 1726 1626 1800 1666; x_wconf 88' lang='lat' dir='ltr'>ab·</span> 
     </span>
     <span class='ocr_line' id='line_1_12' title="bbox 176 1697 369 1737; baseline 0.01 -2"><span class='ocrx_word' id='word_1_67' title='bbox 176 1697 369 1737; x_wconf 79' lang='lat' dir='ltr'>solvam.</span> 
     </span>
    </p>

    <p class='ocr_par' dir='ltr' id='par_1_7' title="bbox 176 1767 1808 2315">
     <span class='ocr_line' id='line_1_13' title="bbox 256 1767 1795 1820; baseline -0.001 -12"><span class='ocrx_word' id='word_1_68' title='bbox 256 1767 410 1819; x_wconf 88' lang='lat' dir='ltr'>Atque</span> <span class='ocrx_word' id='word_1_69' title='bbox 430 1774 479 1808; x_wconf 92' lang='lat' dir='ltr'>ut</span> <span class='ocrx_word' id='word_1_70' title='bbox 501 1768 606 1808; x_wconf 90' lang='lat' dir='ltr'>inde</span> <span class='ocrx_word' id='word_1_71' title='bbox 626 1768 904 1820; x_wconf 90' lang='lat' dir='ltr'>principium</span> <span class='ocrx_word' id='word_1_72' title='bbox 923 1769 1149 1809; x_wconf 88' lang='lat' dir='ltr'>narrandi</span> <span class='ocrx_word' id='word_1_73' title='bbox 1168 1780 1365 1819; x_wconf 89' lang='lat' dir='ltr'>sumam,</span> <span class='ocrx_word' id='word_1_74' title='bbox 1383 1768 1598 1820; x_wconf 91' lang='lat' dir='ltr'>discipuli</span> <span class='ocrx_word' id='word_1_75' title='bbox 1619 1779 1795 1818; x_wconf 87' lang='lat' dir='ltr'>omnes,</span> 
     </span>
     <span class='ocr_line' id='line_1_14' title="bbox 176 1837 1796 1891; baseline 0 -13"><span class='ocrx_word' id='word_1_76' title='bbox 176 1839 253 1889; x_wconf 81' lang='lat' dir='ltr'>qui</span> <span class='ocrx_word' id='word_1_77' title='bbox 274 1839 458 1879; x_wconf 88' lang='lat' dir='ltr'>scholas</span> <span class='ocrx_word' id='word_1_78' title='bbox 479 1845 664 1879; x_wconf 90' lang='lat' dir='ltr'>nostras</span> <span class='ocrx_word' id='word_1_79' title='bbox 685 1839 900 1879; x_wconf 85' lang='lat' dir='ltr'>certatim</span> <span class='ocrx_word' id='word_1_80' title='bbox 919 1839 1231 1891; x_wconf 81' lang='lat' dir='ltr'>frequentant,</span> <span class='ocrx_word' id='word_1_81' title='bbox 1253 1839 1300 1879; x_wconf 90' lang='lat' dir='ltr'>in</span> <span class='ocrx_word' id='word_1_82' title='bbox 1320 1851 1404 1879; x_wconf 84' lang='lat' dir='ltr'>sex</span> <span class='ocrx_word' id='word_1_83' title='bbox 1420 1839 1607 1880; x_wconf 83' lang='lat' dir='ltr'>ordines</span> <span class='ocrx_word' id='word_1_84' title='bbox 1629 1837 1796 1878; x_wconf 67' lang='lat' dir='ltr'>ac&#39;vel-</span> 
     </span>
     <span class='ocr_line' id='line_1_15' title="bbox 176 1909 1799 1961; baseline -0.001 -12"><span class='ocrx_word' id='word_1_85' title='bbox 176 1910 242 1949; x_wconf 88' lang='lat' dir='ltr'>uti</span> <span class='ocrx_word' id='word_1_86' title='bbox 264 1910 440 1950; x_wconf 84' lang='lat' dir='ltr'>classes</span> <span class='ocrx_word' id='word_1_87' title='bbox 461 1911 688 1961; x_wconf 91' lang='lat' dir='ltr'>quasdam</span> <span class='ocrx_word' id='word_1_88' title='bbox 709 1916 815 1950; x_wconf 92' lang='lat' dir='ltr'>sunt</span> <span class='ocrx_word' id='word_1_89' title='bbox 842 1909 1088 1950; x_wconf 84' lang='lat' dir='ltr'>distributi.</span> <span class='ocrx_word' id='word_1_90' title='bbox 1112 1910 1172 1950; x_wconf 93' lang='lat' dir='ltr'>Hi</span> <span class='ocrx_word' id='word_1_91' title='bbox 1193 1921 1354 1950; x_wconf 91' lang='lat' dir='ltr'>omnes</span> <span class='ocrx_word' id='word_1_92' title='bbox 1380 1915 1425 1950; x_wconf 91' lang='lat' dir='ltr'>et</span> <span class='ocrx_word' id='word_1_93' title='bbox 1450 1910 1497 1950; x_wconf 92' lang='lat' dir='ltr'>in</span> <span class='ocrx_word' id='word_1_94' title='bbox 1522 1909 1728 1949; x_wconf 88' lang='lat' dir='ltr'>moribus</span> <span class='ocrx_word' id='word_1_95' title='bbox 1755 1914 1799 1948; x_wconf 92' lang='lat' dir='ltr'>et</span> 
     </span>
     <span class='ocr_line' id='line_1_16' title="bbox 179 1979 1802 2032; baseline -0.001 -12"><span class='ocrx_word' id='word_1_96' title='bbox 179 1980 437 2020; x_wconf 81' lang='lat' dir='ltr'>eruditione</span> <span class='ocrx_word' id='word_1_97' title='bbox 459 1993 486 2020; x_wconf 91' lang='lat' dir='ltr'>a</span> <span class='ocrx_word' id='word_1_98' title='bbox 507 1981 679 2020; x_wconf 90' lang='lat' dir='ltr'>nostris</span> <span class='ocrx_word' id='word_1_99' title='bbox 701 1981 1018 2031; x_wconf 85' lang='lat' dir='ltr'>instituuntur,</span> <span class='ocrx_word' id='word_1_100' title='bbox 1042 1981 1121 2032; x_wconf 89' lang='lat' dir='ltr'>qui</span> <span class='ocrx_word' id='word_1_101' title='bbox 1142 1992 1322 2020; x_wconf 91' lang='lat' dir='ltr'>summa</span> <span class='ocrx_word' id='word_1_102' title='bbox 1349 1992 1457 2020; x_wconf 92' lang='lat' dir='ltr'>cum</span> <span class='ocrx_word' id='word_1_103' title='bbox 1481 1979 1727 2031; x_wconf 81' lang='lat' dir='ltr'>vigilantia</span> <span class='ocrx_word' id='word_1_104' title='bbox 1757 1985 1802 2019; x_wconf 92' lang='lat' dir='ltr'>et</span> 
     </span>
     <span class='ocr_line' id='line_1_17' title="bbox 178 2051 1802 2103; baseline -0.001 -12"><span class='ocrx_word' id='word_1_105' title='bbox 178 2052 332 2091; x_wconf 74' lang='lat' dir='ltr'>studio</span> <span class='ocrx_word' id='word_1_106' title='bbox 354 2052 671 2103; x_wconf 87' lang='lat' dir='ltr'>unusquisque</span> <span class='ocrx_word' id='word_1_107' title='bbox 693 2052 739 2091; x_wconf 90' lang='lat' dir='ltr'>in</span> <span class='ocrx_word' id='word_1_108' title='bbox 760 2063 842 2091; x_wconf 89' lang='lat' dir='ltr'>sua</span> <span class='ocrx_word' id='word_1_109' title='bbox 873 2052 1095 2091; x_wconf 78' lang='lat' dir='ltr'>facultate</span> <span class='ocrx_word' id='word_1_110' title='bbox 1125 2051 1347 2092; x_wconf 90' lang='lat' dir='ltr'>lectiones</span> <span class='ocrx_word' id='word_1_111' title='bbox 1378 2051 1436 2091; x_wconf 93' lang='lat' dir='ltr'>ad</span> <span class='ocrx_word' id='word_1_112' title='bbox 1466 2051 1802 2102; x_wconf 87' lang='lat' dir='ltr'>discipulorum</span> 
     </span>
     <span class='ocr_line' id='line_1_18' title="bbox 180 2120 1805 2173; baseline -0.001 -12"><span class='ocrx_word' id='word_1_113' title='bbox 180 2128 367 2172; x_wconf 80' lang='lat' dir='ltr'>captum</span> <span class='ocrx_word' id='word_1_114' title='bbox 406 2122 735 2162; x_wconf 87' lang='lat' dir='ltr'>accommodas</span> <span class='ocrx_word' id='word_1_115' title='bbox 773 2120 787 2139; x_wconf 71' lang='lat'>⁰</span> <span class='ocrx_word' id='word_1_116' title='bbox 826 2122 1213 2173; x_wconf 84' lang='lat' dir='ltr'>interpretantur,</span> <span class='ocrx_word' id='word_1_117' title='bbox 1255 2127 1535 2173; x_wconf 84' lang='lat' dir='ltr'>caeteraque</span> <span class='ocrx_word' id='word_1_118' title='bbox 1583 2121 1805 2161; x_wconf 87' lang='lat' dir='ltr'>adhibent</span> 
     </span>
     <span class='ocr_line' id='line_1_19' title="bbox 179 2193 1806 2244; baseline -0.001 -11"><span class='ocrx_word' id='word_1_119' title='bbox 179 2194 565 2243; x_wconf 84' lang='lat' dir='ltr'>exercitamenta,</span> <span class='ocrx_word' id='word_1_120' title='bbox 599 2205 718 2244; x_wconf 86' lang='lat' dir='ltr'>quae</span> <span class='ocrx_word' id='word_1_121' title='bbox 749 2203 830 2232; x_wconf 90' lang='lat' dir='ltr'>eos</span> <span class='ocrx_word' id='word_1_122' title='bbox 865 2199 908 2233; x_wconf 94' lang='lat' dir='ltr'>et</span> <span class='ocrx_word' id='word_1_123' title='bbox 939 2193 1148 2233; x_wconf 81' lang='lat' dir='ltr'>excitare</span> <span class='ocrx_word' id='word_1_124' title='bbox 1178 2193 1461 2233; x_wconf 88' lang='lat' dir='ltr'>dormientes</span> <span class='ocrx_word' id='word_1_125' title='bbox 1490 2198 1534 2232; x_wconf 92' lang='lat' dir='ltr'>et</span> <span class='ocrx_word' id='word_1_126' title='bbox 1562 2197 1806 2232; x_wconf 88' lang='lat' dir='ltr'>currentes</span> 
     </span>
     <span class='ocr_line' id='line_1_20' title="bbox 180 2262 1808 2315; baseline -0.001 -12"><span class='ocrx_word' id='word_1_127' title='bbox 180 2264 374 2304; x_wconf 87' lang='lat' dir='ltr'>incitare</span> <span class='ocrx_word' id='word_1_128' title='bbox 408 2270 617 2315; x_wconf 84' lang='lat' dir='ltr'>possunt.</span> <span class='ocrx_word' id='word_1_129' title='bbox 653 2264 814 2314; x_wconf 87' lang='lat' dir='ltr'>Itaque</span> <span class='ocrx_word' id='word_1_130' title='bbox 849 2270 1030 2304; x_wconf 90' lang='lat' dir='ltr'>tantum</span> <span class='ocrx_word' id='word_1_131' title='bbox 1062 2263 1158 2314; x_wconf 84' lang='lat' dir='ltr'>jam</span> <span class='ocrx_word' id='word_1_132' title='bbox 1184 2264 1347 2314; x_wconf 81' lang='lat' dir='ltr'>paucis</span> <span class='ocrx_word' id='word_1_133' title='bbox 1373 2263 1608 2304; x_wconf 89' lang='lat' dir='ltr'>mensibus</span> <span class='ocrx_word' id='word_1_134' title='bbox 1644 2263 1690 2302; x_wconf 88' lang='lat' dir='ltr'>in</span> <span class='ocrx_word' id='word_1_135' title='bbox 1719 2262 1808 2302; x_wconf 92' lang='lat' dir='ltr'>hoc</span> 
     </span>
    </p>
   </div>
   <div class='ocr_carea' id='block_1_6' title="bbox 180 2422 1814 2975">
    <p class='ocr_par' dir='ltr' id='par_1_8' title="bbox 180 2422 1812 2694">
     <span class='ocr_line' id='line_1_21' title="bbox 235 2422 1811 2458; baseline 0 -8"><span class='ocrx_word' id='word_1_136' title='bbox 235 2424 243 2443; x_wconf 92' lang='lat'>¹</span> <span class='ocrx_word' id='word_1_137' title='bbox 284 2423 335 2450; x_wconf 76' lang='lat' dir='ltr'>Ex</span> <span class='ocrx_word' id='word_1_138' title='bbox 361 2423 558 2458; x_wconf 83' lang='lat' dir='ltr'>apographo</span> <span class='ocrx_word' id='word_1_139' title='bbox 583 2431 602 2451; x_wconf 87' lang='lat' dir='ltr'>a</span> <span class='ocrx_word' id='word_1_140' title='bbox 626 2423 661 2451; x_wconf 88' lang='lat' dir='ltr'>P.</span> <span class='ocrx_word' id='word_1_141' title='bbox 685 2423 858 2450; x_wconf 83' lang='lat' dir='ltr'>Bernardo</span> <span class='ocrx_word' id='word_1_142' title='bbox 882 2422 1032 2450; x_wconf 83' lang='lat' dir='ltr'>Oliverio</span> <span class='ocrx_word' id='word_1_143' title='bbox 1053 2423 1206 2450; x_wconf 85' lang='lat' dir='ltr'>consecto</span> <span class='ocrx_word' id='word_1_144' title='bbox 1229 2423 1260 2450; x_wconf 91' lang='lat' dir='ltr'>in</span> <span class='ocrx_word' id='word_1_145' title='bbox 1282 2422 1418 2450; x_wconf 68' lang='lat' dir='ltr'>folii536</span> <span class='ocrx_word' id='word_1_146' title='bbox 1438 2426 1472 2450; x_wconf 90' lang='lat' dir='ltr'>et</span> <span class='ocrx_word' id='word_1_147' title='bbox 1492 2423 1527 2450; x_wconf 89' lang='grc'>37</span> <span class='ocrx_word' id='word_1_148' title='bbox 1547 2422 1679 2450; x_wconf 87' lang='lat' dir='ltr'>Codicis</span> <span class='ocrx_word' id='word_1_149' title='bbox 1695 2423 1811 2450; x_wconf 80' lang='lat'>1551.-</span> 
     </span>
     <span class='ocr_line' id='line_1_22' title="bbox 185 2470 1809 2505; baseline 0 -7"><span class='ocrx_word' id='word_1_150' title='bbox 185 2471 433 2505; x_wconf 79' lang='lat' dir='ltr'>Autographae</span> <span class='ocrx_word' id='word_1_151' title='bbox 450 2470 546 2498; x_wconf 88' lang='lat' dir='ltr'>Pauli</span> <span class='ocrx_word' id='word_1_152' title='bbox 561 2471 739 2498; x_wconf 82' lang='lat' dir='ltr'>d&#39;Achillis</span> <span class='ocrx_word' id='word_1_153' title='bbox 751 2471 887 2498; x_wconf 80' lang='lat' dir='ltr'>litterae</span> <span class='ocrx_word' id='word_1_154' title='bbox 901 2474 979 2498; x_wconf 88' lang='lat' dir='ltr'>sunt</span> <span class='ocrx_word' id='word_1_155' title='bbox 994 2471 1027 2498; x_wconf 90' lang='lat' dir='ltr'>in</span> <span class='ocrx_word' id='word_1_156' title='bbox 1042 2471 1121 2498; x_wconf 81' lang='lat' dir='ltr'>folio</span> <span class='ocrx_word' id='word_1_157' title='bbox 1137 2471 1274 2505; x_wconf 84' lang='lat' dir='ltr'>duplici,</span> <span class='ocrx_word' id='word_1_158' title='bbox 1290 2471 1343 2498; x_wconf 88' lang='lat' dir='ltr'>cui</span> <span class='ocrx_word' id='word_1_159' title='bbox 1356 2471 1436 2498; x_wconf 90' lang='lat' dir='ltr'>olim</span> <span class='ocrx_word' id='word_1_160' title='bbox 1450 2474 1549 2498; x_wconf 86' lang='lat' dir='ltr'>erant</span> <span class='ocrx_word' id='word_1_161' title='bbox 1563 2479 1617 2498; x_wconf 91' lang='lat' dir='ltr'>nn.</span> <span class='ocrx_word' id='word_1_162' title='bbox 1632 2471 1685 2497; x_wconf 86' lang='lat'>367</span> <span class='ocrx_word' id='word_1_163' title='bbox 1699 2475 1732 2498; x_wconf 88' lang='lat' dir='ltr'>et</span> <span class='ocrx_word' id='word_1_164' title='bbox 1745 2470 1809 2505; x_wconf 85' lang='lat'>368,</span> 
     </span>
     <span class='ocr_line' id='line_1_23' title="bbox 180 2517 1810 2552; baseline 0.001 -8"><span class='ocrx_word' id='word_1_165' title='bbox 180 2525 267 2545; x_wconf 90' lang='lat' dir='ltr'>nunc</span> <span class='ocrx_word' id='word_1_166' title='bbox 292 2518 326 2544; x_wconf 77' lang='lat'>28</span> <span class='ocrx_word' id='word_1_167' title='bbox 347 2522 379 2545; x_wconf 87' lang='lat' dir='ltr'>et</span> <span class='ocrx_word' id='word_1_168' title='bbox 403 2518 446 2545; x_wconf 81' lang='lat'>29.</span> <span class='ocrx_word' id='word_1_169' title='bbox 463 2518 674 2545; x_wconf 88' lang='lat' dir='ltr'>Emendatae</span> <span class='ocrx_word' id='word_1_170' title='bbox 690 2522 767 2545; x_wconf 80' lang='lat' dir='ltr'>sunt</span> <span class='ocrx_word' id='word_1_171' title='bbox 788 2518 823 2545; x_wconf 90' lang='lat' dir='ltr'>in</span> <span class='ocrx_word' id='word_1_172' title='bbox 836 2518 989 2552; x_wconf 88' lang='lat' dir='ltr'>pluribus</span> <span class='ocrx_word' id='word_1_173' title='bbox 1003 2525 1104 2545; x_wconf 86' lang='lat' dir='ltr'>manu</span> <span class='ocrx_word' id='word_1_174' title='bbox 1119 2517 1232 2545; x_wconf 85' lang='lat' dir='ltr'>Patris</span> <span class='ocrx_word' id='word_1_175' title='bbox 1254 2518 1410 2552; x_wconf 88' lang='lat' dir='ltr'>Polanco;</span> <span class='ocrx_word' id='word_1_176' title='bbox 1433 2522 1466 2545; x_wconf 89' lang='lat' dir='ltr'>et</span> <span class='ocrx_word' id='word_1_177' title='bbox 1489 2518 1567 2552; x_wconf 87' lang='lat' dir='ltr'>quia</span> <span class='ocrx_word' id='word_1_178' title='bbox 1582 2518 1732 2545; x_wconf 88' lang='lat' dir='ltr'>utilitate</span> <span class='ocrx_word' id='word_1_179' title='bbox 1748 2525 1810 2544; x_wconf 88' lang='lat' dir='ltr'>sua</span> 
     </span>
     <span class='ocr_line' id='line_1_24' title="bbox 181 2564 1812 2600; baseline 0 -9"><span class='ocrx_word' id='word_1_180' title='bbox 181 2573 246 2593; x_wconf 88' lang='lat' dir='ltr'>non</span> <span class='ocrx_word' id='word_1_181' title='bbox 261 2570 357 2592; x_wconf 84' lang='lat' dir='ltr'>caret</span> <span class='ocrx_word' id='word_1_182' title='bbox 371 2565 449 2600; x_wconf 89' lang='lat' dir='ltr'>quid</span> <span class='ocrx_word' id='word_1_183' title='bbox 465 2565 589 2600; x_wconf 87' lang='lat' dir='ltr'>Ignatii</span> <span class='ocrx_word' id='word_1_184' title='bbox 605 2565 819 2592; x_wconf 77' lang='lat' dir='ltr'>secretarius</span> <span class='ocrx_word' id='word_1_185' title='bbox 838 2565 1026 2592; x_wconf 85' lang='lat' dir='ltr'>emendarit</span> <span class='ocrx_word' id='word_1_186' title='bbox 1041 2565 1139 2599; x_wconf 84' lang='lat' dir='ltr'>scire,</span> <span class='ocrx_word' id='word_1_187' title='bbox 1156 2569 1189 2592; x_wconf 89' lang='lat' dir='ltr'>et</span> <span class='ocrx_word' id='word_1_188' title='bbox 1212 2569 1247 2592; x_wconf 88' lang='lat' dir='ltr'>ut</span> <span class='ocrx_word' id='word_1_189' title='bbox 1264 2565 1362 2592; x_wconf 82' lang='lat' dir='ltr'>facile</span> <span class='ocrx_word' id='word_1_190' title='bbox 1378 2566 1451 2599; x_wconf 87' lang='lat' dir='ltr'>quis</span> <span class='ocrx_word' id='word_1_191' title='bbox 1466 2566 1583 2592; x_wconf 83' lang='lat' dir='ltr'>valeat</span> <span class='ocrx_word' id='word_1_192' title='bbox 1598 2565 1744 2592; x_wconf 89' lang='lat' dir='ltr'>Achillis</span> <span class='ocrx_word' id='word_1_193' title='bbox 1759 2564 1812 2592; x_wconf 89' lang='lat' dir='ltr'>lit-</span> 
     </span>
     <span class='ocr_line' id='line_1_25' title="bbox 183 2611 1811 2647; baseline 0 -8"><span class='ocrx_word' id='word_1_194' title='bbox 183 2617 287 2645; x_wconf 86' lang='lat' dir='ltr'>teras,</span> <span class='ocrx_word' id='word_1_195' title='bbox 304 2618 405 2646; x_wconf 87' lang='lat' dir='ltr'>prout</span> <span class='ocrx_word' id='word_1_196' title='bbox 421 2612 491 2646; x_wconf 90' lang='lat' dir='ltr'>ipse</span> <span class='ocrx_word' id='word_1_197' title='bbox 504 2620 564 2639; x_wconf 88' lang='lat' dir='ltr'>eas</span> <span class='ocrx_word' id='word_1_198' title='bbox 578 2611 727 2646; x_wconf 82' lang='lat' dir='ltr'>scripsit,</span> <span class='ocrx_word' id='word_1_199' title='bbox 743 2616 862 2639; x_wconf 85' lang='lat' dir='ltr'>exacte</span> <span class='ocrx_word' id='word_1_200' title='bbox 883 2612 1034 2645; x_wconf 87' lang='lat' dir='ltr'>reficere,</span> <span class='ocrx_word' id='word_1_201' title='bbox 1057 2613 1308 2640; x_wconf 79' lang='lat' dir='ltr'>emendationes</span> <span class='ocrx_word' id='word_1_202' title='bbox 1328 2620 1441 2640; x_wconf 87' lang='lat' dir='ltr'>omnes</span> <span class='ocrx_word' id='word_1_203' title='bbox 1456 2613 1499 2640; x_wconf 89' lang='lat' dir='ltr'>ad</span> <span class='ocrx_word' id='word_1_204' title='bbox 1520 2612 1666 2647; x_wconf 86' lang='lat' dir='ltr'>paginae</span> <span class='ocrx_word' id='word_1_205' title='bbox 1682 2612 1811 2639; x_wconf 84' lang='lat' dir='ltr'>calcem</span> 
     </span>
     <span class='ocr_line' id='line_1_26' title="bbox 183 2659 411 2694; baseline 0 -8"><span class='ocrx_word' id='word_1_206' title='bbox 183 2659 411 2694; x_wconf 85' lang='lat' dir='ltr'>subjiciemus.</span> 
     </span>
    </p>

    <p class='ocr_par' dir='ltr' id='par_1_9' title="bbox 236 2707 1483 2742">
     <span class='ocr_line' id='line_1_27' title="bbox 236 2707 1483 2742; baseline 0 -8"><span class='ocrx_word' id='word_1_207' title='bbox 236 2710 249 2727; x_wconf 66' lang='lat'>’2</span> <span class='ocrx_word' id='word_1_208' title='bbox 287 2707 440 2735; x_wconf 77' lang='lat' dir='ltr'>Verbum</span> <span class='ocrx_word' id='word_1_209' title='bbox 453 2709 622 2742; x_wconf 80' lang='lat' dir='ltr'>tempore,</span> <span class='ocrx_word' id='word_1_210' title='bbox 637 2709 680 2735; x_wconf 88' lang='lat' dir='ltr'>ab</span> <span class='ocrx_word' id='word_1_211' title='bbox 695 2707 841 2735; x_wconf 89' lang='lat' dir='ltr'>Achillis</span> <span class='ocrx_word' id='word_1_212' title='bbox 855 2707 1145 2741; x_wconf 81' lang='lat' dir='ltr'>praetermissum,</span> <span class='ocrx_word' id='word_1_213' title='bbox 1162 2707 1291 2734; x_wconf 89' lang='lat' dir='ltr'>addidit</span> <span class='ocrx_word' id='word_1_214' title='bbox 1308 2707 1483 2734; x_wconf 88' lang='lat' dir='ltr'>Polancus.</span> 
     </span>
    </p>

    <p class='ocr_par' dir='ltr' id='par_1_10' title="bbox 186 2754 1813 2829">
     <span class='ocr_line' id='line_1_28' title="bbox 237 2754 1813 2790; baseline -0.001 -8"><span class='ocrx_word' id='word_1_215' title='bbox 237 2756 250 2773; x_wconf 68' lang='lat'>7¹</span> <span class='ocrx_word' id='word_1_216' title='bbox 288 2763 346 2790; x_wconf 91' lang='lat' dir='ltr'>per</span> <span class='ocrx_word' id='word_1_217' title='bbox 363 2763 430 2787; x_wconf 78' lang='lat' dir='ltr'>eos,</span> <span class='ocrx_word' id='word_1_218' title='bbox 444 2756 504 2789; x_wconf 79' lang='lat' dir='ltr'>qui</span> <span class='ocrx_word' id='word_1_219' title='bbox 521 2756 557 2782; x_wconf 81' lang='lat' dir='ltr'>in</span> <span class='ocrx_word' id='word_1_220' title='bbox 573 2755 637 2782; x_wconf 79' lang='lat' dir='ltr'>hac</span> <span class='ocrx_word' id='word_1_221' title='bbox 657 2755 741 2781; x_wconf 73' lang='lat' dir='ltr'>urbe</span> <span class='ocrx_word' id='word_1_222' title='bbox 755 2756 1007 2782; x_wconf 77' lang='lat' dir='ltr'>sanctissimae</span> <span class='ocrx_word' id='word_1_223' title='bbox 1021 2755 1107 2789; x_wconf 83' lang='lat' dir='ltr'>Jesu</span> <span class='ocrx_word' id='word_1_224' title='bbox 1128 2755 1314 2782; x_wconf 71' lang='lat' dir='ltr'>Societatis</span> <span class='ocrx_word' id='word_1_225' title='bbox 1336 2756 1611 2781; x_wconf 77' lang='lat' dir='ltr'>commorantur.</span> <span class='ocrx_word' id='word_1_226' title='bbox 1628 2754 1813 2787; x_wconf 51' lang='lat' dir='ltr'>Acir-per</span> 
     </span>
     <span class='ocr_line' id='line_1_29' title="bbox 186 2802 354 2829; baseline 0 0"><span class='ocrx_word' id='word_1_227' title='bbox 186 2810 258 2829; x_wconf 83' lang='lat' dir='ltr'>nos.</span> <span class='ocrx_word' id='word_1_228' title='bbox 279 2802 354 2829; x_wconf 63' lang='lat' dir='ltr'>Por.</span> 
     </span>
    </p>

    <p class='ocr_par' dir='ltr' id='par_1_11' title="bbox 240 2848 1810 2883">
     <span class='ocr_line' id='line_1_30' title="bbox 240 2848 1810 2883; baseline -0.001 -6"><span class='ocrx_word' id='word_1_229' title='bbox 240 2851 253 2870; x_wconf 71' lang='lat'>4</span> <span class='ocrx_word' id='word_1_230' title='bbox 290 2855 325 2877; x_wconf 91' lang='lat' dir='ltr'>ut</span> <span class='ocrx_word' id='word_1_231' title='bbox 341 2853 422 2877; x_wconf 80' lang='lat' dir='ltr'>tuae</span> <span class='ocrx_word' id='word_1_232' title='bbox 438 2851 616 2877; x_wconf 82' lang='lat' dir='ltr'>voluntati</span> <span class='ocrx_word' id='word_1_233' title='bbox 631 2858 762 2877; x_wconf 77' lang='lat' dir='ltr'>morem</span> <span class='ocrx_word' id='word_1_234' title='bbox 775 2857 942 2883; x_wconf 77' lang='lat' dir='ltr'>geramus</span> <span class='ocrx_word' id='word_1_235' title='bbox 954 2852 987 2876; x_wconf 78' lang='lat' dir='ltr'>et</span> <span class='ocrx_word' id='word_1_236' title='bbox 999 2854 1266 2877; x_wconf 79' lang='lat' dir='ltr'>sacrosanctum.</span> <span class='ocrx_word' id='word_1_237' title='bbox 1278 2850 1440 2877; x_wconf 57' lang='lat' dir='ltr'>Aca-ut</span> <span class='ocrx_word' id='word_1_238' title='bbox 1452 2852 1719 2876; x_wconf 84' lang='lat' dir='ltr'>sacrosanctum.</span> <span class='ocrx_word' id='word_1_239' title='bbox 1733 2848 1810 2875; x_wconf 85' lang='lat' dir='ltr'>PoL.</span> 
     </span>
    </p>

    <p class='ocr_par' dir='ltr' id='par_1_12' title="bbox 188 2897 1814 2975">
     <span class='ocr_line' id='line_1_31' title="bbox 239 2897 1814 2932; baseline -0.001 -8"><span class='ocrx_word' id='word_1_240' title='bbox 239 2898 253 2918; x_wconf 82' lang='lat'><strong>5</strong></span> <span class='ocrx_word' id='word_1_241' title='bbox 292 2898 466 2925; x_wconf 83' lang='lat' dir='ltr'>decretum</span> <span class='ocrx_word' id='word_1_242' title='bbox 482 2899 686 2926; x_wconf 73' lang='lat' dir='ltr'>inviolabile</span> <span class='ocrx_word' id='word_1_243' title='bbox 705 2900 809 2932; x_wconf 81' lang='lat' dir='ltr'>atque</span> <span class='ocrx_word' id='word_1_244' title='bbox 833 2899 918 2925; x_wconf 84' lang='lat' dir='ltr'>adeo</span> <span class='ocrx_word' id='word_1_245' title='bbox 940 2899 1078 2924; x_wconf 82' lang='lat' dir='ltr'>sartum</span> <span class='ocrx_word' id='word_1_246' title='bbox 1101 2899 1230 2924; x_wconf 76' lang='lat' dir='ltr'>lectum</span> <span class='ocrx_word' id='word_1_247' title='bbox 1253 2898 1491 2925; x_wconf 82' lang='lat' dir='ltr'>observemus.</span> <span class='ocrx_word' id='word_1_248' title='bbox 1508 2897 1814 2924; x_wconf 54' lang='lat' dir='ltr'>Acin—decretum</span> 
     </span>
     <span class='ocr_line' id='line_1_32' title="bbox 188 2947 504 2975; baseline 0 -2"><span class='ocrx_word' id='word_1_249' title='bbox 188 2948 405 2975; x_wconf 85' lang='lat' dir='ltr'>observetur.</span> <span class='ocrx_word' id='word_1_250' title='bbox 427 2947 504 2974; x_wconf 66' lang='lat' dir='ltr'>Por„</span> 
     </span>
    </p>
   </div>
   <div class='ocr_carea' id='block_1_7' title="bbox 241 2992 1342 3028">
    <p class='ocr_par' dir='ltr' id='par_1_13' title="bbox 241 2992 1342 3028">
     <span class='ocr_line' id='line_1_33' title="bbox 241 2992 1342 3028; baseline -0.002 -7"><span class='ocrx_word' id='word_1_251' title='bbox 241 2993 256 3012; x_wconf 67' lang='lat' dir='ltr'>s*</span> <span class='ocrx_word' id='word_1_252' title='bbox 294 2995 440 3021; x_wconf 81' lang='lat' dir='ltr'>idoneas</span> <span class='ocrx_word' id='word_1_253' title='bbox 455 2996 559 3028; x_wconf 80' lang='lat' dir='ltr'>atque</span> <span class='ocrx_word' id='word_1_254' title='bbox 572 2994 859 3022; x_wconf 79' lang='lat' dir='ltr'>accommodatas.</span> <span class='ocrx_word' id='word_1_255' title='bbox 878 2993 1249 3021; x_wconf 49' lang='lat' dir='ltr'>Aca—accommodas.</span> <span class='ocrx_word' id='word_1_256' title='bbox 1266 2992 1342 3020; x_wconf 64' lang='lat' dir='ltr'>Por.</span> 
     </span>
    </p>
   </div>
  </div>
 </body>
</html>
