1987 3260
203 176 272 211 414
710 174 934 210 LlTTERAE
960 183 1317 215 QUADRIMESTRES

388 481 534 508 Eaedem
551 482 687 508 litterae
704 482 829 514 absque
844 479 958 507 Patris
973 479 1110 512 Joannis
1126 479 1164 506 de
1181 478 1328 506 Polanco
1345 479 1643 506 emendationibus.

286 767 474 807 Summa
497 766 619 806 Chri.
643 766 798 816 gratia
818 765 990 804 nostris
1011 776 1191 816 semper
1209 765 1434 804 inhabitet
1455 764 1684 804 cordibus.

286 838 432 878 Adest
454 844 655 888 tempus,
679 836 877 886 benigne
898 835 1051 886 Pater,
1076 836 1122 875 in
1143 847 1248 887 quo,
1274 835 1564 875 obedientiae
1581 835 1734 886 jussu,
1759 847 1828 875 ra-

209 909 380 948 tionem
402 908 594 948 reddere
616 914 827 947 tenemur
849 918 1029 957 eorum,
1054 918 1171 958 quae
1193 906 1264 946 his
1286 912 1484 958 quatuor
1503 906 1714 957 proxime
1740 907 1828 946 ela·

210 980 305 1029 psis
320 979 568 1029 mensibus,
589 978 754 1029 quibus
771 978 859 1017 hac
881 978 927 1017 in
945 978 1134 1017 civitate
1151 978 1344 1028 egimus,
1364 978 1533 1017 summi
1549 976 1636 1017 Dei
1652 977 1831 1028 gloriae

209 1049 333 1090 facta
350 1055 470 1100 sunt;
487 1060 625 1100 quam
641 1049 932 1099 provinciam
948 1048 1248 1088 libentissime
1266 1048 1548 1099 suscepisset
1563 1047 1617 1087 R.
1632 1047 1680 1087 P.
1694 1048 1830 1100 Joan-

208 1132 304 1171 nes,
327 1121 416 1160 nisi
435 1120 675 1171 permultis
697 1119 743 1159 in
764 1119 963 1169 negotiis
984 1119 1197 1158 detentus
1217 1119 1395 1159 fuisset.
1420 1118 1574 1169 Quare
1597 1118 1686 1158 hoc
1719 1118 1831 1158 mihi

208 1203 374 1231 munus
395 1191 684 1230 subeundum
700 1190 799 1241 fuit,
819 1201 930 1229 sane
952 1190 1101 1241 impar
1117 1190 1371 1240 negotium,
1393 1189 1516 1241 quod
1537 1190 1576 1229 si
1592 1201 1685 1229 non
1701 1200 1830 1240 prae-

210 1261 340 1301 stabo
366 1268 505 1312 prout
532 1262 681 1311 pietas
709 1267 788 1300 tua
816 1262 1092 1312 postularet,
1125 1260 1426 1300 imbecillitati
1454 1271 1585 1300 meae
1612 1261 1832 1311 ignoscas

208 1332 362 1372 velim.
385 1331 518 1371 Dabo
538 1338 694 1371 tamen
715 1343 905 1383 operam
925 1344 982 1371 ne
1003 1343 1199 1382 usquam
1221 1331 1419 1371 officium
1439 1342 1593 1371 meum
1614 1331 1744 1370 desit.

288 1403 345 1442 Et
364 1403 512 1454 primo
534 1404 635 1442 loco
656 1403 711 1442 de
731 1403 953 1442 fratribus
970 1403 1151 1442 ratione
1169 1402 1336 1454 aliqua,
1357 1403 1462 1441 licet
1478 1413 1641 1453 pauca,
1662 1401 1827 1445 dicam;

210 1485 326 1525 quos
346 1485 441 1513 non
468 1474 618 1512 solum
644 1479 692 1513 ut
720 1474 767 1513 in
794 1474 1041 1513 vocatione
1068 1479 1391 1525 permaneant,
1421 1484 1586 1512 verum
1613 1473 1752 1512 etiam
1783 1481 1831 1511 ut

211 1545 362 1595 magis
384 1557 439 1584 ac
459 1545 611 1595 magis
632 1545 677 1583 in
699 1545 796 1584 dies
818 1545 864 1584 in
885 1544 1049 1596 spiritu
1070 1543 1336 1595 proficiant,
1371 1549 1535 1583 curant
1561 1543 1739 1583 Patres.
1774 1542 1833 1582 Hi

211 1615 375 1654 litteris
395 1621 568 1654 vacant
588 1627 769 1654 summa
790 1627 895 1655 cum
916 1614 1177 1666 diligentia,
1203 1614 1368 1665 quibus
1399 1614 1511 1665 legit
1539 1614 1676 1653 Pater
1696 1613 1830 1666 Joan-

213 1697 295 1725 nes
315 1697 450 1725 mane
471 1692 564 1725 tres
585 1686 821 1735 lectiones,
840 1685 1038 1736 primam
1058 1685 1105 1724 in
1125 1685 1288 1724 litteris
1310 1684 1674 1734 humanioribus,
1695 1683 1834 1723 aliam

212 1757 258 1796 in
274 1757 532 1807 rhetoricis,
551 1757 737 1796 tertiam
752 1757 800 1796 in
816 1757 1153 1808 grammaticae
1170 1757 1341 1796 latinae
1358 1756 1636 1807 praeceptis3
1656 1766 1682 1793 a
1699 1765 1834 1805 pran—

214 1828 287 1868 dio
315 1840 428 1868 vero
454 1828 587 1867 binas
615 1828 670 1867 de
701 1828 885 1877 graecis
910 1828 1132 1867 lectiones
1166 1827 1351 1866 habent.
1386 1827 1508 1866 Inter
1543 1825 1834 1866 coenandum

214 1900 417 1950 quotidie
438 1905 648 1938 nostrum
670 1910 802 1949 unUS,
828 1905 906 1938 aut
928 1898 1248 1948 concionatur,
1271 1909 1394 1937 nunc
1414 1898 1570 1947 latine,
1594 1908 1716 1936 nunc
1738 1898 1832 1936 vul-

212 1970 402 2020 gariter,
433 1975 511 2009 aut
542 1975 666 2009 certe
702 1969 960 2009 orationem
985 1969 1137 2008 habet.
1171 1967 1373 2019 Singulis
1402 1968 1563 2008 diebus
1591 1967 1834 2008 dominicis

213 2041 351 2080 etiam
371 2041 527 2091 aliqua
554 2040 750 2079 habetur
778 2039 926 2079 oratio
955 2046 1032 2079 aut
1060 2051 1087 2078 a
1115 2038 1336 2078 fratribus
1364 2046 1443 2078 aut
1470 2039 1528 2078 ab
1558 2039 1648 2089 his,
1680 2039 1758 2090 qui
1788 2038 1834 2077 in

212 2111 318 2150 ludo
336 2111 575 2161 litterariO,
595 2111 679 2150 sub
694 2110 890 2150 fratrum
906 2110 1162 2161 disciplina,
1182 2110 1347 2149 litteris
1361 2109 1646 2160 incumbunt,
1664 2108 1834 2148 fratres

212 2182 354 2232 enim,
378 2187 427 2221 ut
448 2182 525 2233 qui
546 2182 636 2221 sint
656 2182 902 2233 pauciores
923 2181 1266 2231 memoriaeque
1288 2180 1510 2219 mandant
1540 2179 1835 2231 quotidianas

212 2253 452 2302 lectiones,
476 2253 663 2292 minime
690 2258 820 2292 tanto
848 2251 976 2292 oneri
1007 2251 1288 2303 respondere
1319 2256 1532 2302 possunt,
1563 2256 1611 2290 ut
1638 2250 1834 2301 singulis

213 2323 456 2363 dominicis
478 2335 594 2363 unus
617 2335 776 2363 corum
799 2334 933 2362 orare
956 2329 1107 2374 queat.
1140 2321 1273 2362 Adde
1305 2320 1428 2373 quod
1455 2327 1726 2372 pergratum
1755 2332 1833 2372 pa-

212 2394 420 2433 rentibus
441 2406 541 2433 esse
564 2394 748 2433 videtur
770 2393 889 2445 quod
911 2393 1110 2433 filiorum
1133 2393 1321 2443 ingenia
1343 2392 1431 2432 hoc
1452 2403 1623 2442 genere
1651 2391 1834 2431 dicendi

213 2475 261 2503 se
282 2470 544 2503 exerceant.
568 2464 643 2504 Ad
665 2476 767 2504 eam
789 2470 941 2504 autem
959 2464 1213 2503 orationem
1235 2464 1367 2503 multi
1390 2463 1615 2503 accedunt
1636 2462 1829 2501 externi.

212 2533 301 2574 Sed
323 2535 377 2574 de
398 2534 619 2574 fratribus
642 2535 881 2574 hactenus.

292 2605 553 2645 Adiverunt
581 2605 742 2649 Patres
770 2605 950 2645 Ducem
980 2612 1028 2645 ut
1058 2606 1141 2655 illi,
1175 2606 1230 2645 de
1259 2605 1393 2645 nobis
1422 2605 1537 2644 bene
1564 2603 1752 2652 merito,
1786 2614 1835 2642 se

212 2680 374 2725 gratos
404 2676 718 2726 ostenderent,
757 2676 922 2727 quibus
956 2675 1181 2726 majorem
1210 2676 1256 2715 in
1284 2676 1471 2715 modum
1501 2675 1754 2714 humanum
1783 2685 1832 2712 se

213 2746 434 2797 ostendit3
458 2746 539 2785 sed
558 2746 686 2785 illurn
705 2747 845 2796 longo
868 2758 1081 2786 sermone
1112 2747 1283 2797 alloqui
1305 2745 1504 2785 facultas
1525 2756 1617 2784 non
1644 2743 1752 2794 fuit,
1787 2750 1835 2783 ut

213 2816 352 2855 etiam
373 2829 430 2856 ex
452 2817 718 2856 domesticis
741 2817 947 2866 plurimi,
973 2816 1096 2867 quod
1118 2817 1163 2855 in
1186 2815 1475 2855 conficienda
1504 2826 1618 2866 pace
1640 2814 1698 2854 sit
1719 2814 1834 2853 assi-

214 2886 343 2926 duus.
367 2887 631 2937 Interrogat
648 2893 803 2926 tamen
826 2898 964 2937 saepe
985 2887 1040 2926 de
1061 2887 1194 2926 nobis
1215 2892 1259 2925 et
1280 2886 1548 2938 perplacent
1579 2885 1640 2925 illi
1662 2896 1780 2936 quae
1803 2897 1828 2924 a

213 2957 346 2996 nobis
374 2957 497 2997 facta
519 2964 645 3007 sunt,
670 2964 717 2997 ut
744 2958 878 2997 nobis
908 2958 1103 2997 relatum
1131 2964 1218 3007 est,
1249 2964 1344 2997 tam
1371 2957 1416 2996 in
1445 2956 1745 2996 concionibus
1777 2966 1830 2994 ac
