1987 3260
899 204 981 240 AN.
1014 204 1103 241 1552
1739 210 1808 247 739

184 297 302 337 nicis
329 310 510 350 quoque
540 300 701 340 diebus
735 300 900 351 ingens
931 312 986 341 ac
1015 300 1182 341 nobilis
1209 301 1346 341 turba
1373 302 1419 341 in
1446 309 1633 343 nostras
1667 306 1806 346 aedes

184 367 392 418 confluit,
416 374 464 408 ut
484 376 589 420 post
611 376 826 421 quartam
847 371 1013 412 horam
1033 372 1280 412 conciones
1311 372 1523 423 audiant;
1557 385 1677 425 quae
1703 387 1804 426 par-

183 438 264 476 tim
287 450 313 478 a
333 438 570 490 Patribus,
595 442 767 491 partim
787 454 813 482 a
834 441 1076 493 fratribus,
1099 453 1193 482 non
1220 443 1318 482 sine
1348 442 1482 483 diviti
1512 443 1702 485 foenore
1728 446 1805 485 ha-

182 507 279 547 beri
306 510 468 549 solent.
500 509 603 550 Non
630 517 699 551 est
731 513 1143 563 praetereundum,
1180 512 1261 553 sed
1289 513 1515 564 imprimis
1551 526 1806 556 memoran-

179 578 304 629 dum,
340 580 549 631 virgines
584 582 838 633 quasdam,
875 589 972 623 tum
991 583 1178 634 generis
1211 590 1256 624 et
1288 585 1514 624 natalium
1545 586 1805 638 splendore,

180 655 278 688 tum
294 649 563 691 divitiarum
597 652 902 705 abundantia,
933 655 1106 703 claras,
1145 655 1372 706 aliquibus
1407 657 1644 697 exercitiis
1675 658 1803 709 spiri-

180 720 382 760 tualibus
416 722 690 774 instructas,
728 725 919 775 longum
945 726 1050 765 vale
1080 725 1346 777 nuptiarum
1380 727 1598 767 thalamis
1633 728 1805 769 dixisse

180 798 318 842 atque
356 792 641 841 virginitatis
680 801 975 835 sacramento
1009 796 1169 836 libenti
1203 797 1359 837 animo
1399 808 1502 837 sese
1542 798 1805 839 devovisse.

177 860 306 911 Quae
336 869 560 913 quantum
580 864 689 915 sibi,
718 872 944 916 quantum
972 872 1015 906 et
1050 867 1175 917 aliis,
1208 867 1296 908 hac
1317 869 1572 908 mutatione
1599 870 1804 920 profece-

176 932 283 982 rint,
307 933 345 972 si
367 933 425 973 ad
446 945 649 984 unguem
671 937 985 976 enarrandum
1007 944 1144 987 esset,
1168 949 1261 977 non
1283 938 1473 978 minima
1498 951 1642 990 opera
1662 941 1802 992 expli—

177 1003 275 1042 cari
290 1010 462 1054 posset.
482 1004 620 1045 Faxit
637 1006 764 1045 Deus
781 1013 829 1047 ut
849 1008 970 1058 quod
990 1007 1184 1048 feliciter
1202 1009 1519 1061 incoeperunt,
1538 1010 1804 1051 felicissime

176 1073 421 1123 perficiant
443 1082 487 1114 et
508 1076 769 1117 absolvant.

254 1144 356 1183 Non
395 1145 646 1186 admodum
684 1147 761 1187 diu
800 1154 870 1188 est
903 1149 1026 1200 quod
1058 1162 1115 1189 ex
1154 1151 1325 1190 nostris
1360 1150 1408 1190 Ρ.
1451 1150 1723 1193 Domenech
1759 1160 1803 1194 et

173 1213 221 1253 P.
243 1214 491 1255 Balthasar
513 1217 727 1257 abierunt
746 1218 792 1258 in
814 1220 1036 1270 oppidum
1057 1220 1305 1271 quoddam,
1325 1222 1510 1261 nomine
1527 1222 1798 1275 Molviedre,

174 1284 252 1324 ubi
281 1296 362 1336 per
391 1297 569 1336 paucos
598 1287 696 1327 dies
726 1297 1038 1341 remorantes,
1069 1291 1290 1342 quoniam
1318 1292 1488 1332 diutius
1517 1293 1680 1333 abesse
1709 1306 1801 1334 non

179 1354 370 1401 licebat,
394 1368 486 1396 non
507 1369 683 1408 paucos
704 1359 881 1399 fructus
902 1373 960 1400 ex
989 1361 1332 1401 confessionum
1361 1368 1498 1414 atque
1524 1364 1804 1405 concionum

176 1426 240 1472 (ut
272 1426 455 1467 interim
481 1430 853 1479 praetermittam
882 1431 1280 1472 confabulationes
1311 1432 1568 1484 proficuas)
1601 1435 1797 1485 agricul-

175 1502 280 1536 tura
302 1498 606 1549 collegerunt.
632 1500 703 1539 Ex
719 1501 883 1552 quibus
899 1513 1019 1542 unus
1034 1504 1315 1555 praecipuus
1337 1504 1583 1555 decerptus
1607 1512 1696 1555 est,
1720 1506 1795 1546 ho-

171 1567 342 1607 minem
376 1570 646 1620 quemdam,
680 1572 759 1622 qui
787 1578 925 1611 antea
955 1573 1011 1612 ob
1043 1573 1284 1624 cujusdam
1314 1573 1393 1613 filii
1427 1575 1797 1617 interfectionem

168 1649 253 1677 nec
270 1645 466 1689 peccata
488 1648 752 1691 aperuerat,
776 1654 862 1682 nec
884 1650 1175 1694 pepercerat,
1195 1645 1434 1696 aperuisse
1452 1651 1495 1685 et
1513 1647 1792 1697 pepercisse.

168 1708 352 1749 Christo
372 1710 538 1761 gloria.

245 1779 454 1820 Ecclesia
489 1780 625 1832 hujus
656 1782 851 1833 Collegii
885 1789 992 1823 ante
1028 1785 1438 1835 quadragesimam
1472 1787 1689 1838 incoepta
1724 1796 1792 1829 est

164 1849 285 1900 fieri3
309 1851 550 1892 columnae
572 1853 784 1904 lapideae
805 1866 927 1894 nunc
950 1855 1205 1906 eriguntur,
1237 1868 1353 1907 quas
1380 1858 1592 1909 suspicor
1624 1858 1789 1899 hebdo-

164 1920 301 1960 mada
323 1921 431 1972 hac,
454 1921 544 1962 Dei
568 1924 897 1976 omnipotentis
916 1926 1111 1976 auxilio,
1135 1927 1195 1966 ad
1221 1928 1490 1967 coronidem
1518 1940 1663 1979 usque
1688 1942 1787 1981 per-

163 1991 400 2032 ducendas
421 1993 534 2033 fore.
559 1994 627 2034 Ita
652 1995 865 2046 perficiat
894 1996 1116 2047 Majestas
1147 1998 1325 2049 divina,
1355 1999 1474 2038 sicut
1499 2011 1604 2049 nos,
1637 2007 1681 2040 et
1711 2003 1787 2052 qui

163 2061 298 2101 nobis
315 2062 431 2103 bene
457 2065 631 2115 volunt,
655 2072 876 2117 exoptant
899 2073 943 2106 et
963 2067 1189 2118 indigent.

242 2131 412 2172 Noster
445 2133 495 2173 Ρ.
532 2133 803 2176 Domenech
838 2137 1078 2188 profectus
1105 2144 1175 2178 est
1209 2138 1317 2178 hinc
1353 2140 1643 2181 solemnitate
1677 2141 1787 2182 Divi

165 2202 527 2255 Bartholomaei,
542 2206 791 2246 comitante
807 2208 944 2248 unico
960 2208 1099 2248 Patre
1116 2220 1222 2249 cum
1239 2209 1438 2260 quinque
1454 2210 1690 2261 fratribus;
1712 2225 1785 2252 cu-

158 2272 232 2324 jus
253 2274 516 2315 discessum
537 2287 698 2317 omnes
718 2279 979 2329 ploramus,
1001 2280 1278 2330 praesertim
1298 2280 1506 2331 virgines
1527 2282 1653 2332 illae,
1678 2296 1785 2335 qua-

161 2355 264 2384 rum
285 2345 497 2396 superius
518 2347 719 2387 memini.
744 2347 882 2389 Pater
903 2349 1131 2401 Baptista,
1149 2349 1322 2390 Rector
1340 2350 1534 2402 Collegii
1555 2352 1785 2394 Gandien-

161 2415 245 2465 sis,
278 2416 401 2467 apud
434 2428 521 2456 nos
549 2429 629 2469 per
663 2419 838 2470 aliquot
874 2420 971 2460 dies
1004 2421 1249 2469 remansit,
1280 2428 1327 2461 ut
1357 2422 1563 2463 omnium
1598 2424 1785 2465 orbitati

160 2485 444 2537 mederetur3
477 2487 607 2539 cujus
633 2491 900 2539 praesentia
928 2491 1132 2531 absentis
1159 2491 1441 2532 desiderium
1467 2494 1710 2543 mitigatur
1739 2503 1783 2535 et

161 2556 423 2597 remittitur.
449 2557 550 2598 Hoc
571 2559 774 2599 remedio
797 2573 914 2612 opus
942 2561 1026 2601 fuit
1054 2574 1147 2602 non
1174 2564 1322 2602 solum
1348 2563 1503 2614 nobis,
1535 2564 1615 2604 sed
1643 2565 1783 2606 etiam

159 2626 262 2666 aliis
296 2628 472 2678 multis,
510 2629 630 2669 inter
657 2642 771 2681 quos
801 2644 962 2672 omnes
996 2633 1198 2672 maxime
1229 2633 1381 2673 sorori
1414 2633 1463 2673 P.
1493 2634 1778 2677 Domenech.

158 2695 327 2736 Mirum
347 2704 416 2737 est
438 2710 576 2749 quam
598 2707 806 2741 nostram
826 2701 1108 2743 Societatem
1129 2704 1243 2743 haec
1275 2704 1461 2754 diligat,
1490 2716 1634 2756 usquc
1665 2707 1781 2748 adeo

158 2774 206 2807 ut
233 2779 327 2807 non
355 2769 508 2809 minus
534 2770 659 2811 illam
685 2771 857 2812 habere
884 2773 959 2813 hic
994 2774 1226 2825 possimus
1260 2786 1314 2813 ac
1346 2781 1542 2815 matrem
1576 2778 1782 2817 omnium

158 2837 539 2888 benignissimam
560 2848 603 2880 et
626 2841 869 2882 fautricem
890 2844 1242 2894 pientissimam.
1265 2845 1400 2897 Jcsus
1419 2846 1544 2886 illam
1560 2854 1603 2887 et
1621 2860 1780 2889 omnes

158 2915 381 2960 perpetuo
405 2912 685 2954 consoletur.

238 2979 339 3019 Non
362 2981 525 3020 tacebo
546 2982 779 3023 hominem
802 2985 1049 3035 quemdam
1073 2993 1136 3032 tut
1158 2986 1316 3034 fertur}
1346 2987 1558 3033 divitem.
1587 2990 1663 3040 qui
1685 2998 1778 3030 tres
