1987 3260
219 203 287 242 186
523 211 529 214 '
730 203 953 241 LITTERAE
980 214 1334 246 QUADRIMESTRES

215 305 454 350 queretur,
475 298 638 350 julium
669 306 778 340 tunc
807 299 945 349 dedit,
970 305 1015 338 et
1044 299 1233 349 rogavit
1263 306 1312 339 ut
1341 299 1528 340 domum
1550 311 1703 349 suam,
1727 312 1844 351 quae

214 375 284 409 est
316 369 572 420 Volsenae‚
613 370 863 420 adiremus,
899 381 955 409 ac
990 380 1045 409 eo
1081 369 1174 420 die,
1213 381 1303 420 quo
1338 382 1391 409 eo
1426 371 1610 410 venturi
1642 382 1840 420 eramus,

216 440 459 491 praemisit
497 441 574 492 qui
612 452 698 480 nos
733 440 919 480 domum
958 451 1091 480 suam
1132 440 1438 491 adducerent,
1481 441 1671 492 ipseque
1704 441 1843 481 etiam

213 511 400 551 obviam
434 511 676 562 processit.
715 509 806 550 Sed
841 516 1092 562 antequam
1121 522 1206 550 nos
1240 511 1510 562 reperisset,
1541 511 1765 562 Baptista,
1798 512 1843 551 in

213 582 368 632 platea
390 581 613 633 quadam,
638 592 757 632 quae
778 586 847 620 est
864 580 997 632 juxta
1019 581 1158 621 aedes
1180 580 1300 631 ejus,
1320 582 1626 622 concionatus
1656 589 1745 633 est,
1770 583 1843 622 cui

213 658 257 691 et
278 653 376 703 ipse
398 651 557 692 adfuit.
582 651 795 691 Perfecta
817 652 1066 701 concione,
1087 651 1275 691 domum
1294 652 1446 702 duxit,
1467 652 1621 703 ibique
1638 665 1692 692 ea
1707 659 1843 693 nocte

213 721 404 773 fuimus3
436 734 573 773 quern
593 733 804 762 amorem
833 733 1065 773 quamque
1095 722 1470 762 benevolentiam
1489 723 1622 762 nobis
1651 735 1763 774 prae
1793 735 1841 762 se

214 793 390 843 tulerit,
414 792 549 832 vobis
569 792 871 844 cogitandum
892 793 1118 844 relinquo.
1152 792 1287 832 Certe
1317 793 1505 833 domum
1532 804 1664 833 suam
1694 792 1843 833 Socie-

213 863 297 903 tati
315 864 426 916 Jesu
449 874 633 914 semper
655 869 868 915 apertam
887 862 988 903 fore
1017 863 1243 914 promisit.
1278 864 1393 904 Cum
1414 864 1512 914 ipse
1543 870 1585 903 et
1607 876 1726 903 uxor
1746 862 1846 914 ejus

214 934 556 985 accubuissent,
581 934 807 985 Magister
823 933 1045 974 Nicolaus
1057 933 1195 984 jussit
1212 934 1381 987 Joanni
1398 941 1447 974 ut
1465 935 1532 974 eis
1550 935 1846 974 concionare-

218 1010 304 1044 tur.
330 1003 551 1056 Sequenti
581 1005 674 1055 die,
706 1016 810 1044 cum
839 1016 924 1044 nos
956 1005 1156 1044 retinere
1186 1016 1281 1044 non
1312 1012 1490 1055 posset,
1519 1004 1646 1054 jubet
1677 1016 1845 1056 equum

217 1075 374 1125 parari
405 1086 542 1126 quem
561 1075 767 1128 Joannes
796 1075 1263 1126 Aquampendentem
1285 1087 1430 1127 usque
1457 1076 1701 1126 equitavit.
1726 1075 1845 1115 Huic

213 1145 316 1184 viro
334 1145 508 1196 optimo
520 1145 801 1185 Vincentius
815 1144 1034 1185 Mandula
1051 1157 1221 1185 nomen
1239 1153 1321 1193 est,
1346 1152 1389 1185 et
1405 1145 1641 1185 Volsenae
1658 1146 1838 1185 habitat

216 1215 355 1255 aedes
382 1216 484 1255 illas
523 1227 639 1267 quas
667 1216 805 1256 habet
831 1215 990 1256 Rmus.
1022 1216 1286 1256 Cardinalis
1317 1215 1532 1256 Tiberius
1563 1216 1771 1267 Crispus.
1795 1217 1844 1256 In

218 1286 418 1337 quodam
441 1286 531 1326 alio
554 1286 772 1338 oppidulo
802 1286 1012 1338 Baptista
1044 1287 1350 1327 concionatus
1381 1293 1469 1337 est,
1499 1287 1545 1326 in
1577 1287 1667 1326 alio
1695 1286 1843 1327 Thad-

215 1356 371 1396 daeus.
404 1356 570 1397 Sienae
600 1363 735 1397 nocte
763 1357 839 1397 illa
861 1369 951 1408 qua
973 1368 1027 1397 eo
1058 1357 1330 1397 devenimus
1363 1358 1637 1397 commorati
1668 1369 1842 1408 sumus,

213 1439 303 1478 qua
316 1427 597 1467 Thaddaeus
614 1439 707 1468 una
722 1439 828 1467 cum
842 1428 999 1468 Aillon
1012 1428 1058 1467 in
1080 1429 1216 1468 domo
1234 1428 1397 1467 matris
1411 1439 1523 1467 suae
1536 1428 1636 1467 fuit.
1651 1427 1842 1468 Postera

213 1497 286 1537 die
302 1499 418 1538 satis
434 1499 613 1538 lautum
633 1499 881 1550 prandium
900 1498 1045 1538 frater
1068 1498 1166 1549 ejus
1190 1499 1320 1538 nobis
1358 1499 1565 1538 exhibuit
1597 1510 1651 1537 ac
1681 1504 1843 1549 postea

212 1567 349 1608 Siena
380 1569 693 1609 discessimus.
724 1569 1011 1618 Florentiae,
1037 1581 1127 1620 quo
1147 1580 1318 1608 novem
1340 1569 1500 1608 diebus
1522 1568 1670 1607 Roma
1704 1568 1838 1608 deve-

212 1639 380 1689 nimus,
412 1640 547 1679 solita
576 1639 829 1690 charitate,
859 1639 1096 1679 hilaritate
1127 1645 1171 1679 et
1200 1639 1524 1679 benevolentia
1561 1650 1585 1677 a
1618 1638 1844 1689 Magistro

211 1710 389 1762 Joanne
409 1709 419 1728 ¹
441 1710 617 1761 recepti
636 1710 823 1760 fuimus,
847 1710 923 1761 qui
945 1710 1060 1749 duos
1081 1710 1189 1760 Δ(1165
1217 1722 1303 1749 1105
1333 1710 1506 1749 invitos
1532 1710 1734 1749 retinuit.
1761 1710 1844 1749 Ba-

213 1780 351 1831 ptista
365 1781 410 1820 in
423 1781 577 1832 platea
588 1780 749 1830 Ducis,
765 1780 921 1820 Aillon
938 1781 985 1820 in
996 1780 1097 1820 foro
1111 1781 1307 1830 olitorio,
1328 1780 1594 1820 concionati
1611 1786 1731 1830 sunt,
1751 1781 1843 1831 qui—

210 1850 296 1890 bus
319 1858 443 1891 certe
464 1851 579 1891 satis
598 1851 815 1902 frequens
843 1852 1007 1891 concio
1038 1851 1135 1891 fuit.
1168 1850 1470 1891 Reverendus
1497 1851 1543 1889 in
1575 1850 1759 1890 Christo
1793 1850 1840 1890 P.

211 1920 496 1971 Alexander,
520 1922 706 1972 quicum
725 1922 860 1961 hodie
877 1922 923 1961 in
945 1922 1156 1961 cubiculo
1174 1933 1257 1961 suo
1275 1921 1352 1961 diu
1367 1922 1547 1961 locutus
1564 1932 1665 1960 sum
1683 1953 1690 1971 ‚
1710 1921 1773 1960 ita
1796 1932 1844 1960 se

211 1992 498 2032 orationibus
514 1993 606 2032 tuis
624 1993 932 2042 commendat,
952 1998 1000 2032 ut
1019 1993 1095 2043 qui
1112 1993 1314 2032 maxime
1331 1992 1648 2031 commendari
1667 1992 1838 2042 cupiat.

291 2062 430 2113 Vale,
463 2068 507 2102 et
528 2062 672 2102 filium
702 2063 943 2113 indignum
973 2063 1064 2102 tuis
1092 2063 1380 2102 orationibus
1402 2061 1596 2112 adjuva,
1630 2067 1673 2101 et
1705 2061 1839 2100 simul

211 2131 486 2172 Reverendo
509 2133 555 2172 in
577 2132 762 2173 Christo
783 2132 831 2172 P.
857 2133 1056 2182 Ignatio,
1084 2133 1121 2171 si
1141 2133 1270 2179 libet,
1296 2132 1584 2171 commenda.

292 2202 467 2242 Datum
486 2203 774 2249 Florentiae,
804 2203 850 2242 lo
872 2203 1065 2242 Kalend.
1093 2203 1267 2253 Aprilis
1294 2203 1406 2241 1351).

294 2273 518 2324 Indignus
538 2273 659 2313 filius

990 2414 1285 2453 Laclfflx'rffls
1322 2415 1608 2454 BL‘SNARDUS.

295 2623 995 2675 Superscrt'ptio.-Revcrendo
1017 2626 1062 2664 in
1085 2626 1271 2666 Christo
1294 2625 1420 2664 Patri
1442 2625 1659 2675 Polanco,
1686 2623 1838 2664 Socie-

213 2693 322 2733 tatis
358 2694 468 2746 Jesu
508 2693 749 2734 Sacerdoti
785 2695 1073 2745 dignissimo.
1111 2695 1249 2746 Apud
1288 2695 1510 2735 Sanctum
1544 2694 1755 2734 Marcum
1790 2695 1833 2735 in

215 2764 406 2803 aedibus
427 2776 545 2815 quae
567 2764 779 2815 adjacent
801 2765 950 2805 Divae
972 2765 1149 2805 Mariae
1170 2767 1226 2805 de
1247 2766 1423 2815 Strata,
1448 2765 1637 2805 Rornae.

267 2923 277 2942 ¹
317 2922 463 2955 Joannes
479 2923 517 2949 de
535 2923 660 2950 Rossis.
