1987 3260
268 161 339 198 258
778 161 1000 198 LITTERAE
1028 172 1382 204 QUADRIMESTRES

345 257 461 297 Cum
478 257 594 296 haec
617 264 882 308 agerentur,
907 257 1096 296 advenit
1116 257 1164 296 Ρ.
1188 257 1380 308 Doctor‚
1405 258 1482 309 qui
1504 270 1595 298 una
1611 271 1715 299 cuin
1738 260 1891 301 fratri-

264 329 350 367 bus
370 327 493 367 illico
514 328 697 378 Burgos
717 327 1066 379 profisciscitur;
1100 339 1189 378 quo
1217 339 1322 367 cum
1348 329 1694 380 pervenissent,
1727 331 1891 371 eodem

265 398 337 437 die
358 399 568 449 Baptista
599 399 645 438 in
671 398 826 449 platea
851 397 1056 448 publica,
1088 409 1234 448 eaque
1264 399 1571 450 amplissima,
1598 411 1882 450 praeconem

265 480 410 519 agens
439 468 778 519 evangelicum,
813 467 1007 507 verbum
1035 467 1123 507 Dei
1149 468 1461 519 praedicavit3
1486 470 1546 510 ad
1572 469 1702 520 cujus
1719 482 1884 511 vocem

262 539 448 590 plurimi
477 539 544 578 rei
571 538 782 578 novitate
805 538 987 577 attoniti
1014 538 1166 577 subito
1195 546 1551 590 concurrerunt;
1581 541 1668 580 etsi
1688 546 1886 592 postmo-

264 610 386 659 dum,
411 609 600 659 cognita
623 607 720 659 ejus
737 608 951 648 doctrina
972 614 1016 647 et
1032 609 1226 659 spiritus
1246 608 1546 661 abundantia,
1565 611 1889 651 vehementius

264 680 617 730 demirarentur,
641 678 791 718 Deum
813 679 859 718 in
880 690 935 718 eo
952 678 1195 718 laudantes
1216 690 1271 718 ac
1292 679 1638 721 benedicentes:
1662 682 1886 732 Magister

264 756 417 790 autem
437 749 663 799 Alvarez,
693 756 884 801 propter
913 749 1161 789 adversam
1193 751 1404 801 corporis
1432 751 1770 803 valetudinem,
1800 764 1886 792 nec

264 828 372 860 tunc
394 832 479 861 nec
500 826 664 872 postea
684 820 996 872 praedicavit3
1019 820 1225 860 nondum
1247 821 1437 871 etenim,
1461 833 1547 861 nec
1566 821 1662 872 jam
1683 823 1883 874 quidem,

263 893 319 931 ab
336 891 601 931 infirmitate
618 892 870 931 convaluit.
892 891 1028 931 Mane
1045 892 1368 942 subsequentis
1387 892 1476 931 diei
1497 892 1655 933 invisit
1676 893 1885 945 Baptista

262 974 340 1002 eos
361 963 438 1014 qui
460 973 648 1002 carcere
669 963 835 1002 inclusi
856 962 1146 1012 tenebantur,
1168 962 1331 1013 quibus
1353 968 1396 1002 ct
1418 974 1515 1002 rem
1532 963 1739 1003 divinam
1759 963 1883 1015 fecit,

262 1040 305 1073 et
343 1034 537 1073 Verbum
579 1033 787 1073 divinum
832 1033 1191 1082 evangelizavit.
1235 1033 1301 1072 Eo
1341 1045 1554 1073 sermone
1593 1045 1885 1086 summopere

262 1110 366 1144 sunt
388 1104 627 1153 consolati,
660 1104 827 1143 obnixe
852 1110 1072 1153 rogantes
1092 1109 1141 1143 ut
1168 1103 1397 1154 frequenti
1424 1102 1649 1154 ejusmodi
1671 1105 1885 1145 exhorta·

261 1176 383 1215 tione
405 1187 484 1215 eos
504 1176 734 1214 solaretur
755 1180 800 1214 et
820 1175 1048 1214 animaret
1066 1206 1073 1224 ,
1110 1174 1231 1225 quod
1256 1180 1304 1213 ut
1334 1174 1509 1214 faceret
1530 1175 1650 1214 ultro
1671 1187 1884 1216 nummos

261 1245 528 1285 offerebant.
551 1245 780 1285 Paulatim
809 1251 988 1295 autem,
1021 1256 1070 1284 se
1097 1244 1380 1284 diffundente
1402 1245 1565 1284 notitia
1588 1251 1632 1285 et
1652 1245 1883 1297 fragranti

260 1316 401 1356 odore
421 1316 626 1366 Patrum,
645 1316 903 1355 accersitus
919 1321 987 1355 est
1004 1315 1052 1355 P.
1071 1315 1394 1355 Ferdinandus
1412 1316 1615 1355 Alvarez
1637 1328 1662 1355 a
1681 1317 1882 1367 quodam

260 1387 484 1426 coenobio
519 1387 861 1437 religiosarum,
894 1386 1015 1437 quod
1043 1386 1099 1425 D.
1129 1386 1330 1437 Aegidio
1362 1393 1430 1425 est
1458 1392 1798 1438 consecratum,
1835 1394 1883 1427 ut

259 1469 339 1497 eas
359 1469 385 1496 a
406 1458 549 1497 multo
571 1463 781 1508 tempore
799 1468 971 1507 magna
1000 1457 1118 1496 inter
1139 1468 1187 1496 se
1208 1457 1441 1496 simultate
1465 1469 1518 1496 ac
1541 1456 1775 1496 discordia
1796 1458 1883 1498 dis-

259 1528 476 1578 sidentes,
500 1533 687 1567 mutuae
709 1528 838 1579 pacis
860 1528 1046 1567 vinculo
1075 1539 1129 1567 ac
1152 1528 1342 1578 spiritus
1364 1527 1541 1567 unitate
1563 1526 1880 1578 conjungeret;

259 1598 382 1649 quod
404 1604 447 1638 et
469 1598 638 1648 effecit,
670 1599 924 1638 auxiliante
942 1597 1057 1648 Deo,
1077 1609 1247 1649 easque
1266 1609 1440 1648 omnes,
1460 1599 1653 1648 praevia
1670 1604 1880 1649 peccato-

258 1681 360 1708 rum
377 1669 684 1717 confessione,
708 1668 891 1709 Christo
914 1668 1113 1708 Domino
1135 1668 1471 1708 reconciliavit.
1503 1668 1619 1707 Tam
1646 1668 1708 1719 pii
1730 1669 1885 1720 operis

257 1740 459 1780 fructum
481 1740 637 1779 statim
658 1740 918 1790 praesensit
935 1739 1218 1778 christianae
1240 1738 1484 1778 charitatis
1506 1750 1560 1777 ac
1581 1740 1712 1789 pacis
1734 1739 1882 1779 hostis

258 1811 458 1850 invidus.
482 1810 598 1862 Ipsis
615 1811 734 1850 enim
755 1809 851 1861 jam
872 1809 974 1849 Deo
995 1821 1077 1849 suo
1100 1809 1276 1860 sibique
1297 1810 1500 1849 invicem
1519 1810 1653 1860 plene
1676 1810 1880 1850 reconci-

257 1882 396 1932 liatis,
421 1892 529 1920 ecce
552 1881 607 1920 de
628 1880 883 1932 improviso
913 1880 1155 1919 sacrificus
1176 1880 1385 1931 quidam,
1418 1880 1541 1919 illius
1569 1881 1778 1920 coenobii
1805 1881 1880 1920 ad-

257 1952 443 1991 modum
478 1951 737 2000 familiaris‚
773 1951 842 1990 ira
877 1951 1095 2001 percitus,
1139 1950 1251 1990 adiit
1291 1950 1328 1990 F
1331 1951 1637 1990 erdinandum
1675 1950 1880 1990 Alvarez

254 2034 450 2073 eumque
472 2022 538 2062 sic
567 2022 837 2073 compellat:
862 2022 954 2062 Cur
975 2022 1050 2061 isti
1071 2022 1280 2072 negotio,
1304 2033 1376 2061 me
1398 2021 1544 2061 inscio
1566 2028 1703 2072 atque
1724 2022 1879 2062 incon-

254 2093 389 2144 sulto,
409 2092 649 2132 interseris
670 2092 995 2132 auctoritatem
1016 2093 1168 2131 tuam?
1190 2103 1343 2132 nonne
1377 2091 1597 2131 decuerat
1625 2103 1763 2142 super
1790 2092 1876 2131 hac

254 2175 302 2202 re
324 2164 454 2215 prius
475 2175 548 2202 me
569 2163 830 2203 consulere?
851 2162 899 2203 P.
923 2162 1142 2211 AlvareZ‚
1167 2174 1362 2202 cernens
1385 2162 1618 2202 hominem
1640 2162 1876 2213 perturba-

253 2235 376 2273 tione
395 2240 690 2282 commotum,
710 2245 815 2272 cum
832 2244 1012 2272 summa
1031 2233 1173 2272 animi
1189 2233 1414 2272 modestia
1432 2238 1475 2272 et
1487 2233 1709 2283 patientia
1726 2233 1874 2284 primo

254 2304 379 2344 audit
400 2304 733 2354 increpantem:
759 2304 938 2353 deinde,
958 2304 1016 2343 ad
1032 2314 1185 2354 genua
1202 2305 1490 2354 provolutus,
1511 2304 1698 2343 veniam
1714 2303 1875 2343 humil-

253 2375 358 2414 lime
386 2375 614 2425 postulat3
645 2385 735 2425 quo
758 2374 875 2423 viso,
900 2375 1017 2413 alter
1038 2374 1386 2425 obstupefactus
1408 2374 1630 2424 redditur,
1655 2380 1698 2412 et
1724 2372 1874 2412 Patris

253 2445 510 2484 humilitate
546 2444 708 2495 suique
739 2444 884 2494 ipsius
920 2445 1180 2484 temeritate
1215 2445 1350 2494 plane
1387 2443 1628 2494 confusus,
1657 2444 1873 2483 mitescit&

250 2515 334 2554 His
356 2515 420 2554 ita
441 2515 659 2566 peractis,
682 2514 731 2553 P.
756 2513 931 2553 Doctor
954 2514 1172 2565 expedire
1196 2513 1423 2564 judicavit
1452 2515 1490 2554 si
1516 2514 1622 2553 inde
1651 2513 1697 2552 in
1724 2512 1872 2553 diver-

250 2597 328 2625 sos
349 2596 496 2637 pagos
518 2591 564 2624 et
591 2584 760 2635 oppida
781 2584 902 2623 illius
923 2585 1148 2624 dioecesis
1171 2585 1541 2635 dispertirentur.
1565 2584 1698 2624 Prius
1718 2589 1873 2623 tamen

249 2668 387 2707 quam
409 2656 454 2695 id
475 2655 619 2701 fieret,
645 2666 806 2694 curam
824 2660 866 2693 et
884 2655 1079 2693 salutem
1100 2655 1316 2705 magistri
1334 2655 1530 2708 Joannis
1551 2654 1753 2694 Alvarez
1770 2654 1871 2694 Viro

248 2726 432 2766 cuidam
465 2725 685 2776 probato,
723 2730 1003 2775 nostraeque
1038 2723 1260 2764 Societati
1296 2725 1602 2775 deditissimo,
1642 2725 1873 2764 commisit

248 2802 384 2847 atque
406 2794 763 2835 commendavit.
787 2793 945 2845 Itaque
969 2793 1015 2833 P.
1040 2794 1218 2834 Doctor
1235 2794 1379 2834 tendit
1401 2794 1458 2833 ad
1475 2805 1625 2845 pagos
1644 2800 1686 2834 et
1703 2794 1868 2846 oppida

248 2878 364 2917 quae
385 2866 470 2905 sibi
492 2871 615 2905 sorte
636 2865 921 2915 obtigerant,
945 2876 1000 2903 ea
1022 2864 1296 2904 visitaturus
1317 2871 1376 2914 et,
1400 2865 1439 2904 si
1456 2876 1545 2916 qua
1566 2865 1748 2905 ratione
1766 2876 1867 2916 pos-

247 2941 335 2987 set,
359 2936 473 2975 vitia
495 2941 814 2984 cor1·ectui·US,
839 2935 1091 2985 opitulante
1113 2934 1335 2985 Domino,
1360 2935 1405 2974 in
1426 2946 1623 2986 quorum
1654 2941 1867 2986 quatuor,
