1987 3260
223 190 293 226 ‘284
324 217 329 222 .
731 188 959 225 LITTERAE
986 199 1344 231 QUADRIMESTRES

221 284 446 336 proficere
474 290 693 336 pergant,
729 289 1007 334 nostraeque
1037 284 1363 335 expectationi,
1394 295 1512 335 quae
1541 284 1746 335 ipsorum
1774 289 1843 324 est

223 356 364 406 salus,
388 355 564 395 faciant
583 355 713 395 satis.

303 424 486 477 Optime
506 426 716 477 procedit
736 425 936 465 Aethica
956 425 1107 475 lectio,
1139 435 1278 476 quam
1298 425 1345 465 in
1370 423 1506 475 hujus
1533 424 1720 465 scholae
1740 435 1844 475 gra-

221 496 334 536 tiam
363 502 549 547 praeter
575 507 752 536 morem
778 501 985 535 veterem
1011 494 1251 546 profitetur
1278 494 1416 535 Pater
1436 495 1676 546 Nicolaus,
1699 495 1844 546 publi-

220 578 326 607 cam
341 573 590 618 propterea
609 566 793 606 laudem
809 566 1105 617 promeritus,
1125 570 1175 605 ut
1195 565 1335 605 etiam
1350 565 1474 618 Juris
1490 565 1722 606 Doctores
1743 565 1841 605 mit-

221 643 322 677 tant
343 637 402 677 ad
422 638 549 677 illum
570 648 682 676 suos
703 637 954 676 auditores.

300 708 410 749 Plus
430 708 619 748 honoris
640 707 829 747 offertur
849 708 1006 758 nobis,
1038 719 1179 759 quam
1204 707 1340 747 fateri
1366 706 1637 746 debeamus:
1667 707 1844 746 utinam

220 779 370 818 minor
393 778 674 818 existimatio
695 778 842 818 nostri
868 777 877 796 ¹
901 777 1140 830 majorque
1160 783 1416 829 proventus
1432 777 1695 817 animarum
1715 788 1843 816 acce-

222 849 363 894 deret;
388 849 567 888 utinam
586 848 633 888 in
650 849 915 888 animorum
932 848 1176 888 affectibus
1192 848 1205 866 ‘²
1226 848 1271 888 id
1292 847 1486 898 efficere,
1511 847 1633 898 quod
1653 847 1700 886 in
1719 847 1843 898 inge-

220 920 322 969 niis,
342 920 620 959 valeremus.
640 919 915 959 Declaravit
936 931 1069 959 suam
1091 930 1203 970 erga
1221 931 1306 959 nos
1326 918 1698 958 benevolentiam
1718 916 1844 957 Prin-

221 1001 330 1040 ceps
358 1001 462 1029 cum
488 1002 636 1041 nuper
666 990 879 1031 adesset:
918 1002 1005 1030 nec
1038 990 1206 1030 minori
1240 989 1403 1029 favore
1433 1001 1518 1028 nos
1551 988 1846 1039 prosequitur

221 1060 538 1101 Cancellarius
568 1061 857 1112 academiae,
891 1062 1104 1112 idemque
1133 1060 1443 1112 Eystettensis
1470 1059 1743 1110 Episcopus,
1767 1058 1845 1110 qui

219 1131 316 1171 suis
331 1143 417 1170 nos
432 1131 578 1171 literis
596 1138 806 1172 amanter
823 1133 1104 1182 consolatur,
1125 1131 1201 1183 qui
1218 1130 1498 1171 Societatem
1514 1130 1636 1169 hanc
1660 1140 1845 1169 omnem

218 1207 414 1252 paterno
438 1208 563 1242 certe
585 1202 752 1242 affectu
773 1202 1110 1254 complectitur,
1134 1202 1213 1253 qui
1239 1212 1409 1241 aureos
1439 1200 1561 1240 mille
1584 1199 1681 1250 jam
1709 1199 1845 1240 offert

221 1272 280 1312 ad
299 1273 447 1312 nostri
466 1278 751 1313 structuram
772 1273 969 1323 collegii.
1002 1273 1126 1313 Idem
1157 1271 1362 1312 consiliis
1383 1271 1479 1311 suis
1499 1281 1723 1321 magnum
1744 1282 1841 1321 per-

218 1343 365 1383 movit
386 1342 809 1395 Archiepiscopum
829 1343 1129 1392 Germanum,
1154 1349 1202 1383 ut
1223 1342 1470 1393 collegium
1491 1347 1535 1381 et
1555 1341 1654 1392 ipse
1677 1341 1840 1392 promi-

219 1414 331 1453 serit
352 1414 525 1454 nostris
547 1414 845 1454 constituere.

298 1483 471 1524 Christi
491 1485 644 1535 gratia
666 1496 768 1525 sum
790 1496 877 1536 ego
894 1484 990 1535 jam
1012 1484 1257 1524 defunctus
1283 1496 1494 1535 munere,
1519 1495 1655 1535 quem
1677 1483 1842 1522 Recto-

219 1559 372 1594 ratum
392 1561 585 1605 vocant,
610 1555 656 1595 in
675 1567 781 1606 quo,
811 1556 896 1595 etsi
924 1555 1133 1595 laborum
1162 1561 1205 1595 et
1232 1555 1549 1594 molestiarum
1579 1554 1700 1593 bona
1731 1565 1843 1604 pars

218 1624 347 1675 insit,
379 1636 497 1676 quae
523 1637 618 1665 non
638 1626 775 1666 valde
803 1626 1033 1666 conducat
1063 1625 1122 1665 ad
1151 1625 1354 1665 fructum
1387 1625 1695 1676 spiritualem,
1727 1629 1839 1664 atta-

218 1707 324 1735 men
344 1696 553 1735 nonnihil
574 1696 735 1736 datum
762 1702 830 1736 est
859 1708 941 1736 cur
970 1697 1199 1736 bonorum
1228 1696 1413 1735 authori
1439 1701 1482 1735 et
1510 1695 1626 1735 fonti
1655 1706 1748 1734 non
1777 1695 1840 1734 in-

217 1766 341 1816 grati
368 1777 469 1806 esse
500 1767 764 1806 debeamus.
799 1766 1024 1807 Fatentur
1054 1772 1213 1818 aperte
1240 1766 1390 1814 multi,
1421 1765 1653 1806 studiosos
1680 1765 1726 1805 in
1754 1765 1841 1805 hoc

218 1836 496 1885 magistratu
514 1837 665 1887 egisse
683 1849 824 1888 quam
840 1838 1020 1877 soleant
1041 1836 1308 1887 modestius;
1333 1836 1591 1875 communis
1611 1835 1695 1875 fuit
1717 1842 1839 1875 tran-

218 1906 434 1958 quillitas,
460 1907 601 1947 etiam
621 1913 719 1947 tum
742 1919 883 1959 quum
911 1908 1183 1947 tumultuari
1210 1914 1254 1947 et
1276 1906 1557 1947 debacchari
1577 1918 1682 1946 cum
1702 1907 1842 1946 venia

217 1988 354 2028 posse
371 1978 601 2028 videntur,
624 1978 751 2017 feriis
773 1978 950 2018 scilicet
970 1978 1359 2019 Bacchanalibus.
1382 1976 1623 2017 Notandos
1644 1977 1840 2017 haereti-

217 2059 392 2097 corum,
418 2048 493 2099 qui
515 2049 775 2099 exstabant,
799 2049 942 2088 libros
965 2049 1253 2099 curavimus3
1273 2060 1330 2088 ne
1354 2048 1668 2088 venderentur
1689 2047 1837 2099 prohi-

217 2119 362 2158 bitum
396 2125 478 2169 est,
508 2131 625 2159 neve
661 2132 719 2159 ex
746 2126 955 2159 mercatu
982 2120 1071 2159 huc
1100 2120 1296 2170 amplius
1324 2119 1605 2159 inferrentur
1637 2119 1842 2169 suspecti

217 2190 458 2240 authores,
483 2190 559 2241 qui
579 2190 910 2230 Grammaticis
941 2191 1103 2240 etiam,
1135 2196 1178 2230 et
1206 2189 1477 2230 Dialecticis
1504 2196 1548 2229 et
1575 2189 1839 2229 Rhetoricis

215 2260 345 2299 libris
366 2267 503 2312 atque
524 2262 787 2312 praeceptis
804 2272 987 2301 venena
1007 2261 1272 2312 praesentia
1293 2260 1701 2302 commiscuerunt.

298 2330 554 2370 Graviores
576 2332 762 2382 abusus,
783 2333 859 2383 qui
880 2332 1030 2371 subito
1051 2332 1306 2383 leviterque
1328 2331 1424 2371 tolli
1445 2343 1537 2370 non
1554 2342 1691 2382 posse
1711 2329 1833 2370 vide-

218 2401 400 2451 bantur,
445 2401 565 2452 quod
605 2403 695 2441 alte
734 2402 918 2442 radices
957 2403 1181 2453 egissent,
1223 2402 1494 2452 collegimus
1529 2402 1576 2441 in
1614 2401 1838 2452 scriptum

218 2482 374 2519 unum,
400 2472 619 2511 collectos
640 2473 850 2512 misimus
879 2473 937 2512 ad
957 2473 1058 2523 ipsa
1079 2472 1222 2512 totius
1244 2472 1512 2511 academiae
1534 2471 1707 2522 capita,
1732 2482 1840 2522 quo-

218 2553 322 2581 rum
342 2542 387 2581 id
407 2543 649 2593 proprium
670 2549 739 2582 est
760 2543 993 2582 communi
1023 2543 1210 2582 scholae
1241 2543 1428 2582 utilitati
1457 2548 1501 2582 et
1520 2541 1841 2581 reformationi

219 2612 481 2662 providere.
518 2613 646 2653 Haec
679 2625 754 2653 res
781 2614 1005 2653 minorem
1040 2613 1259 2654 conflavit
1292 2613 1424 2653 nobis
1458 2612 1682 2652 invidiam
1716 2611 1840 2663 apud

219 2683 466 2733 studiosos,
497 2684 573 2734 qui
599 2696 747 2735 neque
776 2696 802 2723 a
830 2684 962 2723 nobis
990 2684 1218 2724 adversus
1246 2690 1311 2724 tot
1345 2684 1534 2723 morbos
1560 2682 1837 2722 medicinam

220 2754 451 2805 recepturi
477 2754 613 2794 facile
640 2754 931 2805 videbantur,
962 2760 1006 2794 et
1040 2755 1256 2794 liberavit
1285 2755 1425 2794 etiam
1453 2766 1478 2793 a
1506 2753 1712 2804 periculo
1734 2764 1837 2792 con—

219 2824 474 2875 scientiam,
499 2825 551 2873 si,
573 2825 694 2876 quod
710 2826 948 2874 vellemus,
972 2831 1211 2875 praestare
1229 2825 1341 2864 satis
1358 2835 1452 2864 non
1472 2824 1720 2875 potuimus.
1743 2822 1840 2863 Nec

274 2936 284 2956 ¹
325 2935 447 2962 Nostri
461 2935 612 2963 additum
627 2940 677 2963 est
693 2944 712 2963 a
728 2936 885 2963 Polanco.

272 2984 285 3001 2
322 2982 461 3008 Animis
477 2983 640 3016 Canisius;
659 2984 860 3010 animorum
877 2983 1066 3017 aſj‘eclibus
1080 2983 1253 3010 Polancus.
