1987 3260
238 134 309 178 20&
751 135 975 172 LITTERAE
1002 142 1358 178 QUADleESTREs

239 229 491 269 invitarent
521 229 579 270 ad
607 231 886 281 colloquium
913 236 957 270 et
984 240 1212 279 mensam,
1250 239 1343 268 non
1370 227 1641 277 inviserem,
1672 226 1752 266 sed
1780 238 1859 266 eos

240 301 317 351 qui
336 299 509 352 aliquid
529 301 636 340 boni
658 300 927 340 conferendi
946 300 1101 351 gratia
1123 305 1167 339 et
1189 299 1335 339 mutui
1350 298 1508 349 gaudii
1524 297 1570 336 in
1587 297 1725 347 Dno.‚
1749 297 1862 337 mihi

240 371 404 410 adesse
425 378 660 422 cuperent.
685 371 884 410 Proinde
907 371 1029 422 apud
1049 370 1328 421 praecipuos
1350 368 1507 420 oppidi
1528 368 1593 408 fui
1614 368 1660 407 in
1682 378 1858 417 mensa,

240 441 318 493 qui
352 453 512 482 omnes
538 441 673 481 valde
701 442 756 481 ad
787 442 942 481 omnia
970 441 1293 481 auscultabant
1328 446 1372 479 et
1399 440 1509 489 boni
1542 438 1858 488 consulebant,

239 519 461 562 rogantes
482 524 555 552 me
576 520 624 551 ut
646 519 690 551 et
716 512 914 551 filiorum
945 523 1134 551 suorum
1164 510 1366 551 Lovanii
1396 509 1681 549 studentium
1702 520 1862 549 curam

240 594 474 633 gererem,
499 582 577 633 qui
598 582 737 621 etiam
762 581 859 633 jam
886 582 933 621 in
962 581 1167 633 profesto
1188 580 1485 621 Visitationis
1516 580 1686 619 Beatae
1708 578 1861 629 Virgi-

239 653 310 692 nis
331 652 442 692 mihi
464 652 664 692 confessi
685 653 1104 692 communicarunt.
1128 651 1348 702 Rogabar
1371 663 1397 690 a
1418 656 1605 701 pastore
1627 658 1670 689 et
1689 649 1792 689 aliis
1815 656 1861 689 ut

239 723 300 763 ibi
336 723 659 771 concionarer;
697 722 777 762 sed
811 733 899 773 ego
935 722 1196 773 subterfugi
1230 721 1457 772 imprimis
1492 720 1616 771 quod
1650 720 1738 770 ipsi
1771 731 1863 759 non

238 794 352 834 satis
371 794 649 833 videbantur
679 794 792 833 mihi
819 794 1014 843 instare,
1046 799 1089 833 et
1120 803 1206 843 ego
1243 803 1395 831 meam
1427 791 1683 839 miseriam,
1709 790 1863 830 inillis

236 864 485 916 praecipue
525 876 642 916 quae
683 864 885 904 studium
919 870 998 903 aut
1032 862 1496 915 praemeditationem
1535 861 1859 913 praeexigunt,

241 946 526 985 agnoscens,
549 946 643 974 non
671 935 757 974 nisi
780 940 971 975 coactus
993 934 1188 985 aggredi
1218 933 1386 982 ausim,
1420 933 1528 972 licet
1558 932 1686 972 miris
1715 932 1865 971 modis

241 1006 352 1045 totis
372 1005 550 1045 viribus
572 1012 783 1057 optarem
805 1017 877 1045 me
907 1016 1059 1056 posse.
1089 1003 1193 1044 Non
1221 1004 1378 1043 dubito
1406 1010 1562 1043 tamen
1583 1003 1708 1054 quin,
1732 1003 1770 1042 si
1790 1014 1863 1041 ne-

242 1076 437 1116 cessitas
456 1084 658 1126 urgeret,
682 1076 910 1116 Dominus
931 1075 1063 1115 daret
1085 1075 1302 1125 gratiam.

316 1146 468 1187 Mansi
503 1146 712 1186 similiter
746 1146 1108 1186 Amstelodamis
1135 1157 1217 1197 per
1245 1150 1443 1196 quatuor
1470 1144 1568 1184 dies
1596 1150 1639 1183 et
1676 1143 1791 1183 redii
1820 1144 1865 1183 in

241 1217 545 1266 Culenberch‚
570 1217 689 1256 unde
711 1223 901 1268 propter
923 1216 1262 1256 dedicationem
1283 1221 1326 1255 et
1348 1222 1676 1255 extraneorum
1696 1214 1863 1254 adven·

242 1294 337 1328 tum
359 1288 687 1338 discesseram,
711 1288 887 1339 cupivit
909 1287 1030 1327 enim
1051 1286 1266 1326 dominus
1287 1286 1568 1338 praedictus,
1593 1285 1671 1336 qui
1691 1296 1763 1324 me
1785 1296 1863 1324 vo-

241 1366 454 1409 caverat,
478 1358 633 1398 facere
655 1358 999 1398 confessionem
1018 1358 1308 1409 generalem,
1332 1357 1399 1396 sic
1421 1367 1602 1408 quoque
1628 1355 1779 1395 mansi
1804 1355 1865 1396 ibi

240 1428 391 1469 adhuc
413 1436 517 1469 octo
540 1429 715 1469 diebus.
740 1428 930 1469 Interim
956 1439 1210 1480 aggressus
1237 1439 1340 1468 sum
1360 1434 1404 1467 et
1426 1427 1565 1466 alium
1588 1426 1865 1466 canonicum

239 1511 370 1539 meae
399 1499 725 1550 promotionis,
757 1500 947 1539 doctum
976 1505 1020 1539 et
1050 1499 1295 1538 amabilem
1329 1497 1592 1547 dominum,
1622 1497 1700 1547 qui
1726 1497 1865 1537 etiam

240 1570 357 1610 dixit
384 1582 433 1610 se
462 1572 603 1610 semel
638 1576 886 1610 venturum
914 1569 1176 1610 Lovanium
1202 1568 1262 1608 ad
1295 1568 1535 1608 exercitia.
1567 1567 1721 1607 Pridie
1752 1579 1865 1606 vero

241 1652 381 1691 quam
402 1640 526 1680 illinc
549 1640 856 1690 discederem,
880 1645 1078 1679 vocatus
1103 1639 1164 1679 fui
1186 1652 1212 1678 a
1241 1638 1440 1690 quadam
1467 1638 1714 1689 principali
1740 1636 1865 1677 fami-

242 1710 302 1750 lia
324 1711 469 1751 nobili
492 1711 549 1750 ad
570 1711 856 1750 visitandum
877 1710 1019 1750 filium
1041 1710 1224 1759 domus,
1255 1709 1547 1749 sacerdotem
1574 1708 1864 1757 canonicum,

243 1781 321 1832 qui
342 1782 399 1821 ab
421 1787 525 1821 octo
548 1782 682 1821 annis
703 1783 783 1820 vix
805 1781 1022 1832 cuiquam
1043 1781 1259 1831 loquutus
1281 1786 1348 1819 est
1370 1786 1413 1818 et
1431 1779 1660 1818 detinetur
1682 1779 1867 1818 clausus

242 1852 288 1891 in
305 1863 396 1892 uno
419 1852 645 1892 cubiculo.
670 1851 772 1902 Ego
794 1852 1042 1903 perplexus
1062 1850 1249 1890 tandem
1279 1850 1342 1889 ivi
1371 1861 1440 1897 eo,
1472 1850 1643 1889 intravi
1670 1850 1795 1889 solus
1821 1850 1867 1890 in

242 1923 518 1971 cubiculum,
544 1923 707 1962 amicis
728 1922 787 1962 ad
808 1922 934 1962 foras
956 1921 1061 1961 ostii
1082 1927 1299 1962 eventum
1320 1920 1715 1971 exspectantibus,
1749 1920 1866 1960 inter

240 2000 425 2034 caetera
458 1994 689 2033 inculcavi
723 2004 827 2033 cum
861 1993 1015 2043 gratia
1044 1998 1091 2032 ut
1126 2003 1175 2032 se
1205 1992 1263 2031 ad
1291 1990 1632 2030 confessionem
1659 1998 1863 2042 pararet3

240 2065 322 2105 sed
343 2076 624 2116 quamquam
644 2076 809 2115 parum
829 2063 941 2103 mihi
968 2063 1205 2103 videretur
1231 2062 1539 2113 respondere,
1570 2062 1685 2101 dixit
1712 2068 1866 2102 tamen

240 2141 387 2175 mater
409 2147 515 2175 cum
536 2146 708 2185 magno
731 2135 777 2174 in
793 2134 994 2174 Domino
1015 2133 1186 2184 gaudio
1214 2132 1337 2184 quod
1366 2138 1475 2172 tunc
1502 2133 1633 2183 plura
1666 2131 1866 2171 audivis-

240 2212 309 2245 set
329 2217 435 2246 eum
455 2207 718 2257 loquentem
739 2217 877 2256 quam
899 2205 944 2244 in
961 2210 1158 2255 quatuor
1180 2204 1328 2243 annis.
1352 2202 1418 2243 sit
1435 2202 1562 2242 Deus
1580 2201 1863 2242 benedictus.

318 2278 390 2317 Ex
424 2276 713 2317 Culenberch
754 2277 883 2316 duxit
919 2288 1014 2325 me,
1053 2273 1184 2325 cujus
1219 2274 1559 2314 confessionem
1599 2274 1865 2324 generalem

241 2348 495 2398 audieram,
520 2348 579 2387 ad
596 2358 704 2387 suos
721 2348 896 2387 amicos
914 2346 959 2385 in
975 2345 1345 2396 Schoenhovem,
1364 2345 1607 2384 honestam
1625 2343 1863 2393 familiam,

241 2424 285 2458 et
305 2418 367 2458 ibi
387 2430 569 2469 quoque
597 2430 688 2457 uno
715 2417 788 2457 die
810 2418 1003 2457 multum
1029 2422 1224 2467 rogatus
1254 2415 1425 2461 mansi,
1450 2415 1526 2466 qui
1548 2426 1708 2454 omnes
1728 2414 1864 2454 valde

239 2489 377 2528 avide
398 2494 701 2539 susceperunt
721 2487 1059 2527 exhortationis
1085 2487 1293 2527 verbum.
1322 2486 1379 2526 Et
1406 2486 1469 2525 ita
1497 2485 1683 2524 tandem
1711 2484 1860 2525 Lova-

239 2560 366 2599 nium
387 2559 505 2599 redii
524 2565 771 2610 postquam
792 2570 884 2598 uno
905 2569 1066 2597 mense
1091 2557 1357 2596 abfuissem.

317 2630 368 2670 In
388 2630 477 2669 illis
498 2629 654 2680 itaque
670 2629 895 2680 partibus,
915 2628 1113 2668 maxime
1133 2626 1509 2675 Amstelodamis,
1540 2633 1608 2666 est
1626 2626 1748 2666 enim
1764 2632 1867 2677 post

241 2701 548 2752 Antuerpiam
569 2700 615 2739 in
636 2699 736 2739 istis
755 2699 965 2750 partibus
985 2698 1240 2737 maximum
1260 2697 1534 2748 emporium,
1553 2698 1747 2736 multum
1765 2708 1865 2747 pro·

239 2772 376 2811 ficere
397 2776 553 2823 posset
580 2770 745 2821 aliquis
765 2776 953 2810 nostrae
974 2768 1241 2819 Societatis,
1272 2780 1390 2819 quae
1418 2768 1515 2807 sine
1545 2768 1637 2807 ulla
1666 2768 1865 2807 haesita-

238 2842 363 2882 tione
386 2842 507 2893 apud
531 2842 633 2882 illos
653 2841 812 2891 magni
831 2840 892 2880 fit.

317 2912 519 2952 Rediens
552 2912 813 2952 Lovanium
842 2912 998 2951 statim
1027 2911 1315 2950 advenerunt
1343 2916 1539 2960 quatuor
1566 2909 1697 2959 novi,
1736 2921 1865 2948 exce-
