1987 3260
234 164 306 199 (Μ’)
745 163 969 199 LITTERAE
996 174 1352 206 QUADmMEsTREs

240 260 346 298 vuol
369 259 570 299 ritornar
592 271 673 310 per
703 259 878 309 niente,
901 271 989 310 pur
1015 259 1075 298 ha
1101 259 1208 299 dato
1237 260 1431 311 qualche
1459 273 1686 312 speranza
1718 263 1758 302 d'
1787 274 1854 303 as-

236 330 383 369 coltar
400 331 504 380 quel
522 330 605 369 che
617 330 683 379 gli
700 329 889 368 diremo.
908 329 981 369 Un
993 329 1195 379 giovane
1212 330 1432 381 anchora,
1453 330 1667 371 havendo
1681 332 1856 373 havuto

235 411 297 439 un
319 399 443 449 figlio
465 411 546 451 per
577 399 906 448 fornicatione,
938 405 981 439 et
1007 411 1100 439 non
1127 400 1341 440 havendo
1369 401 1523 452 obligo
1550 401 1596 441 di
1621 402 1855 442 matrimo—

233 471 324 515 nio,
350 481 435 520 pur
457 469 804 508 rimostrandoli
824 469 889 520 gli
912 470 1257 510 inconvenienti
1278 476 1321 510 et
1339 471 1529 521 pericoli
1549 472 1665 512 delle
1687 473 1853 523 anime,

231 540 271 578 si
292 544 316 579 e
337 540 530 578 rimesso
553 551 578 578 a
601 540 705 589 quel
727 540 811 579 che
828 540 893 590 gli
920 540 1113 590 diremo,
1144 541 1351 581 anchora
1373 542 1457 581 che
1483 542 1552 581 sia
1578 543 1747 593 partito
1774 555 1856 594 per

234 611 293 648 lui
323 609 789 659 dis-commodissimo,
815 616 942 650 tanto
965 610 1050 650 che
1071 622 1163 650 non
1185 612 1226 651 ci
1247 611 1381 651 basta
1408 613 1435 651 l'
1468 612 1622 652 animo
1643 613 1855 653 determi-

230 691 343 719 nare
364 691 503 719 senza
525 680 743 731 maggior
763 681 1150 721 consideratione.
1182 682 1218 721 E
1239 688 1361 722 stata
1383 682 1647 723 confessata
1668 695 1761 723 una
1778 696 1854 735 po-

231 762 344 790 vera
366 751 658 790 incarcerata
680 750 875 801 infirma;
900 758 944 791 et
961 752 1005 792 la
1022 752 1269 792 settimana
1292 759 1427 792 santa
1443 752 1609 793 furono
1631 754 1857 794 eshortati

226 821 293 868 gli
314 821 586 872 prigionieri
608 833 633 861 a
652 822 948 873 confessarsi3
973 829 1017 862 et
1039 823 1210 873 alcuni,
1235 823 1412 864 benche
1432 825 1582 875 prima
1605 825 1853 876 desperati,

226 893 444 941 negando
467 904 492 930 o
515 892 789 932 biasmando
810 894 855 932 la
877 893 1171 944 providentia
1195 905 1334 945 sopra
1356 894 1386 933 li
1413 894 1555 945 giusti
1576 901 1620 934 et
1648 895 1852 946 ingiusti,

230 975 315 1012 pur
336 964 592 1013 promisero
615 963 916 1013 confessarsi,
941 964 1156 1004 havendo
1176 965 1217 1004 la
1236 965 1517 1005 commodita
1534 965 1579 1005 di
1596 966 1749 1016 luogo,
1769 966 1855 1006 che

229 1046 321 1073 non
343 1034 388 1072 fu
404 1034 621 1085 possibile
642 1045 724 1085 per
745 1035 818 1074 all'
844 1035 981 1083 hora;
1002 1041 1046 1076 et
1063 1035 1259 1075 essendo
1276 1036 1353 1075 noi
1370 1037 1494 1076 assai
1511 1036 1727 1088 occupati
1743 1037 1791 1076 in
1811 1038 1854 1077 la

225 1105 387 1143 chiesa
408 1112 584 1155 nostra,
608 1105 647 1144 si
670 1108 694 1144 e
715 1105 833 1145 satta
854 1106 1052 1156 qualche
1079 1106 1319 1156 diligentia
1341 1106 1387 1146 di
1416 1106 1555 1157 fargli
1581 1107 1666 1146 dar
1694 1107 1855 1147 ordine

230 1187 311 1226 per
332 1175 446 1214 certi
466 1175 838 1225 gentilhuomini.

308 1245 531 1286 Anchora
553 1247 593 1285 si
616 1258 730 1286 sono
754 1247 940 1286 visitate
963 1253 1006 1286 et
1035 1247 1296 1287 confessate
1317 1249 1482 1288 alcune
1502 1260 1699 1299 persone
1731 1261 1853 1289 ama-

228 1318 320 1357 late
332 1318 377 1356 in
390 1328 499 1356 casa
518 1329 616 1366 sua,
633 1323 676 1356 et
691 1318 780 1357 ben
792 1324 955 1367 morte,
971 1329 1102 1358 come
1119 1318 1375 1369 crediam03
1397 1326 1440 1358 et
1458 1331 1540 1370 per
1552 1331 1644 1359 una
1660 1320 1856 1359 essendo

226 1388 450 1427 chiamati
490 1388 641 1439 doppo
676 1389 719 1427 la
755 1387 958 1438 Pascha,
998 1400 1130 1428 come
1166 1400 1247 1440 per
1283 1390 1550 1430 riconciliar
1586 1391 1855 1439 solamente,

226 1458 275 1497 fu
296 1464 483 1498 trovato
507 1458 592 1498 che
613 1459 798 1498 haveva
820 1459 908 1498 ben
936 1459 1133 1510 bisogno
1161 1460 1201 1499 d'
1232 1472 1322 1500 una
1346 1460 1636 1500 confessione
1664 1472 1855 1511 genera-

227 1530 289 1577 le,
315 1540 445 1568 come
469 1541 517 1568 se
540 1529 632 1568 mai
662 1540 754 1568 non
776 1529 815 1568 si
842 1529 967 1569 fusse
990 1529 1271 1570 confessata.
1302 1531 1487 1570 Benche
1508 1543 1588 1582 per
1617 1532 1772 1582 gratia
1794 1531 1854 1571 di-

232 1600 339 1639 vina
360 1612 438 1639 era
462 1600 540 1651 piu
562 1606 888 1639 mancamento
911 1600 956 1640 di
977 1601 1244 1651 cognitione
1266 1608 1309 1641 et
1331 1601 1376 1641 di
1398 1601 1680 1642 commodita
1701 1602 1787 1642 che
1808 1603 1854 1642 di

229 1671 439 1715 volonta,
463 1682 538 1709 ma
559 1670 820 1710 havendola
840 1671 869 1710 il
891 1669 1059 1720 Signor
1082 1671 1420 1711 mirabilmente
1443 1679 1723 1712 conservata
1745 1673 1857 1712 dalli

227 1741 434 1792 pericoli.
469 1740 516 1780 si
543 1752 746 1791 procura
777 1741 926 1780 anche
949 1753 1031 1792 per
1062 1742 1226 1781 alcune
1255 1743 1524 1793 giovanette
1552 1743 1597 1782 di
1624 1744 1855 1793 trovargli

226 1812 425 1862 ricapito
458 1812 503 1851 in
529 1811 750 1862 hospitali
781 1823 806 1851 o
836 1812 942 1851 altri
968 1812 1129 1862 luoghi
1158 1812 1314 1852 sicuri.
1351 1813 1408 1852 Et
1437 1814 1602 1853 alcune
1638 1813 1789 1854 donne
1818 1815 1857 1854 si

227 1893 343 1921 sono
365 1882 543 1921 ritirate
565 1882 687 1921 dalla
708 1882 1065 1922 conversatione
1087 1884 1210 1922 mala
1232 1883 1277 1922 di
1299 1883 1534 1924 sacerdoti
1562 1884 1854 1935 indiavolati,

226 1954 313 1992 che
335 1953 438 1992 dico
466 1954 559 1993 mal
586 1953 854 2000 volontieri‚
886 1964 962 1992 ma
990 1955 1096 2003 ogn'
1128 1965 1219 1993 uno
1250 1965 1301 1993 sa
1330 1954 1414 1994 che
1443 1955 1523 1994 tali
1549 1955 1678 1994 molti
1699 1955 1738 1995 si
1766 1961 1854 1995 tro—

227 2036 365 2063 vano.

308 2095 380 2134 Un
402 2094 588 2144 hebreo,
625 2095 913 2134 catechizato
935 2093 994 2134 da
1023 2094 1114 2143 noi,
1139 2094 1177 2133 si
1207 2098 1231 2134 e
1259 2094 1571 2146 batteggiato;
1603 2102 1647 2135 et
1678 2096 1853 2136 confes-

229 2172 333 2205 sato
355 2177 445 2205 uno
468 2166 553 2205 che
575 2176 657 2204 era
685 2171 807 2205 stato
830 2165 876 2204 in
899 2164 1105 2204 Turchia
1127 2165 1374 2215 rinnegato
1397 2177 1480 2216 per
1501 2166 1657 2206 sedeci
1679 2167 1802 2216 anni,
1828 2167 1859 2206 il

230 2237 365 2286 quale
401 2236 459 2275 ha
496 2236 715 2276 condutto
752 2238 829 2286 qui
866 2241 910 2275 et
940 2235 1055 2275 fatto
1092 2235 1359 2286 batteggiar
1394 2237 1567 2287 moglie
1603 2242 1647 2276 et
1681 2236 1854 2287 figlioli.

231 2306 397 2357 Dapoi‚
422 2306 634 2346 venendo
666 2306 753 2346 due
774 2306 888 2345 navi
909 2306 955 2345 di
976 2306 1128 2345 turchi
1157 2311 1200 2345 et
1228 2306 1369 2355 mori,
1400 2307 1431 2346 il
1460 2306 1628 2358 Signor
1654 2307 1716 2348 ha
1741 2307 1857 2348 fatto

226 2378 468 2417 convertis
490 2378 579 2416 alla
601 2377 703 2416 fede
725 2388 809 2416 sua
832 2375 1071 2427 parecchi,
1101 2382 1144 2416 et
1167 2376 1272 2416 altri
1300 2377 1535 2427 rinnegati
1556 2384 1745 2418 tornare
1767 2379 1857 2418 alla

230 2449 408 2498 chiesa,
446 2448 747 2498 adoperando
785 2448 815 2487 il
845 2453 1003 2487 nostro
1045 2447 1319 2498 Monsignor
1354 2459 1484 2488 come
1518 2459 1601 2499 per
1634 2450 1854 2500 generale

231 2519 427 2569 ricapito
449 2518 507 2558 ad
535 2518 644 2568 ogni
672 2530 814 2569 opera
838 2530 936 2568 sua,
962 2524 1005 2557 et
1027 2517 1226 2557 dandoci
1247 2518 1456 2558 anchora
1479 2519 1675 2570 qualche
1705 2525 1855 2571 parte-

230 2589 465 2639 cipatione
488 2590 533 2628 in
555 2590 619 2629 tal
640 2589 912 2637 ministerio,
937 2589 1155 2628 massime
1178 2589 1452 2629 servendosi
1473 2590 1546 2629 del
1566 2595 1727 2630 nostro
1750 2590 1854 2630 Gio-

230 2670 384 2698 vanne
406 2660 603 2699 Battista
629 2658 653 2706 ¹,
679 2660 759 2710 gia
780 2659 966 2708 hebreo,
992 2670 1074 2709 per
1096 2659 1310 2709 havergli
1331 2658 1439 2699 dato
1460 2661 1627 2700 notitia
1657 2661 1703 2700 di
1725 2661 1856 2700 varie

230 2730 402 2779 lingue.

312 2799 439 2839 Molti
468 2801 659 2850 giovani
687 2801 906 2849 scholari,
934 2806 978 2840 et
1010 2801 1157 2840 anche
1186 2801 1302 2840 altre
1324 2811 1522 2851 persone
1551 2801 1597 2840 di
1624 2807 1776 2851 tempo
1804 2807 1848 2840 et

289 2956 295 2973 ¹
337 2956 480 2987 joannes
498 2957 651 2991 Baptista
667 2958 818 2985 Elianus.
