<?xml version="1.0" encoding="UTF-8"?>
<!DOCTYPE html PUBLIC "-//W3C//DTD XHTML 1.0 Transitional//EN"
    "http://www.w3.org/TR/xhtml1/DTD/xhtml1-transitional.dtd">
<html xmlns="http://www.w3.org/1999/xhtml" xml:lang="en" lang="en">
 <head>
  <title>
</title>
<meta http-equiv="Content-Type" content="text/html;charset=utf-8" />
  <meta name='ocr-system' content='tesseract 3.04.00' />
  <meta name='ocr-capabilities' content='ocr_page ocr_carea ocr_par ocr_line ocrx_word'/>
</head>
<body>
  <div class='ocr_page' id='page_1' title='image "./litteraequadrime1301lain_0226.png"; bbox 0 0 1987 3260; ppageno 0'>
   <div class='ocr_carea' id='block_1_1' title="bbox 291 186 1409 229">
    <p class='ocr_par' dir='ltr' id='par_1_1' title="bbox 291 186 1409 229">
     <span class='ocr_line' id='line_1_1' title="bbox 291 186 1409 229; baseline -0.001 -4"><span class='ocrx_word' id='word_1_1' title='bbox 291 187 362 225; x_wconf 83' lang='lat'>220</span> <span class='ocrx_word' id='word_1_2' title='bbox 803 186 1028 223; x_wconf 75' lang='lat' dir='ltr'><strong>LITTERAE</strong></span> <span class='ocrx_word' id='word_1_3' title='bbox 1053 196 1409 229; x_wconf 80' lang='lat' dir='ltr'><strong>QUADRIMESTRES</strong></span> 
     </span>
    </p>
   </div>
   <div class='ocr_carea' id='block_1_2' title="bbox 291 280 1924 2802">
    <p class='ocr_par' dir='ltr' id='par_1_2' title="bbox 292 280 1921 604">
     <span class='ocr_line' id='line_1_2' title="bbox 373 280 1918 333; baseline -0.001 -11"><span class='ocrx_word' id='word_1_4' title='bbox 373 281 640 322; x_wconf 89' lang='lat' dir='ltr'>Custoditur</span> <span class='ocrx_word' id='word_1_5' title='bbox 662 280 867 331; x_wconf 84' lang='lat' dir='ltr'>(juvante</span> <span class='ocrx_word' id='word_1_6' title='bbox 894 280 1113 329; x_wconf 85' lang='lat' dir='ltr'>Domino&gt;</span> <span class='ocrx_word' id='word_1_7' title='bbox 1145 282 1328 333; x_wconf 87' lang='lat' dir='ltr'>integra</span> <span class='ocrx_word' id='word_1_8' title='bbox 1353 282 1463 322; x_wconf 93' lang='lat' dir='ltr'>unio</span> <span class='ocrx_word' id='word_1_9' title='bbox 1492 287 1536 322; x_wconf 95' lang='lat' dir='ltr'>et</span> <span class='ocrx_word' id='word_1_10' title='bbox 1564 281 1773 321; x_wconf 85' lang='lat' dir='ltr'>charitas</span> <span class='ocrx_word' id='word_1_11' title='bbox 1800 281 1918 321; x_wconf 91' lang='lat' dir='ltr'>inter</span> 
     </span>
     <span class='ocr_line' id='line_1_3' title="bbox 292 351 1916 403; baseline -0.001 -11"><span class='ocrx_word' id='word_1_12' title='bbox 292 364 394 403; x_wconf 91' lang='lat' dir='ltr'>nos,</span> <span class='ocrx_word' id='word_1_13' title='bbox 412 352 533 392; x_wconf 91' lang='lat' dir='ltr'>unde</span> <span class='ocrx_word' id='word_1_14' title='bbox 549 353 699 392; x_wconf 90' lang='lat' dir='ltr'>bonus</span> <span class='ocrx_word' id='word_1_15' title='bbox 716 351 830 391; x_wconf 90' lang='lat' dir='ltr'>odor</span> <span class='ocrx_word' id='word_1_16' title='bbox 848 351 907 390; x_wconf 89' lang='lat' dir='ltr'>ad</span> <span class='ocrx_word' id='word_1_17' title='bbox 917 351 1158 402; x_wconf 84' lang='lat' dir='ltr'>proximos</span> <span class='ocrx_word' id='word_1_18' title='bbox 1171 358 1373 403; x_wconf 89' lang='lat' dir='ltr'>emanat;</span> <span class='ocrx_word' id='word_1_19' title='bbox 1394 360 1438 392; x_wconf 92' lang='lat' dir='ltr'>et</span> <span class='ocrx_word' id='word_1_20' title='bbox 1450 353 1680 392; x_wconf 87' lang='lat' dir='ltr'>mirantur</span> <span class='ocrx_word' id='word_1_21' title='bbox 1695 351 1916 403; x_wconf 90' lang='lat' dir='ltr'>plerique,</span> 
     </span>
     <span class='ocr_line' id='line_1_4' title="bbox 293 422 1918 473; baseline -0.001 -10"><span class='ocrx_word' id='word_1_22' title='bbox 293 423 496 463; x_wconf 79' lang='lat' dir='ltr'>maxime</span> <span class='ocrx_word' id='word_1_23' title='bbox 518 422 761 473; x_wconf 87' lang='lat' dir='ltr'>Religiosi‚</span> <span class='ocrx_word' id='word_1_24' title='bbox 781 433 871 472; x_wconf 88' lang='lat' dir='ltr'>quo</span> <span class='ocrx_word' id='word_1_25' title='bbox 891 428 1051 472; x_wconf 89' lang='lat' dir='ltr'>pacto,</span> <span class='ocrx_word' id='word_1_26' title='bbox 1072 422 1191 462; x_wconf 90' lang='lat' dir='ltr'>inter</span> <span class='ocrx_word' id='word_1_27' title='bbox 1206 428 1274 462; x_wconf 94' lang='lat' dir='ltr'>tot</span> <span class='ocrx_word' id='word_1_28' title='bbox 1295 423 1575 463; x_wconf 89' lang='lat' dir='ltr'>domesticos</span> <span class='ocrx_word' id='word_1_29' title='bbox 1595 433 1767 473; x_wconf 89' lang='lat' dir='ltr'>eosque</span> <span class='ocrx_word' id='word_1_30' title='bbox 1788 422 1918 462; x_wconf 84' lang='lat' dir='ltr'>novi-</span> 
     </span>
     <span class='ocr_line' id='line_1_5' title="bbox 292 492 1921 544; baseline -0.001 -10"><span class='ocrx_word' id='word_1_31' title='bbox 292 494 401 544; x_wconf 89' lang='lat' dir='ltr'>tios,</span> <span class='ocrx_word' id='word_1_32' title='bbox 424 499 555 534; x_wconf 90' lang='lat' dir='ltr'>tanta</span> <span class='ocrx_word' id='word_1_33' title='bbox 576 504 668 543; x_wconf 85' lang='lat' dir='ltr'>pax</span> <span class='ocrx_word' id='word_1_34' title='bbox 690 498 733 532; x_wconf 91' lang='lat' dir='ltr'>et</span> <span class='ocrx_word' id='word_1_35' title='bbox 762 492 981 531; x_wconf 77' lang='lat' dir='ltr'>alacritas</span> <span class='ocrx_word' id='word_1_36' title='bbox 1004 498 1320 533; x_wconf 82' lang='lat' dir='ltr'>conservetur.</span> <span class='ocrx_word' id='word_1_37' title='bbox 1345 493 1445 533; x_wconf 94' lang='lat' dir='ltr'>Deo</span> <span class='ocrx_word' id='word_1_38' title='bbox 1469 493 1669 544; x_wconf 75' lang='lat' dir='ltr'>gratias,</span> <span class='ocrx_word' id='word_1_39' title='bbox 1700 498 1810 543; x_wconf 89' lang='lat' dir='ltr'>etc.‚</span> <span class='ocrx_word' id='word_1_40' title='bbox 1842 492 1921 544; x_wconf 90' lang='lat' dir='ltr'>qui</span> 
     </span>
     <span class='ocr_line' id='line_1_6' title="bbox 292 564 1036 604; baseline -0.004 0"><span class='ocrx_word' id='word_1_41' title='bbox 292 565 500 604; x_wconf 91' lang='lat' dir='ltr'>omnium</span> <span class='ocrx_word' id='word_1_42' title='bbox 519 564 747 603; x_wconf 87' lang='lat' dir='ltr'>bonorum</span> <span class='ocrx_word' id='word_1_43' title='bbox 767 569 837 602; x_wconf 91' lang='lat' dir='ltr'>est</span> <span class='ocrx_word' id='word_1_44' title='bbox 859 568 1036 602; x_wconf 89' lang='lat' dir='ltr'>auctor.</span> 
     </span>
    </p>

    <p class='ocr_par' dir='ltr' id='par_1_3' title="bbox 292 633 1924 1886">
     <span class='ocr_line' id='line_1_7' title="bbox 374 633 1922 686; baseline -0.001 -11"><span class='ocrx_word' id='word_1_45' title='bbox 374 635 552 675; x_wconf 92' lang='lat' dir='ltr'>Domus</span> <span class='ocrx_word' id='word_1_46' title='bbox 568 633 871 685; x_wconf 85' lang='lat' dir='ltr'>probationis,</span> <span class='ocrx_word' id='word_1_47' title='bbox 894 633 940 673; x_wconf 91' lang='lat' dir='ltr'>in</span> <span class='ocrx_word' id='word_1_48' title='bbox 961 645 1100 684; x_wconf 89' lang='lat' dir='ltr'>quam</span> <span class='ocrx_word' id='word_1_49' title='bbox 1115 634 1347 674; x_wconf 88' lang='lat' dir='ltr'>noluimus</span> <span class='ocrx_word' id='word_1_50' title='bbox 1363 634 1588 674; x_wconf 89' lang='lat' dir='ltr'>hactenus</span> <span class='ocrx_word' id='word_1_51' title='bbox 1604 635 1759 686; x_wconf 87' lang='lat' dir='ltr'>plures</span> <span class='ocrx_word' id='word_1_52' title='bbox 1781 644 1922 685; x_wconf 90' lang='lat' dir='ltr'>quam</span> 
     </span>
     <span class='ocr_line' id='line_1_8' title="bbox 294 703 1919 756; baseline -0.001 -11"><span class='ocrx_word' id='word_1_53' title='bbox 294 705 539 745; x_wconf 83' lang='lat' dir='ltr'>duodecim</span> <span class='ocrx_word' id='word_1_54' title='bbox 557 703 752 754; x_wconf 83' lang='lat' dir='ltr'>juvenes</span> <span class='ocrx_word' id='word_1_55' title='bbox 772 704 1000 755; x_wconf 87' lang='lat' dir='ltr'>recipere,</span> <span class='ocrx_word' id='word_1_56' title='bbox 1033 704 1203 755; x_wconf 89' lang='lat' dir='ltr'>partim</span> <span class='ocrx_word' id='word_1_57' title='bbox 1230 704 1428 754; x_wconf 89' lang='lat' dir='ltr'>nobiles,</span> <span class='ocrx_word' id='word_1_58' title='bbox 1458 704 1628 755; x_wconf 88' lang='lat' dir='ltr'>partim</span> <span class='ocrx_word' id='word_1_59' title='bbox 1656 705 1919 756; x_wconf 79' lang='lat' dir='ltr'>populares,</span> 
     </span>
     <span class='ocr_line' id='line_1_9' title="bbox 293 773 1918 826; baseline -0.001 -11"><span class='ocrx_word' id='word_1_60' title='bbox 293 776 381 815; x_wconf 92' lang='lat' dir='ltr'>Dei</span> <span class='ocrx_word' id='word_1_61' title='bbox 398 774 622 815; x_wconf 88' lang='lat' dir='ltr'>beneficio</span> <span class='ocrx_word' id='word_1_62' title='bbox 641 786 823 826; x_wconf 78' lang='lat' dir='ltr'>semper</span> <span class='ocrx_word' id='word_1_63' title='bbox 841 773 1023 825; x_wconf 89' lang='lat' dir='ltr'>proficit</span> <span class='ocrx_word' id='word_1_64' title='bbox 1044 775 1090 814; x_wconf 91' lang='lat' dir='ltr'>in</span> <span class='ocrx_word' id='word_1_65' title='bbox 1106 775 1285 825; x_wconf 82' lang='lat' dir='ltr'>melius3</span> <span class='ocrx_word' id='word_1_66' title='bbox 1305 775 1523 815; x_wconf 87' lang='lat' dir='ltr'>videntur</span> <span class='ocrx_word' id='word_1_67' title='bbox 1540 786 1642 815; x_wconf 90' lang='lat' dir='ltr'>esse</span> <span class='ocrx_word' id='word_1_68' title='bbox 1658 781 1727 815; x_wconf 89' lang='lat' dir='ltr'>tot</span> <span class='ocrx_word' id='word_1_69' title='bbox 1750 775 1918 826; x_wconf 83' lang='lat' dir='ltr'>angeli.</span> 
     </span>
     <span class='ocr_line' id='line_1_10' title="bbox 295 845 1923 897; baseline -0.001 -11"><span class='ocrx_word' id='word_1_70' title='bbox 295 847 367 887; x_wconf 84' lang='lat' dir='ltr'>EX</span> <span class='ocrx_word' id='word_1_71' title='bbox 386 847 617 886; x_wconf 88' lang='lat' dir='ltr'>nobilibus</span> <span class='ocrx_word' id='word_1_72' title='bbox 639 846 728 885; x_wconf 91' lang='lat' dir='ltr'>duo</span> <span class='ocrx_word' id='word_1_73' title='bbox 747 852 853 885; x_wconf 89' lang='lat' dir='ltr'>sunt</span> <span class='ocrx_word' id='word_1_74' title='bbox 876 851 954 885; x_wconf 92' lang='lat' dir='ltr'>aut</span> <span class='ocrx_word' id='word_1_75' title='bbox 972 851 1067 885; x_wconf 85' lang='lat' dir='ltr'>tres</span> <span class='ocrx_word' id='word_1_76' title='bbox 1088 845 1144 886; x_wconf 90' lang='lat' dir='ltr'>de</span> <span class='ocrx_word' id='word_1_77' title='bbox 1164 846 1341 886; x_wconf 87' lang='lat' dir='ltr'>familia</span> <span class='ocrx_word' id='word_1_78' title='bbox 1360 846 1617 897; x_wconf 91' lang='lat' dir='ltr'>primorum</span> <span class='ocrx_word' id='word_1_79' title='bbox 1638 846 1855 897; x_wconf 87' lang='lat' dir='ltr'>civitatis,</span> <span class='ocrx_word' id='word_1_80' title='bbox 1879 851 1923 886; x_wconf 94' lang='lat' dir='ltr'>et</span> 
     </span>
     <span class='ocr_line' id='line_1_11' title="bbox 292 916 1923 968; baseline -0.001 -11"><span class='ocrx_word' id='word_1_81' title='bbox 292 929 413 957; x_wconf 90' lang='lat' dir='ltr'>unus</span> <span class='ocrx_word' id='word_1_82' title='bbox 436 917 814 968; x_wconf 89' lang='lat' dir='ltr'>consanguineus</span> <span class='ocrx_word' id='word_1_83' title='bbox 835 916 1028 957; x_wconf 89' lang='lat' dir='ltr'>Comitis</span> <span class='ocrx_word' id='word_1_84' title='bbox 1049 916 1105 956; x_wconf 92' lang='lat' dir='ltr'>de</span> <span class='ocrx_word' id='word_1_85' title='bbox 1125 916 1280 968; x_wconf 90' lang='lat' dir='ltr'>Luna,</span> <span class='ocrx_word' id='word_1_86' title='bbox 1304 917 1351 956; x_wconf 93' lang='lat' dir='ltr'>in</span> <span class='ocrx_word' id='word_1_87' title='bbox 1371 917 1460 957; x_wconf 90' lang='lat' dir='ltr'>hoc</span> <span class='ocrx_word' id='word_1_88' title='bbox 1480 928 1627 968; x_wconf 89' lang='lat' dir='ltr'>regno</span> <span class='ocrx_word' id='word_1_89' title='bbox 1648 917 1785 957; x_wconf 74' lang='lat' dir='ltr'>valde</span> <span class='ocrx_word' id='word_1_90' title='bbox 1816 917 1923 957; x_wconf 91' lang='lat' dir='ltr'>emi-</span> 
     </span>
     <span class='ocr_line' id='line_1_12' title="bbox 292 985 1924 1038; baseline -0.001 -10"><span class='ocrx_word' id='word_1_91' title='bbox 292 988 445 1028; x_wconf 90' lang='lat' dir='ltr'>nentis</span> <span class='ocrx_word' id='word_1_92' title='bbox 466 993 511 1028; x_wconf 94' lang='lat' dir='ltr'>et</span> <span class='ocrx_word' id='word_1_93' title='bbox 530 987 834 1038; x_wconf 74' lang='lat' dir='ltr'>gubernantis</span> <span class='ocrx_word' id='word_1_94' title='bbox 862 987 1101 1027; x_wconf 85' lang='lat' dir='ltr'>civitatem</span> <span class='ocrx_word' id='word_1_95' title='bbox 1123 985 1149 1027; x_wconf 89' lang='lat'>¹.</span> <span class='ocrx_word' id='word_1_96' title='bbox 1179 986 1294 1027; x_wconf 86' lang='lat' dir='ltr'>Sunt</span> <span class='ocrx_word' id='word_1_97' title='bbox 1321 987 1551 1038; x_wconf 83' lang='lat' dir='ltr'>ingeniosi</span> <span class='ocrx_word' id='word_1_98' title='bbox 1578 998 1752 1038; x_wconf 83' lang='grc'><strong>01111165,</strong></span> <span class='ocrx_word' id='word_1_99' title='bbox 1776 992 1820 1026; x_wconf 90' lang='grc'>61</span> <span class='ocrx_word' id='word_1_100' title='bbox 1841 998 1924 1027; x_wconf 81' lang='lat' dir='ltr'>sex</span> 
     </span>
     <span class='ocr_line' id='line_1_13' title="bbox 294 1058 1924 1109; baseline -0.001 -11"><span class='ocrx_word' id='word_1_101' title='bbox 294 1059 341 1098; x_wconf 92' lang='lat' dir='ltr'>in</span> <span class='ocrx_word' id='word_1_102' title='bbox 361 1059 526 1098; x_wconf 91' lang='lat' dir='ltr'>litteris</span> <span class='ocrx_word' id='word_1_103' title='bbox 554 1058 906 1098; x_wconf 87' lang='lat' dir='ltr'>humanioribus</span> <span class='ocrx_word' id='word_1_104' title='bbox 932 1070 1026 1098; x_wconf 90' lang='lat' dir='ltr'>non</span> <span class='ocrx_word' id='word_1_105' title='bbox 1055 1058 1351 1098; x_wconf 84' lang='lat' dir='ltr'>mediocriter</span> <span class='ocrx_word' id='word_1_106' title='bbox 1378 1058 1604 1109; x_wconf 82' lang='lat' dir='ltr'>provecti.</span> <span class='ocrx_word' id='word_1_107' title='bbox 1635 1058 1924 1098; x_wconf 80' lang='lat' dir='ltr'>Exercentur</span> 
     </span>
     <span class='ocr_line' id='line_1_14' title="bbox 294 1129 1924 1180; baseline -0.001 -11"><span class='ocrx_word' id='word_1_108' title='bbox 294 1129 455 1169; x_wconf 90' lang='lat' dir='ltr'>diebus</span> <span class='ocrx_word' id='word_1_109' title='bbox 487 1129 682 1179; x_wconf 87' lang='lat' dir='ltr'>singulis</span> <span class='ocrx_word' id='word_1_110' title='bbox 704 1129 751 1168; x_wconf 92' lang='lat' dir='ltr'>in</span> <span class='ocrx_word' id='word_1_111' title='bbox 771 1129 1030 1168; x_wconf 88' lang='lat' dir='ltr'>scribendis</span> <span class='ocrx_word' id='word_1_112' title='bbox 1050 1129 1193 1168; x_wconf 89' lang='lat' dir='ltr'>latine</span> <span class='ocrx_word' id='word_1_113' title='bbox 1214 1134 1259 1168; x_wconf 92' lang='lat' dir='ltr'>et</span> <span class='ocrx_word' id='word_1_114' title='bbox 1278 1139 1449 1179; x_wconf 82' lang='lat' dir='ltr'>graece</span> <span class='ocrx_word' id='word_1_115' title='bbox 1470 1129 1758 1168; x_wconf 89' lang='lat' dir='ltr'>orationibus</span> <span class='ocrx_word' id='word_1_116' title='bbox 1783 1139 1924 1180; x_wconf 93' lang='lat' dir='ltr'>prosa</span> 
     </span>
     <span class='ocr_line' id='line_1_15' title="bbox 293 1199 1924 1250; baseline 0 -11"><span class='ocrx_word' id='word_1_117' title='bbox 293 1206 339 1239; x_wconf 92' lang='lat' dir='ltr'>et</span> <span class='ocrx_word' id='word_1_118' title='bbox 359 1200 589 1239; x_wconf 84' lang='lat' dir='ltr'>versibus.</span> <span class='ocrx_word' id='word_1_119' title='bbox 612 1199 1033 1239; x_wconf 86' lang='lat' dir='ltr'>Praetermittimus</span> <span class='ocrx_word' id='word_1_120' title='bbox 1053 1199 1297 1239; x_wconf 87' lang='lat' dir='ltr'>brevitatis</span> <span class='ocrx_word' id='word_1_121' title='bbox 1320 1211 1463 1239; x_wconf 87' lang='lat' dir='ltr'>causa</span> <span class='ocrx_word' id='word_1_122' title='bbox 1494 1199 1724 1250; x_wconf 87' lang='lat' dir='ltr'>ordinem,</span> <span class='ocrx_word' id='word_1_123' title='bbox 1758 1210 1847 1250; x_wconf 93' lang='lat' dir='ltr'>quo</span> <span class='ocrx_word' id='word_1_124' title='bbox 1878 1199 1924 1239; x_wconf 90' lang='lat' dir='ltr'>in</span> 
     </span>
     <span class='ocr_line' id='line_1_16' title="bbox 294 1269 1924 1321; baseline -0.001 -11"><span class='ocrx_word' id='word_1_125' title='bbox 294 1270 460 1310; x_wconf 90' lang='lat' dir='ltr'>studiis</span> <span class='ocrx_word' id='word_1_126' title='bbox 481 1270 718 1310; x_wconf 87' lang='lat' dir='ltr'>litterariis</span> <span class='ocrx_word' id='word_1_127' title='bbox 739 1276 783 1309; x_wconf 91' lang='lat' dir='ltr'>et</span> <span class='ocrx_word' id='word_1_128' title='bbox 804 1270 1123 1321; x_wconf 87' lang='lat' dir='ltr'>spiritualibus</span> <span class='ocrx_word' id='word_1_129' title='bbox 1140 1269 1420 1320; x_wconf 89' lang='lat' dir='ltr'>diriguntur.</span> <span class='ocrx_word' id='word_1_130' title='bbox 1439 1270 1528 1309; x_wconf 86' lang='lat' dir='ltr'>Per</span> <span class='ocrx_word' id='word_1_131' title='bbox 1545 1270 1660 1309; x_wconf 89' lang='lat' dir='ltr'>alias</span> <span class='ocrx_word' id='word_1_132' title='bbox 1678 1270 1858 1310; x_wconf 85' lang='lat' dir='ltr'>litteras</span> <span class='ocrx_word' id='word_1_133' title='bbox 1878 1269 1924 1309; x_wconf 91' lang='lat' dir='ltr'>id</span> 
     </span>
     <span class='ocr_line' id='line_1_17' title="bbox 295 1339 1920 1392; baseline 0 -12"><span class='ocrx_word' id='word_1_134' title='bbox 295 1341 556 1392; x_wconf 82' lang='lat' dir='ltr'>exprimere</span> <span class='ocrx_word' id='word_1_135' title='bbox 584 1340 740 1380; x_wconf 90' lang='lat' dir='ltr'>licebit</span> <span class='ocrx_word' id='word_1_136' title='bbox 767 1346 811 1380; x_wconf 90' lang='lat' dir='ltr'>et</span> <span class='ocrx_word' id='word_1_137' title='bbox 838 1340 982 1380; x_wconf 90' lang='lat' dir='ltr'>ferme</span> <span class='ocrx_word' id='word_1_138' title='bbox 1010 1340 1165 1380; x_wconf 90' lang='lat' dir='ltr'>omnia</span> <span class='ocrx_word' id='word_1_139' title='bbox 1192 1340 1240 1380; x_wconf 90' lang='lat' dir='ltr'>in</span> <span class='ocrx_word' id='word_1_140' title='bbox 1269 1340 1478 1392; x_wconf 90' lang='lat' dir='ltr'>scriptis,</span> <span class='ocrx_word' id='word_1_141' title='bbox 1510 1340 1641 1380; x_wconf 85' lang='lat' dir='ltr'>brevi</span> <span class='ocrx_word' id='word_1_142' title='bbox 1667 1339 1920 1390; x_wconf 89' lang='lat' dir='ltr'>mittendis,</span> 
     </span>
     <span class='ocr_line' id='line_1_18' title="bbox 292 1411 1924 1462; baseline -0.001 -11"><span class='ocrx_word' id='word_1_143' title='bbox 292 1411 437 1462; x_wconf 90' lang='lat' dir='ltr'>ipsius</span> <span class='ocrx_word' id='word_1_144' title='bbox 472 1412 636 1451; x_wconf 91' lang='lat' dir='ltr'>domus</span> <span class='ocrx_word' id='word_1_145' title='bbox 670 1411 1076 1451; x_wconf 89' lang='lat' dir='ltr'>constitutionibus</span> <span class='ocrx_word' id='word_1_146' title='bbox 1110 1411 1346 1462; x_wconf 88' lang='lat' dir='ltr'>patebunt.</span> <span class='ocrx_word' id='word_1_147' title='bbox 1376 1411 1478 1451; x_wconf 92' lang='lat' dir='ltr'>Hoc</span> <span class='ocrx_word' id='word_1_148' title='bbox 1513 1412 1660 1451; x_wconf 89' lang='lat' dir='ltr'>solum</span> <span class='ocrx_word' id='word_1_149' title='bbox 1690 1411 1842 1451; x_wconf 89' lang='lat' dir='ltr'>dicam</span> <span class='ocrx_word' id='word_1_150' title='bbox 1877 1411 1924 1450; x_wconf 91' lang='lat' dir='ltr'>in</span> 
     </span>
     <span class='ocr_line' id='line_1_19' title="bbox 292 1482 1921 1533; baseline -0.001 -11"><span class='ocrx_word' id='word_1_151' title='bbox 292 1493 489 1531; x_wconf 88' lang='lat' dir='ltr'>summa,</span> <span class='ocrx_word' id='word_1_152' title='bbox 518 1482 762 1522; x_wconf 87' lang='lat' dir='ltr'>materiam</span> <span class='ocrx_word' id='word_1_153' title='bbox 789 1493 891 1521; x_wconf 85' lang='lat' dir='ltr'>esse</span> <span class='ocrx_word' id='word_1_154' title='bbox 912 1482 1083 1521; x_wconf 87' lang='lat' dir='ltr'>bonam</span> <span class='ocrx_word' id='word_1_155' title='bbox 1109 1482 1246 1522; x_wconf 88' lang='lat' dir='ltr'>valde</span> <span class='ocrx_word' id='word_1_156' title='bbox 1276 1487 1320 1522; x_wconf 93' lang='lat' dir='ltr'>et</span> <span class='ocrx_word' id='word_1_157' title='bbox 1351 1482 1409 1522; x_wconf 89' lang='lat' dir='ltr'>ad</span> <span class='ocrx_word' id='word_1_158' title='bbox 1441 1483 1699 1533; x_wconf 87' lang='lat' dir='ltr'>spiritualia</span> <span class='ocrx_word' id='word_1_159' title='bbox 1727 1493 1921 1533; x_wconf 93' lang='lat' dir='ltr'>propen-</span> 
     </span>
     <span class='ocr_line' id='line_1_20' title="bbox 295 1552 1922 1603; baseline -0.001 -10"><span class='ocrx_word' id='word_1_160' title='bbox 295 1564 416 1603; x_wconf 82' lang='lat' dir='ltr'>sam3</span> <span class='ocrx_word' id='word_1_161' title='bbox 441 1564 546 1592; x_wconf 91' lang='lat' dir='ltr'>cum</span> <span class='ocrx_word' id='word_1_162' title='bbox 566 1563 739 1603; x_wconf 89' lang='lat' dir='ltr'>magna</span> <span class='ocrx_word' id='word_1_163' title='bbox 761 1552 988 1592; x_wconf 88' lang='lat' dir='ltr'>modestia</span> <span class='ocrx_word' id='word_1_164' title='bbox 1021 1564 1075 1592; x_wconf 87' lang='lat' dir='ltr'>ac</span> <span class='ocrx_word' id='word_1_165' title='bbox 1102 1552 1281 1592; x_wconf 91' lang='lat' dir='ltr'>solicite</span> <span class='ocrx_word' id='word_1_166' title='bbox 1310 1553 1568 1592; x_wconf 87' lang='lat' dir='ltr'>curandum</span> <span class='ocrx_word' id='word_1_167' title='bbox 1596 1559 1664 1592; x_wconf 88' lang='lat' dir='ltr'>est</span> <span class='ocrx_word' id='word_1_168' title='bbox 1691 1558 1741 1592; x_wconf 92' lang='lat' dir='ltr'>ut</span> <span class='ocrx_word' id='word_1_169' title='bbox 1770 1552 1922 1603; x_wconf 92' lang='lat' dir='ltr'>prohi-</span> 
     </span>
     <span class='ocr_line' id='line_1_21' title="bbox 293 1623 1920 1675; baseline 0 -12"><span class='ocrx_word' id='word_1_170' title='bbox 293 1623 378 1663; x_wconf 87' lang='lat' dir='ltr'>biti</span> <span class='ocrx_word' id='word_1_171' title='bbox 399 1636 425 1663; x_wconf 88' lang='lat' dir='ltr'>a</span> <span class='ocrx_word' id='word_1_172' title='bbox 445 1623 641 1674; x_wconf 87' lang='lat' dir='ltr'>flagellis</span> <span class='ocrx_word' id='word_1_173' title='bbox 662 1629 706 1663; x_wconf 92' lang='lat' dir='ltr'>et</span> <span class='ocrx_word' id='word_1_174' title='bbox 724 1623 888 1663; x_wconf 91' lang='lat' dir='ltr'>ciliciis</span> <span class='ocrx_word' id='word_1_175' title='bbox 905 1623 1181 1673; x_wconf 87' lang='lat' dir='ltr'>abstineant,</span> <span class='ocrx_word' id='word_1_176' title='bbox 1203 1634 1305 1662; x_wconf 90' lang='lat' dir='ltr'>cum</span> <span class='ocrx_word' id='word_1_177' title='bbox 1325 1623 1415 1663; x_wconf 90' lang='lat' dir='ltr'>sint</span> <span class='ocrx_word' id='word_1_178' title='bbox 1437 1623 1496 1663; x_wconf 89' lang='lat' dir='ltr'>ad</span> <span class='ocrx_word' id='word_1_179' title='bbox 1514 1623 1777 1675; x_wconf 88' lang='lat' dir='ltr'>hujusmodi</span> <span class='ocrx_word' id='word_1_180' title='bbox 1793 1634 1920 1663; x_wconf 80' lang='lat' dir='ltr'>exer-</span> 
     </span>
     <span class='ocr_line' id='line_1_22' title="bbox 294 1693 1919 1745; baseline -0.001 -11"><span class='ocrx_word' id='word_1_181' title='bbox 294 1694 402 1734; x_wconf 90' lang='lat' dir='ltr'>citia</span> <span class='ocrx_word' id='word_1_182' title='bbox 424 1694 678 1745; x_wconf 78' lang='lat' dir='ltr'>proclives,</span> <span class='ocrx_word' id='word_1_183' title='bbox 703 1700 746 1733; x_wconf 91' lang='lat' dir='ltr'>et</span> <span class='ocrx_word' id='word_1_184' title='bbox 764 1693 1006 1744; x_wconf 89' lang='lat' dir='ltr'>impositas</span> <span class='ocrx_word' id='word_1_185' title='bbox 1024 1693 1109 1733; x_wconf 88' lang='lat' dir='ltr'>sibi</span> <span class='ocrx_word' id='word_1_186' title='bbox 1127 1693 1435 1744; x_wconf 88' lang='lat' dir='ltr'>poenitentias</span> <span class='ocrx_word' id='word_1_187' title='bbox 1453 1694 1598 1733; x_wconf 89' lang='lat' dir='ltr'>alacri</span> <span class='ocrx_word' id='word_1_188' title='bbox 1619 1694 1772 1733; x_wconf 90' lang='lat' dir='ltr'>animo</span> <span class='ocrx_word' id='word_1_189' title='bbox 1789 1693 1919 1745; x_wconf 89' lang='lat' dir='ltr'>perfi-</span> 
     </span>
     <span class='ocr_line' id='line_1_23' title="bbox 292 1763 1921 1816; baseline 0 -12"><span class='ocrx_word' id='word_1_190' title='bbox 292 1765 433 1804; x_wconf 89' lang='lat' dir='ltr'>ciant.</span> <span class='ocrx_word' id='word_1_191' title='bbox 453 1764 664 1815; x_wconf 90' lang='lat' dir='ltr'>Denique</span> <span class='ocrx_word' id='word_1_192' title='bbox 685 1776 743 1804; x_wconf 80' lang='lat' dir='ltr'>ex</span> <span class='ocrx_word' id='word_1_193' title='bbox 764 1764 835 1803; x_wconf 92' lang='lat' dir='ltr'>his</span> <span class='ocrx_word' id='word_1_194' title='bbox 857 1764 992 1804; x_wconf 83' lang='lat' dir='ltr'>novis</span> <span class='ocrx_word' id='word_1_195' title='bbox 1010 1764 1181 1815; x_wconf 88' lang='lat' dir='ltr'>plantis</span> <span class='ocrx_word' id='word_1_196' title='bbox 1198 1763 1376 1803; x_wconf 88' lang='lat' dir='ltr'>fructus</span> <span class='ocrx_word' id='word_1_197' title='bbox 1393 1770 1607 1815; x_wconf 84' lang='lat' dir='ltr'>speratur</span> <span class='ocrx_word' id='word_1_198' title='bbox 1624 1765 1841 1816; x_wconf 92' lang='lat' dir='ltr'>copiosus</span> <span class='ocrx_word' id='word_1_199' title='bbox 1863 1764 1921 1805; x_wconf 90' lang='lat' dir='ltr'>ad</span> 
     </span>
     <span class='ocr_line' id='line_1_24' title="bbox 293 1835 610 1886; baseline -0.006 -11"><span class='ocrx_word' id='word_1_200' title='bbox 293 1835 381 1875; x_wconf 90' lang='lat' dir='ltr'>Dei</span> <span class='ocrx_word' id='word_1_201' title='bbox 396 1835 610 1886; x_wconf 86' lang='lat' dir='ltr'>gloriam.</span> 
     </span>
    </p>

    <p class='ocr_par' dir='ltr' id='par_1_4' title="bbox 291 1904 1922 2802">
     <span class='ocr_line' id='line_1_25' title="bbox 371 1904 1921 1956; baseline 0.001 -12"><span class='ocrx_word' id='word_1_202' title='bbox 371 1904 503 1945; x_wconf 87' lang='lat' dir='ltr'>Unus</span> <span class='ocrx_word' id='word_1_203' title='bbox 524 1916 584 1944; x_wconf 86' lang='lat' dir='ltr'>ex</span> <span class='ocrx_word' id='word_1_204' title='bbox 604 1905 703 1944; x_wconf 87' lang='lat' dir='ltr'>istis</span> <span class='ocrx_word' id='word_1_205' title='bbox 731 1904 1001 1955; x_wconf 82' lang='lat' dir='ltr'>juvenibus,</span> <span class='ocrx_word' id='word_1_206' title='bbox 1035 1916 1206 1956; x_wconf 88' lang='lat' dir='ltr'>genere</span> <span class='ocrx_word' id='word_1_207' title='bbox 1235 1905 1462 1956; x_wconf 90' lang='lat' dir='ltr'>imprimis</span> <span class='ocrx_word' id='word_1_208' title='bbox 1488 1905 1675 1956; x_wconf 90' lang='lat' dir='ltr'>nobilis,</span> <span class='ocrx_word' id='word_1_209' title='bbox 1706 1910 1921 1956; x_wconf 88' lang='lat' dir='ltr'>receptus</span> 
     </span>
     <span class='ocr_line' id='line_1_26' title="bbox 292 1975 1917 2027; baseline -0.001 -11"><span class='ocrx_word' id='word_1_210' title='bbox 292 1981 363 2016; x_wconf 92' lang='lat' dir='ltr'>est</span> <span class='ocrx_word' id='word_1_211' title='bbox 382 1975 429 2016; x_wconf 92' lang='lat' dir='ltr'>in</span> <span class='ocrx_word' id='word_1_212' title='bbox 450 1976 638 2016; x_wconf 88' lang='lat' dir='ltr'>domum</span> <span class='ocrx_word' id='word_1_213' title='bbox 659 1987 816 2015; x_wconf 90' lang='lat' dir='ltr'>mense</span> <span class='ocrx_word' id='word_1_214' title='bbox 833 1976 1061 2027; x_wconf 89' lang='lat' dir='ltr'>superiori</span> <span class='ocrx_word' id='word_1_215' title='bbox 1078 1987 1183 2016; x_wconf 93' lang='lat' dir='ltr'>cum</span> <span class='ocrx_word' id='word_1_216' title='bbox 1200 1977 1344 2016; x_wconf 89' lang='lat' dir='ltr'>multa</span> <span class='ocrx_word' id='word_1_217' title='bbox 1360 1976 1566 2016; x_wconf 90' lang='lat' dir='ltr'>omnium</span> <span class='ocrx_word' id='word_1_218' title='bbox 1581 1975 1917 2016; x_wconf 87' lang='lat' dir='ltr'>aedificatione.</span> 
     </span>
     <span class='ocr_line' id='line_1_27' title="bbox 293 2045 1920 2095; baseline -0.001 -8"><span class='ocrx_word' id='word_1_219' title='bbox 293 2046 530 2087; x_wconf 86' lang='lat' dir='ltr'>Statuerat</span> <span class='ocrx_word' id='word_1_220' title='bbox 546 2046 719 2086; x_wconf 87' lang='lat' dir='ltr'>dudum</span> <span class='ocrx_word' id='word_1_221' title='bbox 735 2045 957 2086; x_wconf 83' lang='lat' dir='ltr'>Societati</span> <span class='ocrx_word' id='word_1_222' title='bbox 978 2058 1026 2086; x_wconf 92' lang='lat' dir='ltr'>se</span> <span class='ocrx_word' id='word_1_223' title='bbox 1044 2046 1216 2095; x_wconf 88' lang='lat' dir='ltr'>dicare;</span> <span class='ocrx_word' id='word_1_224' title='bbox 1238 2059 1332 2087; x_wconf 93' lang='lat' dir='ltr'>non</span> <span class='ocrx_word' id='word_1_225' title='bbox 1349 2053 1506 2086; x_wconf 90' lang='lat' dir='ltr'>tamen</span> <span class='ocrx_word' id='word_1_226' title='bbox 1520 2046 1851 2086; x_wconf 89' lang='lat' dir='ltr'>admittebatur</span> <span class='ocrx_word' id='word_1_227' title='bbox 1867 2058 1920 2086; x_wconf 93' lang='lat' dir='ltr'>eo</span> 
     </span>
     <span class='ocr_line' id='line_1_28' title="bbox 291 2116 1921 2169; baseline 0 -13"><span class='ocrx_word' id='word_1_228' title='bbox 291 2117 415 2169; x_wconf 88' lang='lat' dir='ltr'>quod</span> <span class='ocrx_word' id='word_1_229' title='bbox 434 2117 723 2168; x_wconf 91' lang='lat' dir='ltr'>probationis</span> <span class='ocrx_word' id='word_1_230' title='bbox 747 2116 910 2156; x_wconf 88' lang='lat' dir='ltr'>domus</span> <span class='ocrx_word' id='word_1_231' title='bbox 932 2116 1136 2156; x_wconf 90' lang='lat' dir='ltr'>nondum</span> <span class='ocrx_word' id='word_1_232' title='bbox 1157 2123 1288 2168; x_wconf 92' lang='lat' dir='ltr'>septa</span> <span class='ocrx_word' id='word_1_233' title='bbox 1309 2124 1444 2167; x_wconf 91' lang='lat' dir='ltr'>esset,</span> <span class='ocrx_word' id='word_1_234' title='bbox 1470 2123 1514 2157; x_wconf 93' lang='lat' dir='ltr'>et</span> <span class='ocrx_word' id='word_1_235' title='bbox 1536 2117 1643 2168; x_wconf 86' lang='lat' dir='ltr'>quia</span> <span class='ocrx_word' id='word_1_236' title='bbox 1660 2117 1921 2157; x_wconf 91' lang='lat' dir='ltr'>consultum</span> 
     </span>
     <span class='ocr_line' id='line_1_29' title="bbox 291 2188 1919 2239; baseline -0.001 -11"><span class='ocrx_word' id='word_1_237' title='bbox 291 2188 538 2228; x_wconf 88' lang='lat' dir='ltr'>videbatur</span> <span class='ocrx_word' id='word_1_238' title='bbox 559 2188 605 2227; x_wconf 91' lang='lat' dir='ltr'>in</span> <span class='ocrx_word' id='word_1_239' title='bbox 626 2188 696 2227; x_wconf 92' lang='lat' dir='ltr'>his</span> <span class='ocrx_word' id='word_1_240' title='bbox 718 2188 960 2238; x_wconf 89' lang='lat' dir='ltr'>principiis</span> <span class='ocrx_word' id='word_1_241' title='bbox 980 2189 1156 2228; x_wconf 91' lang='lat' dir='ltr'>nullum</span> <span class='ocrx_word' id='word_1_242' title='bbox 1179 2188 1523 2228; x_wconf 86' lang='lat' dir='ltr'>adolescentem</span> <span class='ocrx_word' id='word_1_243' title='bbox 1555 2188 1729 2239; x_wconf 86' lang='lat' dir='ltr'>absque</span> <span class='ocrx_word' id='word_1_244' title='bbox 1756 2200 1919 2239; x_wconf 90' lang='lat' dir='ltr'>paren-</span> 
     </span>
     <span class='ocr_line' id='line_1_30' title="bbox 294 2258 1920 2309; baseline -0.001 -10"><span class='ocrx_word' id='word_1_245' title='bbox 294 2264 392 2299; x_wconf 86' lang='lat' dir='ltr'>tum</span> <span class='ocrx_word' id='word_1_246' title='bbox 414 2270 645 2298; x_wconf 91' lang='lat' dir='ltr'>consensu</span> <span class='ocrx_word' id='word_1_247' title='bbox 673 2258 894 2309; x_wconf 93' lang='lat' dir='ltr'>recipere.</span> <span class='ocrx_word' id='word_1_248' title='bbox 924 2258 1002 2298; x_wconf 90' lang='lat' dir='ltr'>Ille</span> <span class='ocrx_word' id='word_1_249' title='bbox 1033 2259 1208 2298; x_wconf 89' lang='lat' dir='ltr'>interea</span> <span class='ocrx_word' id='word_1_250' title='bbox 1240 2258 1534 2298; x_wconf 83' lang='lat' dir='ltr'>devotionern</span> <span class='ocrx_word' id='word_1_251' title='bbox 1561 2270 1694 2298; x_wconf 91' lang='lat' dir='ltr'>suam</span> <span class='ocrx_word' id='word_1_252' title='bbox 1720 2264 1764 2298; x_wconf 92' lang='lat' dir='ltr'>et</span> <span class='ocrx_word' id='word_1_253' title='bbox 1790 2269 1920 2309; x_wconf 90' lang='lat' dir='ltr'>spem</span> 
     </span>
     <span class='ocr_line' id='line_1_31' title="bbox 294 2329 1920 2380; baseline -0.001 -11"><span class='ocrx_word' id='word_1_254' title='bbox 294 2329 511 2369; x_wconf 86' lang='lat' dir='ltr'>continue</span> <span class='ocrx_word' id='word_1_255' title='bbox 526 2329 713 2369; x_wconf 82' lang='lat' dir='ltr'>fovebat</span> <span class='ocrx_word' id='word_1_256' title='bbox 732 2335 775 2369; x_wconf 89' lang='lat' dir='ltr'>et</span> <span class='ocrx_word' id='word_1_257' title='bbox 792 2341 817 2368; x_wconf 87' lang='lat' dir='ltr'>a</span> <span class='ocrx_word' id='word_1_258' title='bbox 836 2330 1212 2380; x_wconf 88' lang='lat' dir='ltr'>consanguineis,</span> <span class='ocrx_word' id='word_1_259' title='bbox 1233 2329 1420 2369; x_wconf 91' lang='lat' dir='ltr'>omnino</span> <span class='ocrx_word' id='word_1_260' title='bbox 1436 2329 1805 2380; x_wconf 89' lang='lat' dir='ltr'>repugnantibus</span> <span class='ocrx_word' id='word_1_261' title='bbox 1821 2329 1920 2368; x_wconf 89' lang='lat' dir='ltr'>eius</span> 
     </span>
     <span class='ocr_line' id='line_1_32' title="bbox 293 2398 1916 2450; baseline -0.001 -11"><span class='ocrx_word' id='word_1_262' title='bbox 293 2399 522 2449; x_wconf 80' lang='lat' dir='ltr'>instituto,</span> <span class='ocrx_word' id='word_1_263' title='bbox 546 2401 689 2439; x_wconf 90' lang='lat' dir='ltr'>multa</span> <span class='ocrx_word' id='word_1_264' title='bbox 706 2411 954 2450; x_wconf 90' lang='lat' dir='ltr'>perpessus</span> <span class='ocrx_word' id='word_1_265' title='bbox 972 2406 1053 2449; x_wconf 88' lang='lat' dir='ltr'>est,</span> <span class='ocrx_word' id='word_1_266' title='bbox 1074 2400 1247 2450; x_wconf 90' lang='lat' dir='ltr'>partim</span> <span class='ocrx_word' id='word_1_267' title='bbox 1268 2398 1448 2450; x_wconf 87' lang='lat' dir='ltr'>injuriis</span> <span class='ocrx_word' id='word_1_268' title='bbox 1469 2406 1512 2439; x_wconf 91' lang='lat' dir='ltr'>et</span> <span class='ocrx_word' id='word_1_269' title='bbox 1534 2399 1756 2439; x_wconf 88' lang='lat' dir='ltr'>molestiis</span> <span class='ocrx_word' id='word_1_270' title='bbox 1777 2399 1916 2439; x_wconf 91' lang='lat' dir='ltr'>laces-</span> 
     </span>
     <span class='ocr_line' id='line_1_33' title="bbox 295 2469 1916 2521; baseline 0 -12"><span class='ocrx_word' id='word_1_271' title='bbox 295 2470 427 2519; x_wconf 85' lang='lat' dir='ltr'>situs,</span> <span class='ocrx_word' id='word_1_272' title='bbox 442 2470 613 2520; x_wconf 89' lang='lat' dir='ltr'>partim</span> <span class='ocrx_word' id='word_1_273' title='bbox 628 2470 810 2509; x_wconf 85' lang='lat' dir='ltr'>blandis</span> <span class='ocrx_word' id='word_1_274' title='bbox 828 2470 1213 2521; x_wconf 88' lang='lat' dir='ltr'>promissionibus</span> <span class='ocrx_word' id='word_1_275' title='bbox 1230 2471 1436 2518; x_wconf 88' lang='lat' dir='ltr'>allectus,</span> <span class='ocrx_word' id='word_1_276' title='bbox 1451 2476 1501 2509; x_wconf 88' lang='lat' dir='ltr'>ut</span> <span class='ocrx_word' id='word_1_277' title='bbox 1517 2469 1814 2519; x_wconf 87' lang='lat' dir='ltr'>matrimonii,</span> <span class='ocrx_word' id='word_1_278' title='bbox 1829 2475 1916 2510; x_wconf 88' lang='lat' dir='ltr'>etc.</span> 
     </span>
     <span class='ocr_line' id='line_1_34' title="bbox 294 2540 1919 2591; baseline -0.001 -11"><span class='ocrx_word' id='word_1_279' title='bbox 294 2540 397 2591; x_wconf 93' lang='lat' dir='ltr'>Ipse</span> <span class='ocrx_word' id='word_1_280' title='bbox 418 2546 574 2580; x_wconf 84' lang='lat' dir='ltr'>tamen</span> <span class='ocrx_word' id='word_1_281' title='bbox 595 2540 746 2590; x_wconf 89' lang='lat' dir='ltr'>magis</span> <span class='ocrx_word' id='word_1_282' title='bbox 767 2540 814 2579; x_wconf 92' lang='lat' dir='ltr'>in</span> <span class='ocrx_word' id='word_1_283' title='bbox 836 2540 933 2579; x_wconf 89' lang='lat' dir='ltr'>dies</span> <span class='ocrx_word' id='word_1_284' title='bbox 949 2541 1239 2591; x_wconf 89' lang='lat' dir='ltr'>propositum</span> <span class='ocrx_word' id='word_1_285' title='bbox 1259 2552 1394 2580; x_wconf 90' lang='lat' dir='ltr'>suum</span> <span class='ocrx_word' id='word_1_286' title='bbox 1412 2540 1732 2590; x_wconf 88' lang='lat' dir='ltr'>confirmabat,</span> <span class='ocrx_word' id='word_1_287' title='bbox 1751 2545 1795 2579; x_wconf 92' lang='lat' dir='ltr'>et</span> <span class='ocrx_word' id='word_1_288' title='bbox 1813 2551 1919 2590; x_wconf 92' lang='lat' dir='ltr'>quo-</span> 
     </span>
     <span class='ocr_line' id='line_1_35' title="bbox 296 2610 1919 2662; baseline 0 -13"><span class='ocrx_word' id='word_1_289' title='bbox 296 2610 403 2651; x_wconf 91' lang='lat' dir='ltr'>dam</span> <span class='ocrx_word' id='word_1_290' title='bbox 433 2610 505 2650; x_wconf 92' lang='lat' dir='ltr'>die</span> <span class='ocrx_word' id='word_1_291' title='bbox 536 2610 594 2650; x_wconf 91' lang='lat' dir='ltr'>ad</span> <span class='ocrx_word' id='word_1_292' title='bbox 630 2621 715 2650; x_wconf 86' lang='lat' dir='ltr'>nos</span> <span class='ocrx_word' id='word_1_293' title='bbox 742 2610 1038 2661; x_wconf 86' lang='lat' dir='ltr'>confugiens,</span> <span class='ocrx_word' id='word_1_294' title='bbox 1070 2617 1231 2661; x_wconf 85' lang='lat' dir='ltr'>aperta</span> <span class='ocrx_word' id='word_1_295' title='bbox 1255 2610 1412 2662; x_wconf 90' lang='lat' dir='ltr'>janua,</span> <span class='ocrx_word' id='word_1_296' title='bbox 1437 2623 1495 2650; x_wconf 77' lang='lat' dir='ltr'>ex</span> <span class='ocrx_word' id='word_1_297' title='bbox 1517 2610 1769 2662; x_wconf 82' lang='lat' dir='ltr'>improviso</span> <span class='ocrx_word' id='word_1_298' title='bbox 1797 2622 1846 2650; x_wconf 91' lang='lat' dir='ltr'>se</span> <span class='ocrx_word' id='word_1_299' title='bbox 1874 2610 1919 2649; x_wconf 87' lang='lat' dir='ltr'>in</span> 
     </span>
     <span class='ocr_line' id='line_1_36' title="bbox 296 2679 1916 2732; baseline -0.001 -11"><span class='ocrx_word' id='word_1_300' title='bbox 296 2682 484 2721; x_wconf 89' lang='lat' dir='ltr'>domum</span> <span class='ocrx_word' id='word_1_301' title='bbox 504 2680 795 2732; x_wconf 90' lang='lat' dir='ltr'>probationis</span> <span class='ocrx_word' id='word_1_302' title='bbox 816 2679 1034 2731; x_wconf 79' lang='lat' dir='ltr'>conjecit,</span> <span class='ocrx_word' id='word_1_303' title='bbox 1060 2681 1295 2732; x_wconf 84' lang='lat' dir='ltr'>praesecto</span> <span class='ocrx_word' id='word_1_304' title='bbox 1319 2680 1416 2732; x_wconf 88' lang='lat' dir='ltr'>ejus</span> <span class='ocrx_word' id='word_1_305' title='bbox 1436 2687 1701 2732; x_wconf 84' lang='lat' dir='ltr'>protestans</span> <span class='ocrx_word' id='word_1_306' title='bbox 1721 2680 1821 2720; x_wconf 88' lang='lat' dir='ltr'>fore</span> <span class='ocrx_word' id='word_1_307' title='bbox 1854 2686 1916 2730; x_wconf 92' lang='lat' dir='ltr'>ut,</span> 
     </span>
     <span class='ocr_line' id='line_1_37' title="bbox 295 2751 1922 2802; baseline -0.001 -11"><span class='ocrx_word' id='word_1_308' title='bbox 295 2752 335 2791; x_wconf 90' lang='lat' dir='ltr'>si</span> <span class='ocrx_word' id='word_1_309' title='bbox 356 2763 404 2791; x_wconf 93' lang='lat' dir='ltr'>se</span> <span class='ocrx_word' id='word_1_310' title='bbox 425 2753 690 2802; x_wconf 79' lang='lat' dir='ltr'>expelleret,</span> <span class='ocrx_word' id='word_1_311' title='bbox 710 2751 766 2791; x_wconf 91' lang='lat' dir='ltr'>de</span> <span class='ocrx_word' id='word_1_312' title='bbox 787 2752 943 2791; x_wconf 88' lang='lat' dir='ltr'>anima</span> <span class='ocrx_word' id='word_1_313' title='bbox 966 2763 1049 2791; x_wconf 92' lang='lat' dir='ltr'>sua</span> <span class='ocrx_word' id='word_1_314' title='bbox 1071 2758 1300 2802; x_wconf 91' lang='lat' dir='ltr'>repeteret</span> <span class='ocrx_word' id='word_1_315' title='bbox 1322 2752 1378 2792; x_wconf 91' lang='lat' dir='ltr'>ab</span> <span class='ocrx_word' id='word_1_316' title='bbox 1402 2764 1454 2791; x_wconf 94' lang='lat' dir='ltr'>eo</span> <span class='ocrx_word' id='word_1_317' title='bbox 1476 2751 1602 2791; x_wconf 90' lang='lat' dir='ltr'>Deus</span> <span class='ocrx_word' id='word_1_318' title='bbox 1625 2751 1853 2791; x_wconf 90' lang='lat' dir='ltr'>rationem</span> <span class='ocrx_word' id='word_1_319' title='bbox 1874 2751 1922 2790; x_wconf 88' lang='lat' dir='ltr'>in</span> 
     </span>
    </p>
   </div>
   <div class='ocr_carea' id='block_1_3' title="bbox 352 2978 1774 3014">
    <p class='ocr_par' dir='ltr' id='par_1_5' title="bbox 352 2978 1774 3014">
     <span class='ocr_line' id='line_1_38' title="bbox 352 2978 1774 3014; baseline 0.001 -9"><span class='ocrx_word' id='word_1_320' title='bbox 352 2978 360 2997; x_wconf 82' lang='lat'>¹</span> <span class='ocrx_word' id='word_1_321' title='bbox 401 2979 572 3005; x_wconf 80' lang='lat' dir='ltr'>Asdrubal</span> <span class='ocrx_word' id='word_1_322' title='bbox 588 2979 626 3005; x_wconf 81' lang='lat' dir='ltr'>de</span> <span class='ocrx_word' id='word_1_323' title='bbox 643 2979 748 3013; x_wconf 85' lang='lat' dir='ltr'>Luna,</span> <span class='ocrx_word' id='word_1_324' title='bbox 766 2980 805 3006; x_wconf 86' lang='lat' dir='ltr'>de</span> <span class='ocrx_word' id='word_1_325' title='bbox 821 2987 883 3013; x_wconf 85' lang='lat' dir='ltr'>quo</span> <span class='ocrx_word' id='word_1_326' title='bbox 900 2980 975 3006; x_wconf 80' lang='lat' dir='ltr'>vide</span> <span class='ocrx_word' id='word_1_327' title='bbox 993 2980 1117 3007; x_wconf 72' lang='lat' dir='ltr'>Carlas</span> <span class='ocrx_word' id='word_1_328' title='bbox 1131 2980 1172 3007; x_wconf 73' lang='lat' dir='ltr'>dc</span> <span class='ocrx_word' id='word_1_329' title='bbox 1190 2980 1259 3006; x_wconf 75' lang='lat' dir='ltr'>San</span> <span class='ocrx_word' id='word_1_330' title='bbox 1276 2980 1435 3013; x_wconf 73' lang='lat' dir='ltr'>Jgnacio,</span> <span class='ocrx_word' id='word_1_331' title='bbox 1452 2984 1474 3007; x_wconf 88' lang='lat' dir='ltr'>t.</span> <span class='ocrx_word' id='word_1_332' title='bbox 1492 2988 1522 3013; x_wconf 63' lang='grc' dir='ltr'>ν,</span> <span class='ocrx_word' id='word_1_333' title='bbox 1541 2988 1618 3014; x_wconf 82' lang='lat' dir='ltr'>pag.</span> <span class='ocrx_word' id='word_1_334' title='bbox 1634 2980 1668 3007; x_wconf 64' lang='lat'>64</span> <span class='ocrx_word' id='word_1_335' title='bbox 1684 2984 1713 3007; x_wconf 77' lang='lat' dir='ltr'>ct</span> <span class='ocrx_word' id='word_1_336' title='bbox 1731 2980 1774 3007; x_wconf 62' lang='lat'>(35.</span> 
     </span>
    </p>
   </div>
  </div>
 </body>
</html>
