1987 3260
897 206 980 243 AN.
1012 207 1096 243 1551
1742 208 1812 245 327

188 300 281 351 logi
301 306 345 340 et
366 301 711 341 concionatoris
739 313 907 341 nomen
934 301 1151 351 sustinet,
1185 302 1274 352 qui,
1308 312 1415 341 cum
1442 303 1580 352 paulo
1603 309 1709 343 ante
1731 303 1810 343 Pa-

185 382 349 410 normo
371 371 650 421 advenisset,
676 371 787 412 illud
807 371 958 412 redire
980 383 1029 411 se
1051 372 1168 412 velle
1191 372 1306 412 dixit
1328 378 1390 420 ut,
1415 371 1635 412 facultate
1659 385 1684 412 a
1706 373 1812 414 Pro-

187 441 386 480 vinciale
408 447 617 492 accepta,
641 441 887 482 Messanae
916 441 1096 481 viveret
1122 441 1147 482 ¹.

265 510 495 552 Sacerdos
517 513 706 563 quidam
727 512 982 564 Ragusius,
1008 513 1078 552 vir
1100 513 1357 553 honoratus
1379 519 1423 553 et
1454 512 1599 563 dives,
1634 514 1810 554 hebrai-

186 593 269 621 cae
290 582 502 622 lectionis
525 583 728 634 auditor,
751 583 1000 634 plurimum
1022 589 1184 623 nostro
1208 584 1417 624 instituto
1439 583 1651 635 affectus,
1676 596 1810 636 roga-

186 653 252 691 vit
272 653 458 704 saepius
489 654 766 704 quibusnam
795 652 1137 693 conditionibus
1166 654 1354 694 adducti
1383 655 1473 694 huc
1501 655 1807 705 venissemus,

184 729 501 774 quantumque
536 736 562 763 a
598 724 789 764 civitate
821 724 910 764 hac
941 724 1074 764 nobis
1104 725 1385 775 promissum
1412 731 1555 775 esset,
1596 737 1811 766 asserens

180 799 345 844 optare
365 806 414 834 se
435 794 615 834 efficere
636 795 760 845 apud
782 806 890 834 suos
914 795 1055 845 cives,
1082 795 1264 834 utidem
1287 796 1389 846 ipsi,
1414 796 1539 846 quod
1561 796 1676 835 haec
1699 797 1809 837 civi-

183 871 275 913 tas,
300 863 522 905 facerent.
549 865 649 916 Quo
670 865 847 905 factum
867 872 915 905 ut
936 877 1028 905 non
1049 877 1217 916 parum
1237 867 1437 906 laetatus
1458 866 1537 915 sit,
1563 867 1639 906 ubi
1667 868 1724 907 ab
1755 868 1809 908 iis

180 940 400 975 vocatum
422 936 647 976 intellexit
669 935 721 975 R.
746 936 794 976 P.
827 936 882 975 D.
914 936 1218 986 Bobadillam,
1243 943 1496 988 aperteque
1518 944 1715 977 testatus
1737 950 1801 988 se,

179 1005 217 1044 si
238 1005 299 1044 ibi
318 1005 470 1046 forent
493 1018 516 1046 e
538 1007 724 1056 nostris,
749 1018 843 1046 non
861 1007 934 1046 hic
953 1007 1124 1047 diutius
1143 1018 1432 1057 mansurum,
1458 1019 1743 1059 quamquam
1764 1016 1808 1049 et

181 1076 253 1115 hic
277 1077 520 1117 commode
540 1077 679 1117 habet
701 1077 821 1117 unde
844 1078 907 1117 illi
929 1084 1180 1129 suppetant
1201 1079 1471 1118 necessaria

258 1146 495 1187 Exercitia
525 1148 655 1187 multi
684 1154 865 1199 petunt,
903 1160 997 1188 non
1032 1155 1189 1188 tamen
1219 1148 1356 1189 facile
1393 1149 1575 1189 dantur.
1614 1150 1810 1191 Cuidam

178 1218 318 1268 gallo,
344 1218 463 1258 inter
484 1224 709 1267 caeteros,
734 1219 836 1258 Viro
858 1220 1042 1271 literato
1065 1225 1108 1260 et
1130 1218 1209 1271 qui
1229 1231 1394 1260 recens
1422 1220 1512 1260 huc
1535 1221 1805 1271 advenerat,

178 1288 388 1327 dedimus
429 1289 488 1328 ad
522 1289 660 1329 finem
694 1289 891 1340 Aprilis;
922 1290 1076 1341 isque,
1109 1290 1234 1330 faeta
1263 1291 1554 1331 confessione
1582 1292 1804 1342 generali,

178 1358 447 1398 aedificatus
470 1365 534 1409 et,
559 1366 607 1399 ut
628 1360 725 1410 ipse
747 1361 1019 1409 testabatur,
1043 1360 1227 1411 adjutus
1258 1373 1352 1401 non
1379 1361 1582 1413 modice,
1607 1374 1713 1402 cum
1734 1363 1806 1402 de-

176 1429 498 1470 liberationem
520 1429 533 1447 5
554 1430 736 1481 ingredi
757 1432 917 1481 nollet,
943 1431 1159 1471 dimissus
1181 1445 1206 1472 a
1225 1432 1357 1472 nobis
1374 1432 1556 1473 futurus
1572 1434 1804 1485 paedago-

176 1512 264 1550 gus
285 1500 332 1540 in
354 1501 656 1540 Taurominia
679 1501 882 1541 civitate.

254 1571 383 1611 Haec
405 1578 510 1611 sunt
531 1572 627 1611 fere
649 1584 767 1623 quae
788 1573 834 1612 in
855 1573 1120 1624 praesentia
1144 1573 1190 1612 in
1210 1580 1412 1614 mentem
1433 1580 1662 1614 venerunt
1691 1576 1800 1615 scri—

174 1641 346 1692 benda,
371 1641 510 1682 Pater
532 1642 577 1682 in
606 1642 792 1683 Christo
823 1655 1007 1695 semper
1035 1643 1327 1694 Reverende‚
1362 1645 1408 1684 in
1435 1645 1601 1696 quibus
1628 1646 1667 1685 si
1694 1647 1803 1698 quid

175 1720 242 1752 est
263 1713 392 1763 boni,
427 1714 471 1753 id
499 1720 645 1754 totum
671 1714 772 1754 Deo
801 1715 1022 1766 primum,
1054 1715 1219 1755 deinde
1241 1716 1332 1755 tuis
1361 1716 1577 1767 precibus
1604 1717 1802 1757 tribuen-

175 1783 284 1823 dum
313 1791 551 1834 putamus,
586 1785 750 1836 quibus
778 1785 843 1824 ita
871 1780 1166 1836 confidimus,
1204 1792 1253 1826 ut
1281 1787 1337 1826 de
1363 1787 1497 1826 nobis
1524 1787 1636 1838 ipsis
1663 1788 1802 1828 etiam

175 1855 337 1894 melius
355 1866 544 1906 sperare
561 1856 816 1896 audeamus
833 1856 879 1896 in
895 1862 1147 1908 posterum,
1167 1857 1239 1897 his
1255 1857 1379 1909 apud
1396 1857 1546 1897 Deum
1567 1870 1651 1909 pro
1669 1859 1801 1899 nobis

173 1926 578 1976 intercedentibus,
598 1927 704 1966 licet
726 1928 930 1978 alioquin
953 1934 1115 1967 nostra
1135 1928 1269 1967 nobis
1292 1929 1350 1968 sit
1371 1929 1539 1968 terrori
1560 1930 1796 1980 segnities.

171 1995 506 2047 Quamobrem,
532 1997 863 2048 benignissime
884 1997 1035 2044 Pater,
1070 2010 1258 2038 oramus
1288 2005 1332 2038 te
1361 2000 1593 2050 supplices
1622 2012 1796 2047 omnes,

172 2073 220 2107 ut
253 2078 337 2118 pro
372 2074 451 2106 tua
488 2068 731 2117 charitate,
770 2068 918 2107 nostri
953 2068 1073 2108 inter
1106 2068 1335 2109 orandum
1370 2081 1560 2120 memor,
1599 2069 1799 2121 Spiritus

170 2136 331 2177 Sancti
366 2150 573 2178 amorem
602 2138 820 2189 piumque
847 2138 956 2190 Jesu
988 2139 1159 2179 Christi
1190 2141 1337 2179 zelum
1366 2141 1538 2180 nostris
1568 2142 1798 2181 mentibus

169 2209 376 2258 preceris
397 2208 575 2248 infundi
597 2221 623 2248 a
644 2209 844 2249 Domino
867 2209 920 2249 N.
945 2210 1055 2262 Jesu
1078 2209 1285 2261 Christo,
1311 2209 1440 2261 cujus
1461 2223 1553 2262 pax
1574 2217 1617 2251 et
1643 2213 1797 2262 gratia

170 2279 227 2318 sit
248 2279 491 2319 nobiscum
512 2291 709 2330 semper.
734 2279 900 2320 Amen.
1855 2270 1857 2274 ¹

249 2349 509 2399 Messanae,
538 2350 585 2389 14
604 2351 694 2390 kal.
715 2349 870 2401 junias
897 2351 1011 2390 1551.

251 2420 376 2460 Tuus
398 2421 443 2460 in
466 2420 649 2461 Christo
671 2422 891 2472 indignus
913 2434 1079 2462 servus
1100 2430 1144 2462 et
1167 2423 1299 2462 filius.

1104 2565 1342 2606 ANTONIUS
1373 2567 1521 2607 Vlch
1553 2567 1580 2604 ¹¹⁶.

222 2729 231 2748 ¹
271 2729 458 2756 ,Messanae
484 2737 619 2756 moram
633 2729 773 2764 faceret
797 2730 932 2764 scripsit
950 2731 1123 2760 Vim-laus:
1150 2735 1182 2757 et
1208 2732 1389 2758 emendans
1416 2732 1581 2760 Polancus
1607 2734 1795 2761 illessancw

169 2778 306 2803 viveret

222 2823 236 2842 Ξ
274 2829 455 2858 suppetant
474 2825 612 2850 nummi
640 2823 812 2850 Vncst.

220 2870 234 2889 5
272 2870 571 2898 Dclt'beralionem
597 2871 747 2904 intellige
773 2873 941 2898 exercitia
966 2872 1011 2898 ad
1038 2873 1241 2899 electionem
1267 2875 1327 2899 aut
1358 2874 1649 2908 reformationem
1677 2876 1793 2901 slatus

165 2917 398 2949 pertinentia.

219 2968 234 2983 ⁴
272 2963 385 2991 Solum
401 2964 483 2991 haec
500 2965 606 2991 verba
626 2964 720 2990 Tuus
743 2965 779 2990 in
803 2965 936 2992 Christo
959 2966 1128 2998 indignus
1148 2973 1273 2992 servus
1299 2969 1331 2993 et
1347 2967 1463 3000 ,filiu—5,
1490 2967 1661 2994 Antonius
1687 2968 1793 2995 Vincla

163 3015 241 3038 sunt
257 3019 357 3038 manu
373 3012 476 3045 ipsius
492 3012 640 3043 Antonin
658 3016 793 3038 caetera
811 3018 967 3040 exaravit
987 3013 1132 3040 Annibal
1151 3021 1169 3039 a
1185 3012 1364 3041 Condi-eto.
