1987 3260
866 170 947 207 Ax.
982 170 1069 207 1552
1271 177 1277 183 ·
1710 166 1783 203 475

158 276 206 310 ut
226 281 332 310 cum
353 270 564 309 triremes
591 267 796 308 Africam
826 266 1132 318 appulissent,
1166 269 1211 304 et
1240 263 1296 304 de
1326 273 1515 302 recessu
1544 268 1779 313 ageretur,

158 340 434 393 quibusdam
455 339 529 378 ille
550 338 772 378 militibus
800 335 1084 377 commiserit
1104 341 1153 375 ut
1181 334 1232 374 P.
1262 332 1477 374 Natalem
1504 332 1778 381 detinerent,

157 417 203 452 et
223 410 463 451 secretiori
485 409 638 461 aliquo
667 408 876 448 cubiculo
897 405 1210 456 recluderent,
1235 403 1536 456 quoadusque
1566 403 1780 442 triremes

160 482 216 521 ab
239 481 398 521 Africa
421 480 739 520 recessissent.
762 478 940 518 Verum
961 488 1046 517 sua
1067 488 1147 527 spe
1169 475 1248 526 illi,
1271 473 1485 526 quamvis
1506 473 1649 523 bona,
1673 479 1780 512 sunt

159 551 392 599 frustrati3
426 562 535 591 nam
566 549 702 590 Pater
730 549 921 589 edoctus
950 560 975 587 a
1003 546 1118 597 Deo,
1150 546 1225 597 qui
1252 545 1380 585 illum
1410 544 1542 584 nobis
1578 543 1779 583 maxime

159 622 473 662 necessarium
501 620 694 660 reddere
721 619 888 669 voluit,
917 629 1022 658 cum
1057 618 1208 657 nullus
1242 616 1394 656 adhuc
1428 614 1682 665 cogitaret,
1720 614 1779 653 ad

158 694 371 733 triremes
393 691 644 741 contendit,
664 696 708 731 et
726 690 976 730 insalutato
997 687 1144 737 Duce,
1164 686 1365 727 Domino
1386 684 1574 726 Sanctio
1591 684 1647 724 de
1662 685 1779 736 Ley-

159 775 238 813 va,
268 762 504 814 profectus
534 769 627 811 est,
656 773 750 801 non
779 766 829 800 ut
861 760 1046 799 labores
1079 758 1260 809 fugeret
1294 756 1375 796 sed
1408 762 1457 796 ut
1487 754 1779 795 obedientiae

160 833 207 873 Ρ.
232 833 282 873 T.
307 840 350 873 et
372 832 536 884 majori
557 832 736 883 gloriae
757 830 845 871 Dei
864 830 938 870 hic
954 828 1258 869 satisfaceret.

236 904 346 956 Ejus
375 904 516 954 igitur
545 902 809 954 praesentia
831 906 875 940 et
896 900 1017 940 bona
1047 898 1312 938 valetudine
1338 897 1588 948 plurimum
1618 906 1780 935 omnes

156 975 309 1025 gavisi
331 986 504 1024 sumus,
530 974 638 1025 quia
659 985 712 1012 eo
735 972 923 1012 absente
940 981 1058 1021 grex
1074 970 1172 1009 sine
1189 975 1377 1020 pastore
1393 967 1527 1007 nobis
1547 966 1776 1015 videmur;

156 1046 196 1085 si
217 1046 325 1097 quid
347 1058 373 1085 a
395 1045 527 1085 nobis
547 1044 724 1084 factum
753 1048 843 1091 est,
873 1042 960 1082 hoc
992 1040 1178 1081 omnino
1209 1038 1306 1091 ejus
1335 1037 1575 1088 diligentia
1606 1048 1661 1076 ac
1691 1035 1776 1075 fer-

160 1128 270 1156 vore
292 1117 468 1156 factum
489 1126 591 1154 esse
611 1114 824 1153 fatemur.
849 1113 950 1163 Ipse
971 1111 1123 1160 Pater,
1156 1121 1247 1161 qua
1275 1108 1513 1159 diligentia
1540 1107 1585 1146 in
1615 1106 1778 1147 Africa

162 1198 245 1238 pro
282 1186 597 1237 redemptione
638 1183 943 1235 quorumdam
970 1181 1277 1233 captivorum,
1314 1180 1638 1229 eleemosynas
1677 1188 1777 1228 pro—

159 1257 276 1297 mitti
298 1270 324 1296 a
345 1256 578 1305 militibus,
605 1266 709 1294 cum
731 1253 1010 1305 stipendium
1028 1252 1114 1292 illis
1131 1250 1405 1291 solvendum
1421 1254 1558 1299 esset,
1578 1248 1775 1297 curavit,

156 1328 345 1367 easdem
379 1327 453 1366 hic
488 1326 733 1366 Messanae
763 1324 865 1364 dari
899 1323 1076 1363 institit.
1107 1322 1158 1362 In
1188 1320 1495 1371 eleemosynis
1530 1318 1779 1359 ordinariis

161 1399 293 1450 (quas
315 1399 430 1438 solet
451 1397 648 1437 Pro-rex
668 1408 751 1447 per
772 1406 970 1446 regnum
997 1392 1296 1442 distribuere)
1326 1391 1480 1432 omnia
1506 1390 1659 1430 Patris
1690 1387 1779 1429 Na-

162 1470 267 1509 talis
290 1470 481 1509 arbitrio
504 1467 746 1508 commisit.
772 1466 829 1506 Et
850 1478 942 1505 non
963 1465 1033 1505 his
1055 1469 1324 1513 contentus,
1350 1462 1464 1501 alias
1485 1472 1669 1512 quoque
1690 1460 1782 1499 dis-

160 1540 430 1580 tribuendas
452 1539 655 1588 curavit,
681 1550 739 1577 ex
759 1537 946 1589 quibus,
971 1542 1299 1587 praeterquam
1326 1532 1449 1585 quod
1478 1531 1609 1572 multi
1636 1530 1782 1582 adjuti

161 1617 286 1662 sunt,
311 1610 593 1651 monasterio
615 1608 823 1660 Drepani
843 1607 1209 1655 Conversarum,
1233 1604 1358 1656 quod
1378 1604 1450 1643 his
1471 1603 1631 1643 diebus
1659 1600 1782 1641 idem

162 1682 280 1732 erigi
312 1681 442 1731 fecit,
477 1693 534 1720 ex
563 1680 634 1720 his
670 1679 876 1719 redditus
912 1678 1086 1729 aliquot
1121 1675 1261 1727 empti
1295 1680 1426 1724 sunt,
1463 1673 1628 1725 quibus
1657 1671 1779 1721 illae,

161 1764 279 1804 quae
314 1752 370 1791 ab
405 1751 634 1791 illecebris
664 1750 820 1790 carnis
854 1754 898 1788 et
925 1748 1084 1788 mundi
1111 1747 1303 1787 avulsae
1336 1751 1442 1785 sunt
1487 1743 1782 1794 Dominoque

160 1823 329 1863 ibidem
349 1823 581 1867 serviunt,
605 1826 938 1861 sustentantur.
961 1819 1190 1872 Judaeam
1210 1818 1351 1857 etiam
1371 1815 1621 1868 quamdam
1651 1813 1780 1853 hisce

159 1893 320 1933 diebus
342 1893 399 1933 ad
422 1893 557 1932 fidem
584 1891 756 1932 Christi
784 1901 1062 1930 conversam
1092 1888 1274 1928 curavit
1303 1886 1436 1938 jungi
1462 1884 1775 1931 matrimonio;

159 1972 203 2004 et
223 1965 313 2004 duo
334 1963 412 2003 filii
435 1963 677 2014 cujusdam
698 1961 970 2011 meretricis,
1001 1972 1027 1999 a
1056 1965 1202 1999 matre
1224 1957 1443 2010 separati,
1466 1956 1626 1996 traditi
1656 1960 1777 2004 sunt,

159 2046 214 2075 eo
243 2041 456 2084 auctore,
483 2033 689 2073 honestis
718 2032 832 2072 viris
862 2030 1028 2071 alendi.
1063 2029 1207 2069 Multa
1239 2029 1330 2069 alia
1360 2028 1601 2079 praeclare
1631 2025 1688 2065 ab
1725 2037 1780 2065 eo

160 2105 298 2155 facta,
329 2105 493 2156 quibus
514 2103 757 2143 brevitatis
792 2114 936 2142 causa
965 2099 1259 2152 supersedeo.
1734 2134 1737 2136 .

240 2175 371 2216 Nunc
394 2187 512 2226 quae
534 2186 592 2213 ex
614 2173 809 2224 collegio
832 2172 1076 2212 scribenda
1093 2176 1343 2211 occurrunt
1360 2167 1652 2219 subjungam.
1677 2166 1780 2207 Stu-

164 2247 238 2286 dia
261 2246 437 2296 omnia,
462 2252 509 2285 ut
532 2245 698 2294 solent,
725 2244 1068 2293 continuantur;
1092 2242 1139 2281 in
1160 2241 1324 2293 quibus
1348 2240 1393 2280 in
1415 2239 1512 2279 dies
1533 2238 1782 2290 proficiunt

162 2329 322 2357 omnes
343 2324 387 2356 et
408 2315 622 2366 magistri
643 2321 686 2354 et
707 2314 934 2365 discipuli.
958 2313 1008 2353 In
1029 2313 1225 2363 collegio
1248 2312 1384 2352 simul
1400 2317 1443 2350 et
1461 2310 1507 2350 in
1523 2309 1660 2349 domo
1678 2320 1781 2360 pro-

163 2388 382 2430 bationis.
420 2386 634 2426 omnibus
661 2384 919 2425 communis
946 2385 1020 2424 lex
1047 2389 1117 2423 est
1144 2389 1194 2423 ut
1220 2394 1311 2422 non
1340 2381 1428 2421 nisi
1454 2381 1596 2420 latine
1625 2380 1781 2431 loqua—

164 2471 281 2499 mur.
303 2458 391 2498 Die
413 2464 578 2508 quarta
606 2456 822 2496 Octobris
852 2466 1011 2495 coram
1037 2453 1259 2505 Pro-rege
1285 2459 1328 2493 et
1355 2451 1709 2503 magistratibus
1739 2456 1785 2489 et

164 2530 265 2569 aliis
286 2529 441 2569 multis
472 2527 628 2567 habita
659 2532 726 2567 est
749 2526 897 2567 oratio
928 2538 954 2566 a
985 2524 1214 2576 Magistro
1241 2523 1492 2564 Benedicto
1520 2522 1700 2562 Palmio
1728 2520 1784 2560 de

166 2600 501 2640 exercitatione
523 2597 802 2648 studiorum,
827 2596 1039 2637 omnibus
1061 2594 1197 2636 valde
1218 2600 1375 2646 grata3
1401 2606 1491 2645 qua
1509 2593 1660 2643 finita,
1688 2592 1785 2643 ipse

164 2670 357 2710 Pro-rex
395 2670 529 2709 simul
569 2680 674 2708 cum
711 2667 860 2720 primo
908 2667 1187 2717 magistratu
1233 2665 1480 2716 collegium
1526 2663 1783 2714 ingressus,

165 2753 307 2793 usque
331 2741 388 2781 ad
410 2741 611 2781 culinam
627 2745 835 2779 nostram
853 2737 1008 2778 omnia
1028 2736 1342 2789 perlustravit.
1364 2734 1646 2788 Juratisque,
1670 2743 1786 2784 quos

165 2818 355 2862 vocant,
380 2811 628 2861 collegium
648 2821 809 2849 coram
831 2809 1042 2849 omnibus
1064 2806 1421 2848 commendavit.
1451 2805 1678 2858 Juvenes,
1711 2803 1789 2855 qui

167 2883 212 2922 in
233 2883 369 2923 domo
390 2881 680 2934 probationis
702 2886 867 2931 agunt,
891 2879 1114 2932 quotidie,
1146 2878 1235 2919 Dei
1255 2878 1409 2929 gratia
1431 2875 1706 2927 adjuvante,
1740 2874 1788 2923 in

168 2954 332 2994 litteris
360 2960 404 2994 et
431 2954 596 3005 spiritu
624 2953 818 2992 multum
844 2951 1112 3004 proficiunt;
1144 2950 1308 3001 quibus
1329 2949 1400 2988 his
1420 2947 1581 3000 paucis
1603 2946 1783 3003 diebus,
