1987 3260
842 204 925 242 ΑΝ.
956 204 1047 241 1552
1692 205 1764 242 595

135 306 483 341 reverterentur
504 301 562 340 ad
583 312 682 350 nos,
706 301 888 352 sequuti
909 306 1015 340 sunt
1037 311 1116 340 eos
1138 307 1232 340 tres
1254 299 1453 340 sacrifici
1475 301 1646 340 conciti
1668 302 1765 340 val-

134 372 214 423 de3
243 377 440 422 egerunt
470 371 545 410 hic
573 371 695 422 apud
722 383 808 411 nos
834 381 916 421 per
944 370 1120 421 aliquot
1149 371 1246 410 dies
1274 376 1318 410 et
1348 371 1628 421 generaliter
1659 382 1763 410 con-

136 443 246 484 fessi
267 448 397 492 sunt;
420 442 614 482 multum
636 441 812 482 fructus
833 441 1041 481 facturos
1062 441 1398 481 existimamus.
1423 441 1552 481 Haec
1582 442 1765 492 perfun-

138 514 284 554 ctorie
304 514 359 553 de
381 513 758 564 peregrinatione
779 511 931 552 Patris
952 512 1097 552 nostri
1120 512 1243 552 dicta
1265 511 1508 552 sufficiant.

218 584 344 624 Gens
365 583 500 634 hujUs
521 583 677 634 oppidi
698 583 849 634 magis
869 583 914 622 in
946 583 1043 623 dies
1065 583 1248 634 proficit
1275 589 1462 634 propter
1490 583 1765 623 immensam

140 655 327 695 Domini
360 654 629 693 bonitatem.
669 653 924 694 Confitetur
957 654 1080 693 enim
1107 653 1303 704 singulis
1332 654 1493 693 diebus
1520 653 1767 693 dominicis

140 732 183 765 et
205 725 369 776 recipit
390 725 526 764 simul
546 723 901 764 Sanctissimum
922 724 1032 777 Jesu
1054 723 1225 764 Christi
1247 724 1426 775 Corpus
1454 734 1626 774 magna
1656 735 1767 775 pars

141 803 235 835 tam
255 795 492 835 hominum
512 806 652 846 quam
671 795 936 845 mulierum3
960 800 1163 834 sectatur
1184 794 1436 834 conciones
1457 794 1593 834 simul
1620 799 1664 834 et
1693 794 1769 834 do-

138 867 342 906 ctrinam
359 866 663 905 christianam
679 865 896 904 maximis
912 864 1182 915 proficiendi
1198 864 1454 905 desideriis.
1473 864 1605 905 Multi
1621 865 1770 915 requi-

143 937 321 976 sierunt
353 936 601 976 conciones
636 934 788 975 Patris
822 936 971 975 nostri
1001 935 1260 986 Baptistae;
1291 935 1372 975 sed
1398 941 1588 987 propter
1616 947 1772 986 quam-

142 1008 250 1047 dam
285 1007 623 1055 infirmitatem,
662 1018 751 1057 qua
787 1005 980 1045 affectus
1013 1011 1082 1046 est
1118 1006 1207 1046 hac
1242 1006 1625 1058 quadragesima,
1663 1006 1769 1057 quin

142 1078 281 1118 etiam
304 1084 347 1117 et
369 1089 450 1129 per
471 1089 643 1117 annum
665 1077 894 1127 integrum
912 1109 920 1127 ,
944 1082 994 1116 ut
1014 1077 1243 1128 intelligo,
1267 1089 1428 1117 eorum
1448 1077 1571 1117 votis
1592 1076 1772 1117 satisfa-

146 1160 251 1189 cere
268 1160 359 1188 non
376 1149 539 1200 potuit.
561 1147 847 1188 Procedebat
867 1154 1022 1188 autem
1038 1160 1096 1187 ex
1113 1148 1329 1188 maximis
1346 1149 1500 1188 multis
1520 1148 1771 1195 laboribus,

145 1231 260 1271 quos
281 1230 531 1270 perpessus
553 1224 621 1258 est
642 1224 686 1258 et
707 1218 859 1258 adhuc
889 1219 1144 1269 perpetitur
1171 1219 1218 1258 in
1244 1218 1451 1269 legendis
1482 1219 1771 1267 lectionibus,

142 1291 270 1330 horis
292 1290 476 1341 quidem
499 1289 826 1337 incommodis,
851 1289 975 1340 quod
997 1288 1120 1329 aliud
1150 1301 1244 1329 non
1271 1289 1404 1329 detur
1430 1295 1612 1341 tempus
1640 1290 1699 1330 ad
1729 1290 1774 1329 id

143 1361 345 1401 studium
366 1359 784 1408 accommodatum,
810 1366 906 1399 tum
923 1365 1166 1410 praeterea
1187 1365 1376 1411 propter
1392 1360 1583 1400 nimium
1600 1361 1773 1400 deside-

144 1432 263 1471 rium
284 1431 505 1471 ferendae
527 1441 710 1481 semper
732 1430 885 1470 crucis
907 1429 1111 1470 Domini.
1144 1431 1458 1472 Concionatus
1488 1439 1557 1471 est
1585 1431 1657 1481 P„
1690 1432 1773 1472 etsi

144 1501 527 1551 valetudinarius,
548 1500 840 1540 hebdomada
862 1506 1052 1551 sancta,
1083 1500 1212 1552 cujus
1234 1502 1447 1542 concioni
1469 1502 1775 1542 interfuerunt

145 1572 376 1612 Dominus
405 1571 518 1611 Dux
542 1578 586 1611 et
614 1583 733 1611 uxor
762 1570 859 1622 ejus
880 1577 925 1611 et
945 1570 1105 1622 frater,
1130 1578 1233 1623 etc.,
1258 1573 1305 1612 in
1326 1584 1416 1624 qua
1443 1573 1640 1624 profecit
1670 1585 1775 1613 con—

147 1644 279 1683 cione
300 1643 564 1694 plurimum.

227 1714 495 1754 Intermissa
517 1720 586 1753 est
607 1714 821 1753 doctrina
843 1713 1112 1754 Christiana
1132 1713 1178 1753 in
1200 1714 1560 1765 quadragesima
1587 1722 1777 1767 propter

149 1785 263 1824 alias
278 1785 438 1824 varias
455 1790 498 1824 et
516 1790 733 1824 externas
750 1790 793 1824 et
810 1784 1091 1824 domesticas
1109 1785 1440 1836 occupationes
1460 1785 1666 1836 Patrum,
1690 1787 1777 1826 Dei

148 1862 303 1894 tamen
324 1855 477 1903 gratia
500 1861 607 1894 ante
628 1866 803 1906 paucos
831 1855 928 1895 dies
957 1855 1250 1895 resumenda.
1283 1855 1457 1907 Magna
1480 1858 1638 1908 populi
1669 1869 1777 1908 pars

147 1927 265 1965 solet
288 1926 345 1965 ad
367 1925 629 1965 doctrinam
650 1925 885 1965 confluere
907 1926 1137 1965 desiderio
1164 1927 1494 1977 progrediendi
1523 1928 1568 1967 in
1597 1929 1775 1979 spiritu.

148 1996 229 2036 Est
251 1996 372 2047 quod
394 1996 530 2035 valde
552 1996 792 2035 laudemus
813 1996 1066 2036 Dominum
1086 2002 1276 2047 propter
1298 1998 1517 2049 populum
1538 1999 1660 2038 hunc
1680 1999 1777 2038 bre-

149 2067 340 2106 vissimo
363 2067 583 2117 temporis
604 2067 757 2117 spatio
780 2073 1025 2118 tantopere
1047 2074 1275 2107 mutatum
1296 2074 1339 2108 et
1361 2069 1419 2108 ad
1436 2069 1656 2109 virtutem
1675 2069 1778 2109 affe-

148 2146 290 2178 ctum.
324 2137 438 2177 Cum
461 2137 623 2176 aderat
644 2137 719 2177 hic
740 2136 880 2177 Pater
901 2144 1059 2177 noster
1079 2137 1409 2189 Provincialis,
1434 2151 1572 2191 saepe
1600 2141 1778 2180 invisus

149 2215 217 2248 est
245 2220 271 2248 a
299 2208 499 2247 Domino
531 2207 682 2254 Duce3
715 2213 811 2247 tum
838 2207 886 2247 P.
911 2214 1072 2248 noster
1100 2208 1325 2259 Baptista,
1351 2221 1456 2249 cum
1485 2211 1775 2261 aegrotabam

150 2280 379 2329 habetque
414 2290 636 2329 magnum
667 2278 946 2318 desiderium
981 2279 1215 2319 serviendi
1248 2279 1363 2320 Deo.
1405 2280 1621 2321 Nonnulli
1651 2281 1779 2333 ajunt

147 2362 241 2389 non
263 2361 398 2389 secus
420 2356 556 2400 atque
578 2355 759 2399 patrem
787 2360 921 2389 suum
947 2349 1195 2390 facturum.
1224 2349 1370 2391 Pollet
1402 2363 1573 2402 magno
1604 2353 1779 2403 ingenii

150 2421 377 2469 acumine,
403 2420 499 2467 agit
528 2427 771 2470 praeterea
797 2421 941 2460 multa
971 2420 1026 2460 de
1056 2421 1195 2460 rebus
1222 2421 1393 2462 divinis
1414 2429 1457 2462 et
1480 2423 1777 2464 confessioni-

149 2492 249 2531 bus.
269 2492 398 2531 Uxor
419 2498 573 2530 autem
596 2489 693 2541 ejus
715 2497 784 2530 est
805 2502 1031 2542 perquam
1047 2491 1292 2532 benedicta
1309 2493 1465 2533 anima
1482 2494 1778 2545 maximoque

150 2563 362 2613 exemplo
384 2562 500 2601 aliis.
525 2560 754 2601 Dominus
776 2569 947 2612 augeat
970 2562 1015 2601 in
1038 2563 1105 2602 eis
1125 2574 1260 2603 suum
1282 2574 1502 2606 amorem.
1793 2611 1798 2615 .

230 2632 391 2672 Patres
414 2639 551 2682 atquc
572 2631 742 2678 fratres
763 2643 988 2683 prospera
1008 2632 1225 2673 fruuntur
1247 2634 1533 2685 valetudine,
1560 2635 1647 2675 Dei
1673 2647 1776 2687 gra—

151 2704 232 2753 tia3
257 2703 431 2742 faciunt
455 2703 563 2742 item
584 2713 782 2751 magnos
810 2709 905 2742 tam
934 2704 980 2743 in
1006 2704 1174 2743 litteris
1202 2716 1341 2755 quarn
1373 2706 1537 2757 spiritu
1563 2718 1777 2757 progres-

151 2786 243 2814 sus.
266 2774 451 2813 Habent
472 2784 693 2822 magnam
714 2773 760 2812 in
781 2773 944 2813 studiis
965 2774 1373 2823 exercitationem,
1397 2787 1619 2826 magnum
1648 2789 1778 2828 prae-

150 2852 277 2884 terea
300 2844 522 2889 ordincm;
548 2844 718 2883 habent
740 2850 924 2894 praeter
947 2856 1056 2883 suas
1073 2844 1370 2895 quotidianas
1386 2847 1635 2887 lectionum
1651 2860 1777 2899 repe-

149 2916 337 2956 titiones
359 2915 497 2956 ctiam
520 2926 628 2954 suas
651 2915 976 2954 conclusiones
1004 2915 1307 2965 theologicas.
1338 2916 1589 2969 Postquam
1618 2918 1667 2958 P.
1701 2931 1777 2959 no-

149 2993 243 3026 ster
278 2986 489 3036 Baptista
527 2986 857 3035 interpretatus
893 2992 962 3026 est
998 2986 1263 3032 lecti-onem,
1306 2987 1392 3038 ipsi
1428 3000 1531 3028 eam
1565 2996 1778 3040 repetunt
