<?xml version="1.0" encoding="UTF-8"?>
<!DOCTYPE html PUBLIC "-//W3C//DTD XHTML 1.0 Transitional//EN"
    "http://www.w3.org/TR/xhtml1/DTD/xhtml1-transitional.dtd">
<html xmlns="http://www.w3.org/1999/xhtml" xml:lang="en" lang="en">
 <head>
  <title>
</title>
<meta http-equiv="Content-Type" content="text/html;charset=utf-8" />
  <meta name='ocr-system' content='tesseract 3.04.00' />
  <meta name='ocr-capabilities' content='ocr_page ocr_carea ocr_par ocr_line ocrx_word'/>
</head>
<body>
  <div class='ocr_page' id='page_1' title='image "./litteraequadrime1301lain_0390.png"; bbox 0 0 1987 3260; ppageno 0'>
   <div class='ocr_carea' id='block_1_1' title="bbox 233 189 1353 230">
    <p class='ocr_par' dir='ltr' id='par_1_1' title="bbox 233 189 1353 230">
     <span class='ocr_line' id='line_1_1' title="bbox 233 189 1353 230; baseline -0.004 -2"><span class='ocrx_word' id='word_1_1' title='bbox 233 191 303 228; x_wconf 70' lang='lat'>384</span> <span class='ocrx_word' id='word_1_2' title='bbox 742 189 971 226; x_wconf 77' lang='lat' dir='ltr'><strong>LITTERAE</strong></span> <span class='ocrx_word' id='word_1_3' title='bbox 999 197 1353 230; x_wconf 77' lang='lat' dir='ltr'>QUADRIMESTRES</span> 
     </span>
    </p>
   </div>
   <div class='ocr_carea' id='block_1_2' title="bbox 921 636 1176 690">
    <p class='ocr_par' dir='ltr' id='par_1_2' title="bbox 921 636 1176 690">
     <span class='ocr_line' id='line_1_2' title="bbox 921 636 1176 690; baseline -0.004 -2"><span class='ocrx_word' id='word_1_4' title='bbox 921 636 1176 690; x_wconf 80' lang='lat' dir='ltr'>XCVIII</span> 
     </span>
    </p>
   </div>
   <div class='ocr_carea' id='block_1_3' title="bbox 304 864 1199 1040">
    <p class='ocr_par' dir='ltr' id='par_1_3' title="bbox 304 864 1199 1040">
     <span class='ocr_line' id='line_1_3' title="bbox 304 864 765 912; baseline -0.004 -10"><span class='ocrx_word' id='word_1_5' title='bbox 304 865 559 912; x_wconf 86' lang='lat' dir='ltr'>Alphonsus</span> <span class='ocrx_word' id='word_1_6' title='bbox 580 864 765 901; x_wconf 79' lang='lat' dir='ltr'>Barreto</span> 
     </span>
     <span class='ocr_line' id='line_1_4' title="bbox 354 929 935 976; baseline -0.002 -10"><span class='ocrx_word' id='word_1_7' title='bbox 354 930 474 966; x_wconf 84' lang='lat' dir='ltr'>Patri</span> <span class='ocrx_word' id='word_1_8' title='bbox 494 929 662 976; x_wconf 79' lang='lat' dir='ltr'>ignatio</span> <span class='ocrx_word' id='word_1_9' title='bbox 682 929 734 966; x_wconf 91' lang='lat' dir='ltr'>de</span> <span class='ocrx_word' id='word_1_10' title='bbox 754 929 935 976; x_wconf 88' lang='lat' dir='ltr'>Loyola.</span> 
     </span>
     <span class='ocr_line' id='line_1_5' title="bbox 398 993 1199 1040; baseline -0.002 -9"><span class='ocrx_word' id='word_1_11' title='bbox 398 994 487 1031; x_wconf 84' lang='lat' dir='ltr'>San</span> <span class='ocrx_word' id='word_1_12' title='bbox 505 994 621 1039; x_wconf 85' lang='lat' dir='ltr'>Fins,</span> <span class='ocrx_word' id='word_1_13' title='bbox 644 1005 793 1031; x_wconf 86' lang='lat' dir='ltr'>mense</span> <span class='ocrx_word' id='word_1_14' title='bbox 814 994 1045 1040; x_wconf 78' lang='lat' dir='ltr'>Augusto?</span> <span class='ocrx_word' id='word_1_15' title='bbox 1066 993 1152 1030; x_wconf 88' lang='grc'><strong>1551</strong></span> <span class='ocrx_word' id='word_1_16' title='bbox 1177 994 1199 1029; x_wconf 89' lang='lat'>¹.</span> 
     </span>
    </p>
   </div>
   <div class='ocr_carea' id='block_1_4' title="bbox 991 1149 1099 1226">
    <p class='ocr_par' dir='ltr' id='par_1_4' title="bbox 991 1149 1099 1226">
     <span class='ocr_line' id='line_1_6' title="bbox 991 1149 1099 1226; baseline 0 -1"><span class='ocrx_word' id='word_1_17' title='bbox 991 1149 1099 1226; x_wconf 67' lang='lat' dir='ltr'>stis.</span> 
     </span>
    </p>
   </div>
   <div class='ocr_carea' id='block_1_5' title="bbox 234 1346 1861 2386">
    <p class='ocr_par' dir='ltr' id='par_1_5' title="bbox 313 1346 1040 1386">
     <span class='ocr_line' id='line_1_7' title="bbox 313 1346 1040 1386; baseline -0.001 0"><span class='ocrx_word' id='word_1_18' title='bbox 313 1346 586 1386; x_wconf 86' lang='lat' dir='ltr'>Reverende</span> <span class='ocrx_word' id='word_1_19' title='bbox 609 1347 655 1386; x_wconf 92' lang='lat' dir='ltr'>in</span> <span class='ocrx_word' id='word_1_20' title='bbox 676 1346 864 1386; x_wconf 89' lang='lat' dir='ltr'>Christo</span> <span class='ocrx_word' id='word_1_21' title='bbox 887 1346 1040 1386; x_wconf 86' lang='lat' dir='ltr'>Pater.</span> 
     </span>
    </p>

    <p class='ocr_par' dir='ltr' id='par_1_6' title="bbox 234 1414 1861 1527">
     <span class='ocr_line' id='line_1_8' title="bbox 315 1414 1861 1469; baseline -0.002 -13"><span class='ocrx_word' id='word_1_22' title='bbox 315 1417 480 1457; x_wconf 88' lang='lat' dir='ltr'>Gratia</span> <span class='ocrx_word' id='word_1_23' title='bbox 516 1423 559 1456; x_wconf 90' lang='lat' dir='ltr'>et</span> <span class='ocrx_word' id='word_1_24' title='bbox 589 1428 720 1456; x_wconf 83' lang='lat' dir='ltr'>amor</span> <span class='ocrx_word' id='word_1_25' title='bbox 747 1417 921 1457; x_wconf 84' lang='lat' dir='ltr'>Christi</span> <span class='ocrx_word' id='word_1_26' title='bbox 952 1418 1190 1468; x_wconf 87' lang='lat' dir='ltr'>possideat</span> <span class='ocrx_word' id='word_1_27' title='bbox 1221 1429 1403 1469; x_wconf 94' lang='lat' dir='ltr'>semper</span> <span class='ocrx_word' id='word_1_28' title='bbox 1438 1417 1617 1456; x_wconf 87' lang='lat' dir='ltr'>animas</span> <span class='ocrx_word' id='word_1_29' title='bbox 1644 1422 1687 1455; x_wconf 81' lang='lat' dir='ltr'>et</span> <span class='ocrx_word' id='word_1_30' title='bbox 1719 1414 1861 1454; x_wconf 85' lang='lat' dir='ltr'>corda</span> 
     </span>
     <span class='ocr_line' id='line_1_9' title="bbox 234 1487 602 1527; baseline -0.008 0"><span class='ocrx_word' id='word_1_31' title='bbox 234 1494 411 1527; x_wconf 88' lang='lat' dir='ltr'>nostra.</span> <span class='ocrx_word' id='word_1_32' title='bbox 436 1487 602 1527; x_wconf 90' lang='lat' dir='ltr'>Amen.</span> 
     </span>
    </p>

    <p class='ocr_par' dir='ltr' id='par_1_7' title="bbox 235 1557 1861 2386">
     <span class='ocr_line' id='line_1_10' title="bbox 315 1557 1859 1609; baseline -0.002 -11"><span class='ocrx_word' id='word_1_33' title='bbox 315 1557 639 1608; x_wconf 73' lang='lat' dir='ltr'>Superioribus</span> <span class='ocrx_word' id='word_1_34' title='bbox 659 1558 825 1598; x_wconf 87' lang='lat' dir='ltr'>litteris</span> <span class='ocrx_word' id='word_1_35' title='bbox 847 1558 1013 1609; x_wconf 77' lang='lat' dir='ltr'>scripsi</span> <span class='ocrx_word' id='word_1_36' title='bbox 1033 1558 1088 1597; x_wconf 89' lang='lat' dir='ltr'>de</span> <span class='ocrx_word' id='word_1_37' title='bbox 1111 1558 1435 1598; x_wconf 79' lang='lat' dir='ltr'>distributione</span> <span class='ocrx_word' id='word_1_38' title='bbox 1457 1557 1647 1597; x_wconf 83' lang='lat' dir='ltr'>Patrum</span> <span class='ocrx_word' id='word_1_39' title='bbox 1670 1569 1724 1597; x_wconf 87' lang='lat' dir='ltr'>ac</span> <span class='ocrx_word' id='word_1_40' title='bbox 1752 1557 1859 1596; x_wconf 87' lang='lat' dir='ltr'>Fra-</span> 
     </span>
     <span class='ocr_line' id='line_1_11' title="bbox 235 1628 1861 1680; baseline -0.001 -12"><span class='ocrx_word' id='word_1_41' title='bbox 235 1635 360 1668; x_wconf 85' lang='lat' dir='ltr'>trum</span> <span class='ocrx_word' id='word_1_42' title='bbox 393 1629 440 1668; x_wconf 88' lang='lat' dir='ltr'>in</span> <span class='ocrx_word' id='word_1_43' title='bbox 474 1629 562 1668; x_wconf 88' lang='lat' dir='ltr'>hac</span> <span class='ocrx_word' id='word_1_44' title='bbox 596 1629 957 1680; x_wconf 85' lang='lat' dir='ltr'>quadragesima</span> <span class='ocrx_word' id='word_1_45' title='bbox 983 1640 1066 1680; x_wconf 88' lang='lat' dir='ltr'>per</span> <span class='ocrx_word' id='word_1_46' title='bbox 1093 1629 1316 1668; x_wconf 85' lang='lat' dir='ltr'>ecclesias</span> <span class='ocrx_word' id='word_1_47' title='bbox 1343 1628 1639 1679; x_wconf 85' lang='lat' dir='ltr'>oppidorum,</span> <span class='ocrx_word' id='word_1_48' title='bbox 1670 1638 1861 1667; x_wconf 91' lang='lat' dir='ltr'>numero</span> 
     </span>
     <span class='ocr_line' id='line_1_12' title="bbox 239 1696 1861 1750; baseline -0.002 -11"><span class='ocrx_word' id='word_1_49' title='bbox 239 1699 378 1739; x_wconf 90' lang='lat' dir='ltr'>credo</span> <span class='ocrx_word' id='word_1_50' title='bbox 401 1699 664 1749; x_wconf 79' lang='lat' dir='ltr'>duodecim,</span> <span class='ocrx_word' id='word_1_51' title='bbox 690 1699 747 1739; x_wconf 89' lang='lat' dir='ltr'>ab</span> <span class='ocrx_word' id='word_1_52' title='bbox 769 1699 858 1739; x_wconf 90' lang='lat' dir='ltr'>hoc</span> <span class='ocrx_word' id='word_1_53' title='bbox 878 1705 1040 1739; x_wconf 89' lang='lat' dir='ltr'>nostro</span> <span class='ocrx_word' id='word_1_54' title='bbox 1073 1699 1279 1750; x_wconf 81' lang='lat' dir='ltr'>Collegio</span> <span class='ocrx_word' id='word_1_55' title='bbox 1305 1699 1468 1750; x_wconf 80' lang='lat' dir='ltr'>paucis</span> <span class='ocrx_word' id='word_1_56' title='bbox 1498 1698 1770 1738; x_wconf 75' lang='lat' dir='ltr'>milliaribus</span> <span class='ocrx_word' id='word_1_57' title='bbox 1798 1696 1861 1737; x_wconf 90' lang='lat' dir='ltr'>di-</span> 
     </span>
     <span class='ocr_line' id='line_1_13' title="bbox 237 1768 1859 1821; baseline -0.001 -12"><span class='ocrx_word' id='word_1_58' title='bbox 237 1770 480 1820; x_wconf 82' lang='lat' dir='ltr'>stantium,</span> <span class='ocrx_word' id='word_1_59' title='bbox 503 1776 552 1809; x_wconf 91' lang='lat' dir='ltr'>ut</span> <span class='ocrx_word' id='word_1_60' title='bbox 573 1770 619 1809; x_wconf 89' lang='lat' dir='ltr'>in</span> <span class='ocrx_word' id='word_1_61' title='bbox 640 1770 753 1820; x_wconf 88' lang='lat' dir='ltr'>ipsis</span> <span class='ocrx_word' id='word_1_62' title='bbox 774 1770 830 1809; x_wconf 93' lang='lat' dir='ltr'>de</span> <span class='ocrx_word' id='word_1_63' title='bbox 850 1770 950 1809; x_wconf 93' lang='lat' dir='ltr'>Deo</span> <span class='ocrx_word' id='word_1_64' title='bbox 971 1771 1281 1821; x_wconf 85' lang='lat' dir='ltr'>loquerentur,</span> <span class='ocrx_word' id='word_1_65' title='bbox 1307 1770 1601 1820; x_wconf 81' lang='lat' dir='ltr'>evangelium</span> <span class='ocrx_word' id='word_1_66' title='bbox 1629 1768 1859 1820; x_wconf 81' lang='lat' dir='ltr'>explican-</span> 
     </span>
     <span class='ocr_line' id='line_1_14' title="bbox 237 1839 1861 1891; baseline -0.001 -12"><span class='ocrx_word' id='word_1_67' title='bbox 237 1846 325 1890; x_wconf 89' lang='lat' dir='ltr'>tes,</span> <span class='ocrx_word' id='word_1_68' title='bbox 358 1846 402 1879; x_wconf 91' lang='lat' dir='ltr'>et</span> <span class='ocrx_word' id='word_1_69' title='bbox 428 1852 487 1880; x_wconf 83' lang='lat' dir='ltr'>ex</span> <span class='ocrx_word' id='word_1_70' title='bbox 514 1841 604 1880; x_wconf 92' lang='lat' dir='ltr'>hoc</span> <span class='ocrx_word' id='word_1_71' title='bbox 634 1841 866 1880; x_wconf 89' lang='lat' dir='ltr'>uberrimo</span> <span class='ocrx_word' id='word_1_72' title='bbox 896 1840 1022 1880; x_wconf 84' lang='lat' dir='ltr'>fonte</span> <span class='ocrx_word' id='word_1_73' title='bbox 1049 1852 1219 1891; x_wconf 84' lang='lat' dir='ltr'>aquam</span> <span class='ocrx_word' id='word_1_74' title='bbox 1245 1841 1506 1890; x_wconf 77' lang='lat' dir='ltr'>haurirent,</span> <span class='ocrx_word' id='word_1_75' title='bbox 1536 1852 1627 1891; x_wconf 89' lang='lat' dir='ltr'>qua</span> <span class='ocrx_word' id='word_1_76' title='bbox 1653 1839 1861 1881; x_wconf 87' lang='lat' dir='ltr'>sitientes</span> 
     </span>
     <span class='ocr_line' id='line_1_15' title="bbox 237 1909 1861 1962; baseline -0.001 -13"><span class='ocrx_word' id='word_1_77' title='bbox 237 1909 403 1950; x_wconf 90' lang='lat' dir='ltr'>horum</span> <span class='ocrx_word' id='word_1_78' title='bbox 419 1911 658 1950; x_wconf 89' lang='lat' dir='ltr'>hominum</span> <span class='ocrx_word' id='word_1_79' title='bbox 673 1911 852 1950; x_wconf 88' lang='lat' dir='ltr'>animas</span> <span class='ocrx_word' id='word_1_80' title='bbox 863 1917 1092 1962; x_wconf 87' lang='lat' dir='ltr'>potarent.</span> <span class='ocrx_word' id='word_1_81' title='bbox 1106 1910 1239 1950; x_wconf 91' lang='lat' dir='ltr'>Nunc</span> <span class='ocrx_word' id='word_1_82' title='bbox 1255 1917 1454 1962; x_wconf 86' lang='lat' dir='ltr'>quantus</span> <span class='ocrx_word' id='word_1_83' title='bbox 1469 1910 1660 1960; x_wconf 87' lang='lat' dir='ltr'>fructus,</span> <span class='ocrx_word' id='word_1_84' title='bbox 1674 1909 1861 1949; x_wconf 82' lang='lat' dir='ltr'>favente</span> 
     </span>
     <span class='ocr_line' id='line_1_16' title="bbox 237 1979 1860 2032; baseline -0.001 -12"><span class='ocrx_word' id='word_1_85' title='bbox 237 1981 354 2031; x_wconf 88' lang='lat' dir='ltr'>Deo,</span> <span class='ocrx_word' id='word_1_86' title='bbox 374 1981 432 2020; x_wconf 93' lang='lat' dir='ltr'>sit</span> <span class='ocrx_word' id='word_1_87' title='bbox 453 1987 652 2031; x_wconf 89' lang='lat' dir='ltr'>secutus,</span> <span class='ocrx_word' id='word_1_88' title='bbox 671 1982 862 2032; x_wconf 81' lang='lat' dir='ltr'>longum</span> <span class='ocrx_word' id='word_1_89' title='bbox 881 1987 1001 2021; x_wconf 89' lang='lat' dir='ltr'>esset</span> <span class='ocrx_word' id='word_1_90' title='bbox 1023 1993 1258 2032; x_wconf 80' lang='lat' dir='ltr'>enarrare3</span> <span class='ocrx_word' id='word_1_91' title='bbox 1282 1987 1462 2021; x_wconf 87' lang='lat' dir='ltr'>tantum</span> <span class='ocrx_word' id='word_1_92' title='bbox 1482 1981 1636 2031; x_wconf 85' lang='lat' dir='ltr'>aliqua</span> <span class='ocrx_word' id='word_1_93' title='bbox 1658 1979 1860 2019; x_wconf 80' lang='lat' dir='ltr'>breviter</span> 
     </span>
     <span class='ocr_line' id='line_1_17' title="bbox 237 2052 1861 2103; baseline -0.001 -12"><span class='ocrx_word' id='word_1_94' title='bbox 237 2053 535 2103; x_wconf 87' lang='lat' dir='ltr'>complectar.</span> <span class='ocrx_word' id='word_1_95' title='bbox 557 2052 824 2092; x_wconf 88' lang='lat' dir='ltr'>Audiuntur</span> <span class='ocrx_word' id='word_1_96' title='bbox 845 2064 950 2092; x_wconf 92' lang='lat' dir='ltr'>cum</span> <span class='ocrx_word' id='word_1_97' title='bbox 971 2063 1142 2103; x_wconf 84' lang='lat' dir='ltr'>magna</span> <span class='ocrx_word' id='word_1_98' title='bbox 1163 2052 1387 2092; x_wconf 82' lang='lat' dir='ltr'>aviditate</span> <span class='ocrx_word' id='word_1_99' title='bbox 1409 2058 1453 2092; x_wconf 92' lang='lat' dir='ltr'>et</span> <span class='ocrx_word' id='word_1_100' title='bbox 1473 2052 1739 2103; x_wconf 85' lang='lat' dir='ltr'>frequenter</span> <span class='ocrx_word' id='word_1_101' title='bbox 1755 2062 1861 2090; x_wconf 86' lang='lat' dir='ltr'>cum</span> 
     </span>
     <span class='ocr_line' id='line_1_18' title="bbox 236 2121 1860 2174; baseline -0.001 -12"><span class='ocrx_word' id='word_1_102' title='bbox 236 2123 480 2174; x_wconf 80' lang='lat' dir='ltr'>lacrymis3</span> <span class='ocrx_word' id='word_1_103' title='bbox 501 2123 589 2174; x_wconf 88' lang='lat' dir='ltr'>ipsi</span> <span class='ocrx_word' id='word_1_104' title='bbox 610 2135 724 2163; x_wconf 88' lang='lat' dir='ltr'>vero</span> <span class='ocrx_word' id='word_1_105' title='bbox 745 2124 1038 2174; x_wconf 89' lang='lat' dir='ltr'>potissimum</span> <span class='ocrx_word' id='word_1_106' title='bbox 1058 2124 1275 2163; x_wconf 87' lang='lat' dir='ltr'>laborant</span> <span class='ocrx_word' id='word_1_107' title='bbox 1295 2123 1507 2162; x_wconf 89' lang='lat' dir='ltr'>odiorum</span> <span class='ocrx_word' id='word_1_108' title='bbox 1528 2128 1571 2162; x_wconf 93' lang='lat' dir='ltr'>et</span> <span class='ocrx_word' id='word_1_109' title='bbox 1600 2121 1860 2162; x_wconf 86' lang='lat' dir='ltr'>inimicitia-</span> 
     </span>
     <span class='ocr_line' id='line_1_19' title="bbox 238 2193 1859 2245; baseline 0 -13"><span class='ocrx_word' id='word_1_110' title='bbox 238 2205 339 2233; x_wconf 88' lang='lat' dir='ltr'>rum</span> <span class='ocrx_word' id='word_1_111' title='bbox 366 2194 524 2245; x_wconf 88' lang='lat' dir='ltr'>spinas</span> <span class='ocrx_word' id='word_1_112' title='bbox 552 2194 772 2244; x_wconf 83' lang='lat' dir='ltr'>evellere,</span> <span class='ocrx_word' id='word_1_113' title='bbox 803 2205 921 2244; x_wconf 86' lang='lat' dir='ltr'>quae</span> <span class='ocrx_word' id='word_1_114' title='bbox 948 2194 1118 2234; x_wconf 89' lang='lat' dir='ltr'>multae</span> <span class='ocrx_word' id='word_1_115' title='bbox 1147 2194 1193 2233; x_wconf 89' lang='lat' dir='ltr'>in</span> <span class='ocrx_word' id='word_1_116' title='bbox 1220 2194 1291 2233; x_wconf 91' lang='lat' dir='ltr'>his</span> <span class='ocrx_word' id='word_1_117' title='bbox 1321 2193 1590 2243; x_wconf 80' lang='lat' dir='ltr'>regionibus</span> <span class='ocrx_word' id='word_1_118' title='bbox 1617 2198 1660 2232; x_wconf 91' lang='lat' dir='ltr'>et</span> <span class='ocrx_word' id='word_1_119' title='bbox 1692 2193 1859 2232; x_wconf 86' lang='lat' dir='ltr'>acerri-</span> 
     </span>
     <span class='ocr_line' id='line_1_20' title="bbox 237 2264 1860 2315; baseline 0 -12"><span class='ocrx_word' id='word_1_120' title='bbox 237 2275 340 2304; x_wconf 88' lang='lat' dir='ltr'>mae</span> <span class='ocrx_word' id='word_1_121' title='bbox 361 2270 485 2315; x_wconf 83' lang='lat' dir='ltr'>sunt3</span> <span class='ocrx_word' id='word_1_122' title='bbox 509 2264 555 2303; x_wconf 91' lang='lat' dir='ltr'>in</span> <span class='ocrx_word' id='word_1_123' title='bbox 577 2264 806 2315; x_wconf 78' lang='lat' dir='ltr'>aliquibus</span> <span class='ocrx_word' id='word_1_124' title='bbox 827 2271 982 2304; x_wconf 88' lang='lat' dir='ltr'>autem</span> <span class='ocrx_word' id='word_1_125' title='bbox 1001 2265 1117 2304; x_wconf 90' lang='lat' dir='ltr'>locis</span> <span class='ocrx_word' id='word_1_126' title='bbox 1143 2265 1223 2304; x_wconf 83' lang='lat' dir='ltr'>vix</span> <span class='ocrx_word' id='word_1_127' title='bbox 1251 2264 1485 2304; x_wconf 90' lang='lat' dir='ltr'>hominem</span> <span class='ocrx_word' id='word_1_128' title='bbox 1515 2270 1594 2303; x_wconf 88' lang='lat' dir='ltr'>aut</span> <span class='ocrx_word' id='word_1_129' title='bbox 1621 2264 1860 2303; x_wconf 88' lang='lat' dir='ltr'>mulierem</span> 
     </span>
     <span class='ocr_line' id='line_1_21' title="bbox 237 2334 1859 2386; baseline -0.001 -12"><span class='ocrx_word' id='word_1_130' title='bbox 237 2335 446 2374; x_wconf 87' lang='lat' dir='ltr'>invenire</span> <span class='ocrx_word' id='word_1_131' title='bbox 467 2335 593 2386; x_wconf 86' lang='lat' dir='ltr'>licet,</span> <span class='ocrx_word' id='word_1_132' title='bbox 618 2336 695 2386; x_wconf 87' lang='lat' dir='ltr'>qui</span> <span class='ocrx_word' id='word_1_133' title='bbox 721 2335 809 2375; x_wconf 90' lang='lat' dir='ltr'>hoc</span> <span class='ocrx_word' id='word_1_134' title='bbox 837 2336 997 2375; x_wconf 90' lang='lat' dir='ltr'>morbo</span> <span class='ocrx_word' id='word_1_135' title='bbox 1027 2347 1118 2374; x_wconf 88' lang='lat' dir='ltr'>non</span> <span class='ocrx_word' id='word_1_136' title='bbox 1144 2335 1336 2374; x_wconf 87' lang='lat' dir='ltr'>laboret.</span> <span class='ocrx_word' id='word_1_137' title='bbox 1366 2334 1498 2375; x_wconf 87' lang='lat' dir='ltr'>Unde</span> <span class='ocrx_word' id='word_1_138' title='bbox 1524 2334 1573 2374; x_wconf 82' lang='lat' dir='ltr'>fit</span> <span class='ocrx_word' id='word_1_139' title='bbox 1599 2340 1648 2374; x_wconf 88' lang='lat' dir='ltr'>ut</span> <span class='ocrx_word' id='word_1_140' title='bbox 1674 2334 1859 2385; x_wconf 81' lang='lat' dir='ltr'>saepius</span> 
     </span>
    </p>
   </div>
   <div class='ocr_carea' id='block_1_6' title="bbox 236 2503 1859 3008">
    <p class='ocr_par' dir='ltr' id='par_1_8' title="bbox 236 2503 1859 2631">
     <span class='ocr_line' id='line_1_22' title="bbox 290 2503 1859 2539; baseline 0.001 -9"><span class='ocrx_word' id='word_1_141' title='bbox 290 2503 299 2522; x_wconf 82' lang='lat'>¹</span> <span class='ocrx_word' id='word_1_142' title='bbox 340 2504 586 2537; x_wconf 76' lang='lat' dir='ltr'>Autographae</span> <span class='ocrx_word' id='word_1_143' title='bbox 608 2505 746 2531; x_wconf 78' lang='lat' dir='ltr'>litterae</span> <span class='ocrx_word' id='word_1_144' title='bbox 768 2510 844 2532; x_wconf 87' lang='lat' dir='ltr'>sunt</span> <span class='ocrx_word' id='word_1_145' title='bbox 866 2506 897 2532; x_wconf 91' lang='lat' dir='ltr'>in</span> <span class='ocrx_word' id='word_1_146' title='bbox 922 2506 1000 2532; x_wconf 82' lang='lat' dir='ltr'>folio</span> <span class='ocrx_word' id='word_1_147' title='bbox 1020 2505 1161 2539; x_wconf 84' lang='lat' dir='ltr'>duplici,</span> <span class='ocrx_word' id='word_1_148' title='bbox 1184 2505 1234 2531; x_wconf 86' lang='lat' dir='ltr'>cui</span> <span class='ocrx_word' id='word_1_149' title='bbox 1256 2505 1334 2531; x_wconf 90' lang='lat' dir='ltr'>olim</span> <span class='ocrx_word' id='word_1_150' title='bbox 1355 2509 1453 2531; x_wconf 80' lang='lat' dir='ltr'>erant</span> <span class='ocrx_word' id='word_1_151' title='bbox 1476 2512 1528 2531; x_wconf 88' lang='lat' dir='ltr'>nn.</span> <span class='ocrx_word' id='word_1_152' title='bbox 1552 2504 1604 2531; x_wconf 80' lang='lat'><em>‘232</em></span> <span class='ocrx_word' id='word_1_153' title='bbox 1627 2508 1660 2532; x_wconf 82' lang='lat' dir='ltr'>et</span> <span class='ocrx_word' id='word_1_154' title='bbox 1683 2505 1748 2538; x_wconf 73' lang='lat'>233,</span> <span class='ocrx_word' id='word_1_155' title='bbox 1775 2512 1859 2531; x_wconf 88' lang='lat' dir='ltr'>nunc</span> 
     </span>
     <span class='ocr_line' id='line_1_23' title="bbox 236 2550 1857 2586; baseline 0.001 -10"><span class='ocrx_word' id='word_1_156' title='bbox 236 2557 319 2577; x_wconf 86' lang='lat' dir='ltr'>vero</span> <span class='ocrx_word' id='word_1_157' title='bbox 336 2550 385 2577; x_wconf 84' lang='grc'><strong>158</strong></span> <span class='ocrx_word' id='word_1_158' title='bbox 400 2554 432 2577; x_wconf 87' lang='lat' dir='ltr'>et</span> <span class='ocrx_word' id='word_1_159' title='bbox 449 2550 609 2578; x_wconf 68' lang='lat' dir='ltr'>159.—Est</span> <span class='ocrx_word' id='word_1_160' title='bbox 625 2555 657 2578; x_wconf 81' lang='lat' dir='ltr'>ct</span> <span class='ocrx_word' id='word_1_161' title='bbox 673 2552 905 2586; x_wconf 80' lang='lat' dir='ltr'>apographum</span> <span class='ocrx_word' id='word_1_162' title='bbox 921 2553 1045 2579; x_wconf 86' lang='lat' dir='ltr'>saeculi</span> <span class='ocrx_word' id='word_1_163' title='bbox 1064 2560 1138 2583; x_wconf 78' lang='lat' dir='ltr'>xvx,</span> <span class='ocrx_word' id='word_1_164' title='bbox 1154 2552 1187 2578; x_wconf 85' lang='lat' dir='ltr'>in</span> <span class='ocrx_word' id='word_1_165' title='bbox 1203 2552 1281 2578; x_wconf 80' lang='lat' dir='ltr'>folio</span> <span class='ocrx_word' id='word_1_166' title='bbox 1296 2552 1423 2585; x_wconf 84' lang='lat' dir='ltr'>triplici</span> <span class='ocrx_word' id='word_1_167' title='bbox 1437 2551 1516 2578; x_wconf 87' lang='lat' dir='ltr'>olim</span> <span class='ocrx_word' id='word_1_168' title='bbox 1532 2559 1585 2579; x_wconf 89' lang='lat' dir='ltr'>nn.</span> <span class='ocrx_word' id='word_1_169' title='bbox 1601 2552 1667 2582; x_wconf 76' lang='lat'>229,</span> <span class='ocrx_word' id='word_1_170' title='bbox 1684 2552 1735 2578; x_wconf 70' lang='lat'>‘230</span> <span class='ocrx_word' id='word_1_171' title='bbox 1750 2555 1781 2578; x_wconf 91' lang='lat' dir='ltr'>et</span> <span class='ocrx_word' id='word_1_172' title='bbox 1796 2552 1857 2585; x_wconf 76' lang='lat'>231,</span> 
     </span>
     <span class='ocr_line' id='line_1_24' title="bbox 237 2598 591 2631; baseline 0.003 -7"><span class='ocrx_word' id='word_1_173' title='bbox 237 2605 323 2624; x_wconf 91' lang='lat' dir='ltr'>nunc</span> <span class='ocrx_word' id='word_1_174' title='bbox 341 2598 400 2631; x_wconf 80' lang='lat'>153,</span> <span class='ocrx_word' id='word_1_175' title='bbox 418 2598 467 2624; x_wconf 71' lang='grc'><strong>154</strong></span> <span class='ocrx_word' id='word_1_176' title='bbox 482 2602 515 2625; x_wconf 89' lang='lat' dir='ltr'>et</span> <span class='ocrx_word' id='word_1_177' title='bbox 533 2598 591 2625; x_wconf 83' lang='lat'>155.</span> 
     </span>
    </p>

    <p class='ocr_par' dir='ltr' id='par_1_9' title="bbox 236 2644 1858 3008">
     <span class='ocr_line' id='line_1_25' title="bbox 289 2644 1857 2680; baseline 0.001 -10"><span class='ocrx_word' id='word_1_178' title='bbox 289 2644 403 2678; x_wconf 88' lang='lat' dir='ltr'>Neque</span> <span class='ocrx_word' id='word_1_179' title='bbox 418 2646 652 2679; x_wconf 80' lang='lat' dir='ltr'>autographae</span> <span class='ocrx_word' id='word_1_180' title='bbox 668 2653 773 2679; x_wconf 88' lang='lat' dir='ltr'>neque</span> <span class='ocrx_word' id='word_1_181' title='bbox 789 2647 1010 2680; x_wconf 75' lang='lat' dir='ltr'>apographae</span> <span class='ocrx_word' id='word_1_182' title='bbox 1027 2650 1162 2673; x_wconf 78' lang='lat' dir='ltr'>nostrae</span> <span class='ocrx_word' id='word_1_183' title='bbox 1180 2646 1316 2673; x_wconf 83' lang='lat' dir='ltr'>litterae</span> <span class='ocrx_word' id='word_1_184' title='bbox 1339 2647 1447 2673; x_wconf 91' lang='lat' dir='ltr'>locum</span> <span class='ocrx_word' id='word_1_185' title='bbox 1467 2654 1500 2673; x_wconf 86' lang='lat' dir='ltr'>et</span> <span class='ocrx_word' id='word_1_186' title='bbox 1524 2653 1646 2673; x_wconf 84' lang='lat' dir='ltr'>annum</span> <span class='ocrx_word' id='word_1_187' title='bbox 1667 2646 1857 2679; x_wconf 79' lang='lat' dir='ltr'>designant,</span> 
     </span>
     <span class='ocr_line' id='line_1_26' title="bbox 237 2691 1857 2727; baseline 0.002 -10"><span class='ocrx_word' id='word_1_188' title='bbox 237 2698 300 2724; x_wconf 82' lang='lat' dir='ltr'>quo</span> <span class='ocrx_word' id='word_1_189' title='bbox 316 2691 416 2718; x_wconf 86' lang='lat' dir='ltr'>datae</span> <span class='ocrx_word' id='word_1_190' title='bbox 433 2695 520 2718; x_wconf 86' lang='lat' dir='ltr'>sunt.</span> <span class='ocrx_word' id='word_1_191' title='bbox 538 2691 602 2718; x_wconf 87' lang='lat' dir='ltr'>Sed</span> <span class='ocrx_word' id='word_1_192' title='bbox 617 2693 710 2719; x_wconf 87' lang='lat' dir='ltr'>locus</span> <span class='ocrx_word' id='word_1_193' title='bbox 723 2700 764 2719; x_wconf 85' lang='lat' dir='ltr'>ex</span> <span class='ocrx_word' id='word_1_194' title='bbox 780 2696 939 2720; x_wconf 82' lang='lat' dir='ltr'>contextu</span> <span class='ocrx_word' id='word_1_195' title='bbox 955 2697 1048 2719; x_wconf 87' lang='lat' dir='ltr'>certo</span> <span class='ocrx_word' id='word_1_196' title='bbox 1063 2697 1207 2727; x_wconf 82' lang='lat' dir='ltr'>apparet</span> <span class='ocrx_word' id='word_1_197' title='bbox 1228 2693 1329 2720; x_wconf 71' lang='lat' dir='ltr'>fuisse</span> <span class='ocrx_word' id='word_1_198' title='bbox 1346 2693 1531 2720; x_wconf 85' lang='lat' dir='ltr'>Abbatiam</span> <span class='ocrx_word' id='word_1_199' title='bbox 1547 2701 1605 2720; x_wconf 81' lang='lat' dir='ltr'>seu</span> <span class='ocrx_word' id='word_1_200' title='bbox 1616 2693 1857 2720; x_wconf 87' lang='lat' dir='ltr'>monasterium</span> 
     </span>
     <span class='ocr_line' id='line_1_27' title="bbox 238 2737 1857 2774; baseline 0.002 -11"><span class='ocrx_word' id='word_1_201' title='bbox 238 2737 352 2764; x_wconf 75' lang='lat' dir='ltr'>Sancti</span> <span class='ocrx_word' id='word_1_202' title='bbox 369 2737 492 2764; x_wconf 82' lang='lat' dir='ltr'>Felicis</span> <span class='ocrx_word' id='word_1_203' title='bbox 507 2737 592 2771; x_wconf 77' lang='lat' dir='ltr'>(San</span> <span class='ocrx_word' id='word_1_204' title='bbox 608 2738 724 2772; x_wconf 76' lang='lat' dir='ltr'>Fz&#39;ns),·</span> <span class='ocrx_word' id='word_1_205' title='bbox 737 2742 869 2773; x_wconf 76' lang='lat' dir='ltr'>tempus</span> <span class='ocrx_word' id='word_1_206' title='bbox 885 2743 998 2765; x_wconf 83' lang='lat' dir='ltr'>autem</span> <span class='ocrx_word' id='word_1_207' title='bbox 1015 2739 1104 2766; x_wconf 85' lang='lat' dir='ltr'>aliud</span> <span class='ocrx_word' id='word_1_208' title='bbox 1121 2747 1192 2765; x_wconf 80' lang='lat' dir='ltr'>esse</span> <span class='ocrx_word' id='word_1_209' title='bbox 1209 2747 1271 2766; x_wconf 84' lang='lat' dir='ltr'>non</span> <span class='ocrx_word' id='word_1_210' title='bbox 1292 2744 1404 2774; x_wconf 87' lang='lat' dir='ltr'>potest</span> <span class='ocrx_word' id='word_1_211' title='bbox 1425 2747 1525 2773; x_wconf 88' lang='lat' dir='ltr'>quam</span> <span class='ocrx_word' id='word_1_212' title='bbox 1547 2740 1629 2767; x_wconf 89' lang='lat' dir='ltr'>illud</span> <span class='ocrx_word' id='word_1_213' title='bbox 1650 2740 1735 2773; x_wconf 85' lang='lat' dir='ltr'>quod</span> <span class='ocrx_word' id='word_1_214' title='bbox 1755 2740 1857 2766; x_wconf 88' lang='lat' dir='ltr'>inter-</span> 
     </span>
     <span class='ocr_line' id='line_1_28' title="bbox 236 2784 1858 2821; baseline 0.002 -11"><span class='ocrx_word' id='word_1_215' title='bbox 236 2784 324 2810; x_wconf 82' lang='lat' dir='ltr'>cedit</span> <span class='ocrx_word' id='word_1_216' title='bbox 339 2784 428 2810; x_wconf 86' lang='lat' dir='ltr'>inter</span> <span class='ocrx_word' id='word_1_217' title='bbox 444 2785 531 2811; x_wconf 89' lang='lat' dir='ltr'>diem</span> <span class='ocrx_word' id='word_1_218' title='bbox 547 2785 726 2812; x_wconf 84' lang='lat' dir='ltr'>Paschatis</span> <span class='ocrx_word' id='word_1_219' title='bbox 741 2786 818 2812; x_wconf 90' lang='lat' dir='ltr'>anni</span> <span class='ocrx_word' id='word_1_220' title='bbox 837 2786 913 2819; x_wconf 81' lang='grc'><strong>1551,</strong></span> <span class='ocrx_word' id='word_1_221' title='bbox 929 2793 1038 2813; x_wconf 85' lang='lat' dir='ltr'>sermo</span> <span class='ocrx_word' id='word_1_222' title='bbox 1055 2787 1143 2813; x_wconf 86' lang='lat' dir='ltr'>enim</span> <span class='ocrx_word' id='word_1_223' title='bbox 1158 2786 1193 2813; x_wconf 87' lang='lat' dir='ltr'>fit</span> <span class='ocrx_word' id='word_1_224' title='bbox 1216 2787 1254 2813; x_wconf 84' lang='lat' dir='ltr'>de</span> <span class='ocrx_word' id='word_1_225' title='bbox 1276 2787 1315 2813; x_wconf 77' lang='lat' dir='ltr'>iis</span> <span class='ocrx_word' id='word_1_226' title='bbox 1336 2795 1420 2821; x_wconf 85' lang='lat' dir='ltr'>quae</span> <span class='ocrx_word' id='word_1_227' title='bbox 1442 2787 1473 2813; x_wconf 91' lang='lat' dir='ltr'>in</span> <span class='ocrx_word' id='word_1_228' title='bbox 1494 2786 1592 2821; x_wconf 89' lang='lat' dir='ltr'>hujus</span> <span class='ocrx_word' id='word_1_229' title='bbox 1614 2787 1691 2813; x_wconf 81' lang='lat' dir='ltr'>anni</span> <span class='ocrx_word' id='word_1_230' title='bbox 1714 2787 1858 2821; x_wconf 87' lang='lat' dir='ltr'>quadra-</span> 
     </span>
     <span class='ocr_line' id='line_1_29' title="bbox 237 2832 1858 2868; baseline 0.002 -11"><span class='ocrx_word' id='word_1_231' title='bbox 237 2832 367 2864; x_wconf 78' lang='lat' dir='ltr'>gesima</span> <span class='ocrx_word' id='word_1_232' title='bbox 387 2836 486 2865; x_wconf 86' lang='lat' dir='ltr'>gesta</span> <span class='ocrx_word' id='word_1_233' title='bbox 510 2836 606 2866; x_wconf 87' lang='lat' dir='ltr'>sunt,</span> <span class='ocrx_word' id='word_1_234' title='bbox 632 2836 665 2859; x_wconf 87' lang='lat' dir='ltr'>et</span> <span class='ocrx_word' id='word_1_235' title='bbox 690 2832 776 2859; x_wconf 83' lang='lat' dir='ltr'>diem</span> <span class='ocrx_word' id='word_1_236' title='bbox 799 2832 1008 2866; x_wconf 85' lang='lat' dir='ltr'>Septembris</span> <span class='ocrx_word' id='word_1_237' title='bbox 1029 2837 1204 2867; x_wconf 80' lang='lat' dir='ltr'>quartam,</span> <span class='ocrx_word' id='word_1_238' title='bbox 1229 2841 1305 2867; x_wconf 88' lang='lat' dir='ltr'>qua,</span> <span class='ocrx_word' id='word_1_239' title='bbox 1327 2834 1382 2868; x_wconf 92' lang='lat' dir='ltr'>qui</span> <span class='ocrx_word' id='word_1_240' title='bbox 1405 2834 1638 2868; x_wconf 83' lang='lat' dir='ltr'>philosophiae</span> <span class='ocrx_word' id='word_1_241' title='bbox 1654 2834 1699 2861; x_wconf 87' lang='lat' dir='ltr'>ibi</span> <span class='ocrx_word' id='word_1_242' title='bbox 1720 2841 1858 2868; x_wconf 83' lang='lat' dir='ltr'>operam</span> 
     </span>
     <span class='ocr_line' id='line_1_30' title="bbox 237 2878 1857 2915; baseline 0.002 -11"><span class='ocrx_word' id='word_1_243' title='bbox 237 2878 399 2905; x_wconf 82' lang='lat' dir='ltr'>dederant</span> <span class='ocrx_word' id='word_1_244' title='bbox 414 2879 626 2913; x_wconf 86' lang='lat' dir='ltr'>scholastici,</span> <span class='ocrx_word' id='word_1_245' title='bbox 642 2879 891 2907; x_wconf 82' lang='lat' dir='ltr'>Conimbricam</span> <span class='ocrx_word' id='word_1_246' title='bbox 906 2881 1078 2907; x_wconf 86' lang='lat' dir='ltr'>redierunt</span> <span class='ocrx_word' id='word_1_247' title='bbox 1099 2880 1285 2913; x_wconf 75' lang='lat' dir='ltr'>(POLANco,</span> <span class='ocrx_word' id='word_1_248' title='bbox 1300 2881 1432 2914; x_wconf 65' lang='lat' dir='ltr'>Clzron„</span> <span class='ocrx_word' id='word_1_249' title='bbox 1455 2885 1476 2908; x_wconf 88' lang='lat' dir='ltr'>t.</span> <span class='ocrx_word' id='word_1_250' title='bbox 1500 2889 1539 2915; x_wconf 91' lang='lat'>11,</span> <span class='ocrx_word' id='word_1_251' title='bbox 1561 2888 1637 2915; x_wconf 86' lang='lat' dir='ltr'>pag.</span> <span class='ocrx_word' id='word_1_252' title='bbox 1653 2881 1720 2915; x_wconf 82' lang='lat'>372,</span> <span class='ocrx_word' id='word_1_253' title='bbox 1738 2889 1766 2908; x_wconf 90' lang='lat' dir='ltr'>n.</span> <span class='ocrx_word' id='word_1_254' title='bbox 1783 2881 1857 2914; x_wconf 71' lang='lat'>420).</span> 
     </span>
     <span class='ocr_line' id='line_1_31' title="bbox 238 2924 1857 2963; baseline 0.004 -13"><span class='ocrx_word' id='word_1_255' title='bbox 238 2924 314 2951; x_wconf 87' lang='lat' dir='ltr'>Ideo</span> <span class='ocrx_word' id='word_1_256' title='bbox 330 2925 392 2952; x_wconf 82' lang='lat' dir='ltr'>has</span> <span class='ocrx_word' id='word_1_257' title='bbox 406 2926 553 2959; x_wconf 84' lang='lat' dir='ltr'>litteras,</span> <span class='ocrx_word' id='word_1_258' title='bbox 570 2927 679 2960; x_wconf 79' lang='lat' dir='ltr'>Aprili</span> <span class='ocrx_word' id='word_1_259' title='bbox 695 2931 753 2953; x_wconf 85' lang='lat' dir='ltr'>aut</span> <span class='ocrx_word' id='word_1_260' title='bbox 769 2928 811 2954; x_wconf 83' lang='lat' dir='ltr'>ad</span> <span class='ocrx_word' id='word_1_261' title='bbox 826 2935 989 2954; x_wconf 85' lang='lat' dir='ltr'>summum</span> <span class='ocrx_word' id='word_1_262' title='bbox 1002 2928 1155 2961; x_wconf 79' lang='lat' dir='ltr'>Augusto</span> <span class='ocrx_word' id='word_1_263' title='bbox 1171 2936 1283 2955; x_wconf 85' lang='lat' dir='ltr'>mense</span> <span class='ocrx_word' id='word_1_264' title='bbox 1301 2932 1461 2957; x_wconf 76' lang='lat' dir='ltr'>exeunte.</span> <span class='ocrx_word' id='word_1_265' title='bbox 1482 2936 1545 2962; x_wconf 88' lang='lat' dir='ltr'>quo</span> <span class='ocrx_word' id='word_1_266' title='bbox 1560 2933 1708 2963; x_wconf 86' lang='lat' dir='ltr'>tempore</span> <span class='ocrx_word' id='word_1_267' title='bbox 1725 2929 1857 2963; x_wconf 88' lang='lat' dir='ltr'>quadri-</span> 
     </span>
     <span class='ocr_line' id='line_1_32' title="bbox 238 2972 1273 3008; baseline 0.005 -11"><span class='ocrx_word' id='word_1_268' title='bbox 238 2976 382 2998; x_wconf 85' lang='lat' dir='ltr'>mestres</span> <span class='ocrx_word' id='word_1_269' title='bbox 397 2972 514 3000; x_wconf 83' lang='lat' dir='ltr'>confici</span> <span class='ocrx_word' id='word_1_270' title='bbox 530 2974 683 3007; x_wconf 81' lang='lat' dir='ltr'>mittique</span> <span class='ocrx_word' id='word_1_271' title='bbox 700 2975 870 3006; x_wconf 81' lang='lat' dir='ltr'>solebant,</span> <span class='ocrx_word' id='word_1_272' title='bbox 887 2975 1034 3008; x_wconf 82' lang='lat' dir='ltr'>scriptas</span> <span class='ocrx_word' id='word_1_273' title='bbox 1049 2980 1273 3002; x_wconf 82' lang='lat' dir='ltr'>autumamus.</span> 
     </span>
    </p>
   </div>
  </div>
 </body>
</html>
