1987 3260
906 153 988 189 ΑΝ.
1023 153 1110 190 153⁴.)
1753 157 1818 194 511

194 249 387 288 verbum
409 249 669 289 veritatis?
696 250 825 301 Quae
843 262 947 290 cum
968 262 995 290 a
1013 252 1211 291 caeteris
1232 259 1398 292 exacte
1419 251 1544 302 fiant,
1568 265 1677 293 num
1698 255 1820 294 inde—

193 330 356 359 corum
380 319 619 360 videretur
641 322 856 373 omnique
878 322 1048 373 probro
1070 321 1260 373 dignum
1282 323 1321 362 si
1341 323 1398 362 ab
1421 323 1532 374 ipsis
1560 323 1670 363 solis
1692 336 1822 375 prae-

192 389 574 441 termitterentur,
599 398 698 439 aut,
730 392 768 431 si
800 392 987 432 minime
1014 393 1459 444 praetermittuntur,
1490 394 1625 433 nullis
1651 394 1819 434 littera-

191 472 294 500 rum
309 462 628 501 monumentis
650 462 1050 513 significarentur?
1067 463 1201 504 Alias
1220 464 1343 504 enim
1359 463 1462 514 jure
1482 465 1697 504 lamentis
1715 476 1820 513 afre-

191 536 294 570 rent
315 531 393 582 qui
414 531 586 571 talibus
611 534 904 574 oblectantur
925 540 969 574 et
989 534 1048 573 ad
1069 534 1325 574 consimilia
1348 534 1707 574 inflammantur.

271 601 375 652 Age
397 601 574 653 itaque,
599 602 737 643 Pater
759 605 950 656 optime,
975 605 1194 656 quoniam
1216 616 1290 645 res
1312 606 1375 645 ita
1396 605 1507 655 fert,
1533 616 1676 655 cogor
1707 617 1821 646 sane

190 679 233 711 et
254 672 418 711 volens
441 684 602 724 cogor,
626 675 847 715 nonnulla
874 687 1241 716 commemorare
1269 687 1444 726 corum,
1476 687 1594 727 quae
1622 683 1820 727 quatuor

189 743 509 793 superioribus
531 745 766 785 mensibus
788 753 978 786 sanctus
1000 753 1138 798 atque
1171 747 1356 787 divinus
1381 747 1456 786 ille
1482 747 1694 798 spiritus,
1729 759 1819 798 quo

188 813 265 863 qui
283 819 488 864 aguntur
505 822 610 855 sunt
628 816 706 855 filii
723 815 810 856 Dei
828 829 912 857 nec
930 824 1103 869 queunt
1120 819 1167 858 in
1184 818 1253 867 iis,
1279 829 1396 869 quae
1411 817 1565 857 Patris
1581 825 1702 867 sunt,
1726 830 1819 858 non

188 894 306 934 esse,
331 896 493 936 eaque,
519 898 637 937 quae
659 887 699 926 ei
721 894 827 927 sunt
848 888 1035 938 placita,
1059 900 1242 939 semper
1262 888 1439 939 facere,
1461 900 1543 940 per
1564 900 1672 928 suos
1689 901 1820 940 prae-

188 960 313 994 stare
344 961 484 1007 atque
505 956 553 996 in
575 957 646 996 his
668 958 784 997 locis
805 957 984 998 efficere
1007 966 1229 1010 perpetua
1252 971 1334 999 sua
1357 959 1588 1008 bonitate,
1614 959 1821 1010 benigni—

188 1031 281 1065 tate
305 1038 360 1065 ac
391 1027 716 1067 misericordia
743 1028 961 1078 dignatus
988 1036 1071 1069 est.
1102 1030 1254 1081 Atque
1283 1030 1508 1081 imprimis
1537 1042 1563 1069 a
1592 1031 1817 1082 parvulis,

187 1107 304 1147 quos
330 1103 576 1148 tantopere
607 1098 801 1149 diligere
829 1099 1044 1140 Christus
1066 1100 1296 1141 Dominus
1326 1107 1521 1141 testatus
1549 1107 1632 1151 est,
1657 1113 1817 1142 narra-

187 1167 326 1206 tionis
354 1174 542 1207 nostrae
572 1169 817 1209 exordium
849 1171 1122 1211 sumendum
1151 1172 1283 1211 duco.
1310 1172 1433 1211 Vere
1462 1173 1583 1212 enim
1612 1172 1724 1212 mihi
1754 1173 1818 1212 vi-

186 1237 297 1277 deor
311 1238 357 1277 in
373 1238 472 1277 dies
495 1240 708 1279 eamdem
721 1240 847 1280 illam
862 1253 1042 1292 vocem,
1064 1254 1154 1293 qua
1171 1254 1251 1281 eos
1267 1244 1469 1282 advocat
1483 1244 1541 1283 ad
1553 1255 1617 1291 se,
1637 1243 1815 1294 audire,

185 1308 465 1359 eosdemque
488 1309 546 1348 ad
570 1321 677 1349 eum
696 1311 771 1350 vel
793 1312 1157 1363 praecipitanter
1178 1314 1416 1361 accedere,
1437 1320 1516 1354 aut
1536 1315 1689 1365 potius
1711 1326 1816 1354 con—

186 1380 360 1429 volare,
381 1380 672 1431 conspicere,
698 1387 741 1420 et
764 1381 876 1433 ipsis
897 1394 1063 1422 manus
1079 1384 1395 1435 imponentem
1416 1384 1599 1424 intueri.

263 1449 382 1489 Nam
400 1462 537 1501 quem
555 1451 766 1501 obsecro,
783 1460 969 1493 centum
986 1455 1323 1505 quinquaginta
1342 1455 1438 1494 fere
1456 1456 1544 1495 hoc
1560 1456 1605 1495 in
1620 1467 1814 1507 gymna-

183 1520 251 1560 sio
277 1531 359 1560 suo
383 1532 704 1573 congregasse
726 1530 770 1563 61
801 1525 1006 1575 quotidie
1033 1527 1280 1565 nonnullos
1308 1539 1361 1566 eo
1388 1527 1617 1566 deducere
1640 1525 1813 1577 judica—

184 1591 333 1637 veris,
357 1592 446 1631 nisi
470 1605 574 1633 eum
596 1594 673 1645 qui
700 1595 905 1635 omnium
936 1595 1101 1636 ductor
1132 1603 1200 1636 est
1228 1597 1450 1648 optimus,
1480 1598 1649 1649 quique
1675 1598 1733 1638 ad
1765 1610 1815 1639 se

182 1662 312 1702 venit
346 1675 507 1703 omnes
536 1666 736 1705 vocare?
765 1665 887 1706 Sane
921 1667 1153 1707 neminem
1187 1674 1397 1708 nostrum
1432 1669 1553 1708 tubis
1589 1670 1813 1709 cecinisse

182 1739 309 1773 certo
346 1734 442 1774 scio
477 1747 562 1774 nec
594 1737 911 1787 proclamasse
937 1749 1219 1788 praeconem
1246 1750 1524 1790 quemquam
1558 1739 1812 1780 humanum

182 1811 259 1843 aut
281 1805 448 1856 quovis
470 1806 643 1846 indicio
665 1813 878 1858 apertum
898 1809 1057 1848 ludum
1078 1809 1381 1860 significasse,
1402 1810 1491 1849 nisi
1507 1809 1626 1850 forte
1643 1811 1810 1851 duode-

181 1875 271 1914 cim
306 1876 462 1915 Verbis
499 1888 613 1928 prae
649 1877 826 1918 foribus
862 1879 1131 1931 adscriptis3
1162 1887 1205 1920 et
1232 1887 1387 1920 tamen
1415 1886 1603 1931 repente
1630 1892 1739 1921 6666
1766 1889 1811 1921 61

179 1946 337 1986 1165610
360 1948 595 1997 quomodo
618 1960 676 1988 ex
697 1950 897 1989 caeteris
918 1951 1105 2000 scholis,
1130 1956 1366 2002 tamquam
1389 1964 1447 1991 ex
1468 1963 1585 2002 equo
1606 1953 1807 1999 1101311),

180 2023 426 2067 emergunt
448 2018 506 2057 ad
533 2030 710 2070 nosque
736 2019 978 2071 festinant;
1008 2022 1131 2072 quod
1159 2033 1264 2062 cum
1294 2029 1417 2062 esset
1445 2022 1722 2073 quibusdam
1751 2036 1809 2062 ex

179 2087 344 2127 amicis
374 2088 590 2128 miraculi
610 2090 712 2129 loco
736 2091 858 2141 quod
879 2091 1165 2138 videremus,
1190 2104 1282 2131 non
1305 2093 1581 2133 occurrebat
1600 2093 1689 2133 nisi
1716 2092 1805 2132 Da-

180 2159 302 2198 vidis
324 2158 455 2198 illud:
480 2172 508 2199 cz
532 2160 735 2200 Domino
748 2162 939 2211 factum
960 2166 1030 2202 est
1051 2162 1193 2202 zlctnd.
1220 2163 1336 2204 Cum
1364 2169 1519 2203 autem
1548 2164 1624 2204 alii
1652 2176 1808 2204 cense—

178 2235 280 2269 rent
314 2241 558 2270 numerum
592 2232 839 2281 quemdam
871 2244 964 2272 non
997 2234 1515 2285 praetergrediendum,
1553 2246 1645 2274 non
1667 2235 1803 2285 enim,

179 2298 380 2351 ajebant,
396 2301 525 2340 oneri
542 2313 678 2352 pares
696 2303 838 2353 eritis,
857 2303 1378 2354 sz'm‘teparvulos,etc„
1400 2303 1650 2356 ajebamus3
1672 2312 1716 2346 et
1728 2306 1806 2356 qui

178 2371 306 2411 addit
337 2371 545 2412 laborem
567 2372 691 2413 vires
719 2375 1017 2425 suppeditare
1044 2387 1138 2415 non
1164 2376 1364 2425 omittet;
1394 2375 1503 2427 quid
1533 2377 1654 2416 enim
1683 2376 1806 2417 ferre

178 2448 414 2491 recusent,
439 2443 548 2494 quid
570 2445 759 2484 valeant
779 2445 959 2484 humeri
979 2446 1124 2485 novit.
1157 2446 1316 2498 Itaque
1346 2446 1539 2487 efficitur
1566 2453 1615 2487 ut
1643 2448 1806 2488 diebus

179 2513 373 2563 singulis
396 2514 579 2554 auctior
600 2515 772 2555 evadat
793 2515 1109 2556 studiosorum
1129 2529 1381 2568 puerorum
1400 2530 1642 2565 111111161115,
1667 2530 1804 2569 coga-

177 2595 370 2634 murque
400 2585 582 2625 vicinas
610 2586 750 2626 aedes
779 2598 872 2626 non
900 2588 998 2627 sine
1028 2587 1271 2639 dispendio
1301 2600 1594 2629 nummorum
1625 2596 1804 2630 nostro-

176 2666 279 2694 rum
301 2655 570 2706 propediem
592 2668 838 2708 occupare.

256 2724 390 2776 Quod
420 2738 534 2766 vero
555 2727 645 2766 illis
666 2728 874 2778 imponat
895 2740 1060 2769 manus
1089 2730 1165 2781 qui
1188 2729 1245 2769 ad
1267 2741 1316 2770 se
1337 2731 1500 2781 trahit,
1531 2743 1623 2770 non
1653 2731 1802 2772 dubiis

178 2795 335 2836 videre
356 2803 427 2836 est
447 2804 492 2837 et
514 2798 733 2849 colligere
756 2801 1060 2850 argumentis.
1083 2800 1133 2840 In
1155 2801 1252 2840 dies
1282 2800 1509 2852 siquidem
1535 2801 1581 2841 in
1609 2803 1674 2842 eis
1706 2815 1800 2843 cer-

175 2866 300 2906 nitur
327 2867 519 2908 desueta
556 2869 785 2920 quaedam
820 2871 1037 2918 mutatio,
1066 2871 1253 2922 pietatis
1280 2871 1505 2923 accretiO,
1538 2871 1803 2914 devotionis

176 2938 345 2977 auctio.
377 2938 553 2979 Videas
589 2951 748 2980 omnes
783 2952 879 2980 rem
910 2953 1094 2981 sacram
1130 2944 1404 2993 provolutos
1437 2944 1654 2995 genibus,
1687 2945 1804 2985 fusis
