1987 3260
239 153 313 190 216
751 152 978 189 LITTERAE
1005 161 1359 195 QUADRIMESTRES

241 255 394 289 tentes
421 254 464 289 et
486 249 895 299 communicantes,
926 259 1032 288 cum
1052 259 1135 287 suo
1164 248 1449 299 confessore,
1479 247 1616 288 Patre
1637 247 1846 288 Adriano

242 319 660 372 reprehenderent;
684 319 765 359 sed
794 319 978 370 singula
1002 317 1313 370 attendentes,
1337 319 1492 369 gratia
1512 318 1599 358 Dei
1620 319 1800 359 incitati
1821 324 1865 359 et

240 390 360 431 bene
382 390 613 431 aedificati
631 394 938 430 recesserunt.

323 460 535 512 Rogatus
556 471 739 512 quoque
759 460 842 500 fuit
862 460 1001 500 Pater
1030 459 1268 500 Adrianus
1298 459 1355 499 ab
1386 460 1489 500 aliis
1518 459 1865 500 confessoribus

243 532 436 572 alterius
456 532 708 583 parochiae
729 537 791 581 ut,
817 542 1100 582 quamquam
1121 530 1327 570 omnium
1345 530 1659 571 indifferenter
1681 530 1864 571 audiret

236 602 576 652 confessioneS,
596 600 777 652 juberet
797 607 954 641 tamen
974 612 1069 652 eOS,
1093 601 1170 652 qui
1191 601 1381 641 alterius
1401 606 1507 641 sunt
1526 601 1794 652 parochiae,
1819 602 1866 641 in

240 673 338 712 suis
358 672 593 723 parochiis
615 672 985 722 communicare,
1009 678 1059 711 ut
1079 672 1152 712 sui
1178 683 1361 723 quoque
1389 671 1705 720 aedificentur,
1736 672 1863 723 polli-

237 748 398 783 centes
432 743 604 782 nemini
638 742 961 793 denegandam
996 754 1181 782 sacram
1207 742 1573 792 Eucharistiam;
1606 742 1729 793 quod
1761 742 1868 783 licet

242 825 426 865 semper
448 820 662 853 curatum
683 813 762 864 sit,
786 819 889 865 post
910 814 1027 853 haec
1048 818 1204 853 tamen
1225 813 1376 864 magis
1396 812 1518 852 serio
1542 818 1746 863 curatur,
1779 813 1869 852 nisi

237 884 462 935 temporis
484 884 691 924 brevitas
713 884 923 935 aliaeque
944 883 1323 924 circumstantiae
1339 882 1592 935 impediant
1609 883 1867 923 discessum

239 955 298 996 de
318 967 411 995 uno
433 956 604 1006 templo
625 955 672 994 in
694 955 833 995 aliud.

322 1026 502 1065 Deinde
522 1026 660 1066 Pater
680 1025 918 1066 Adrianus
934 1025 981 1065 in
1002 1025 1210 1077 partibus
1231 1025 1507 1065 Hollandiae
1529 1024 1867 1065 sollicitabatur

242 1109 271 1136 a
292 1096 493 1148 quodam
514 1097 797 1136 monasterio
819 1097 1108 1136 incessanter
1130 1096 1189 1136 ad
1210 1095 1601 1146 concionandum;
1625 1095 1724 1147 ipse
1752 1106 1865 1134 vero

238 1167 490 1218 plurimum
510 1168 557 1207 in
577 1178 626 1207 se
648 1167 814 1207 anxius
835 1173 879 1207 et
899 1167 1149 1219 perplexus
1169 1166 1254 1206 fuit
1275 1177 1329 1206 eo
1352 1166 1476 1218 quod
1495 1178 1582 1206 nec
1601 1166 1754 1206 studio
1781 1176 1867 1205 nec

240 1238 619 1278 meditationibus
653 1238 901 1289 quicquam
934 1237 1097 1278 stabile
1125 1242 1282 1288 posset
1315 1236 1546 1287 invenire,
1578 1242 1622 1276 et
1650 1236 1870 1276 ordinare

239 1309 365 1360 quod
392 1309 586 1359 diceret,
619 1309 761 1349 immo
788 1321 874 1349 nec
903 1309 1055 1360 ipsum
1081 1314 1260 1348 textum
1285 1308 1533 1358 Evangelii
1563 1307 1653 1347 diei
1682 1312 1867 1359 poterat

239 1380 569 1420 commendare
589 1380 856 1430 memoriae,
880 1379 1067 1419 tandem
1090 1379 1195 1431 quia
1218 1379 1538 1430 subterfugere
1555 1390 1649 1418 non
1665 1383 1864 1429 poterat,

240 1451 391 1490 solum
412 1451 568 1490 thema
589 1451 785 1501 habens,
810 1451 944 1502 quasi
971 1456 1096 1490 totus
1123 1450 1378 1500 desolatus,
1408 1449 1567 1489 aridus
1596 1454 1640 1489 et
1671 1448 1859 1489 confun-

242 1521 438 1571 dendus,
464 1521 510 1561 in
539 1521 742 1561 Domino
768 1521 1067 1561 nihilominus
1098 1521 1357 1571 confidens,
1391 1520 1769 1572 superpellicium
1804 1519 1868 1558 in-

241 1592 402 1643 duens,
427 1592 698 1633 concionari
719 1593 902 1644 incipit:
926 1598 970 1632 et
996 1603 1106 1632 ecce
1126 1603 1236 1632 mox
1258 1591 1488 1631 Dominus
1508 1590 1670 1630 aderat
1690 1589 1867 1630 famulo

242 1674 342 1713 suo,
368 1669 515 1702 totum
535 1668 714 1703 textum
741 1663 987 1714 Evangelii
1015 1663 1225 1713 suggerit
1259 1661 1314 1701 de
1343 1662 1486 1701 divite
1508 1666 1558 1701 et
1588 1660 1789 1711 Lazaro,
1828 1666 1873 1700 et

240 1733 324 1773 vix
345 1734 536 1773 minima
558 1734 788 1784 particula
809 1733 983 1772 intacta
1013 1733 1371 1783 relinquebatur,
1395 1732 1505 1783 quin
1531 1743 1666 1772 suum
1697 1731 1868 1771 festum

244 1810 289 1843 et
309 1804 582 1855 mysterium
605 1804 875 1855 explicaret;
900 1804 961 1843 ita
981 1809 1029 1842 ut
1050 1803 1212 1842 concio
1230 1803 1308 1842 illa
1330 1802 1488 1842 statim
1513 1814 1540 1842 a
1564 1802 1710 1842 variis
1732 1800 1870 1841 fuerit

247 1875 440 1915 collecta
465 1881 508 1914 et
530 1875 718 1926 scripta.

324 1946 374 1985 In
395 1946 557 1985 eodem
577 1946 680 1985 loco
698 1945 941 1985 domicella
959 1944 1189 1996 quaedam
1205 1944 1405 1984 habebat
1420 1944 1564 1984 filium
1581 1943 1875 1983 sacerdotem

242 2022 290 2056 et
312 2016 604 2064 canonicum,
631 2016 707 2067 qui
729 2027 755 2055 a
776 2016 984 2067 pluribus
1006 2015 1141 2055 annis
1163 2015 1243 2054 vix
1264 2014 1348 2054 fuit
1370 2026 1560 2065 compos
1588 2013 1774 2065 mentis,
1806 2013 1873 2053 sic

244 2093 313 2136 ut,
340 2093 578 2138 tamquam
601 2087 818 2126 obsessus
841 2098 864 2125 a
889 2086 1136 2136 daemone,
1161 2085 1371 2125 cubiculo
1392 2085 1598 2125 inclusus
1619 2089 1869 2124 teneretur.

244 2158 374 2197 Haec
397 2158 585 2208 rogavit
606 2156 793 2197 Patrem
819 2157 1081 2197 Adrianum
1108 2163 1157 2196 ut
1185 2156 1328 2196 filium
1357 2167 1491 2196 suum
1520 2155 1746 2196 visitaret.
1786 2154 1875 2194 Ivit

245 2240 324 2279 eO,
350 2228 542 2268 intravit
563 2228 826 2268 cubiculum
846 2228 959 2267 dicti
980 2227 1081 2278 filii,
1115 2233 1263 2267 matre
1284 2232 1327 2267 et
1353 2226 1529 2266 familia
1558 2237 1670 2277 prae
1697 2225 1876 2265 foribus

246 2299 315 2338 rei
336 2305 552 2338 eventum
574 2298 977 2350 exspectantibus;
1003 2298 1291 2338 examinavit
1313 2309 1417 2337 eum
1437 2296 1635 2348 petendo
1657 2307 1778 2336 anne
1799 2306 1873 2335 cu-

247 2375 377 2421 peret
397 2370 581 2421 placere
603 2369 805 2408 Domino
828 2368 944 2419 DeO,
969 2368 1119 2408 eidem
1147 2368 1348 2419 servire,
1373 2367 1558 2407 obedire
1580 2372 1624 2407 et
1650 2366 1696 2406 in
1728 2371 1873 2406 aeter-

245 2451 358 2479 num
380 2451 484 2479 cum
506 2451 560 2478 eo
581 2439 800 2490 gaudere.
830 2439 1086 2490 Respondit
1114 2439 1237 2490 quod
1268 2439 1349 2478 sic.
1383 2437 1734 2478 Adhortabatur
1761 2437 1873 2476 ulte-

249 2510 346 2550 rius
367 2510 425 2549 ad
447 2509 787 2549 confessionem
808 2516 851 2549 et
872 2509 1061 2560 similia;
1087 2520 1282 2560 cumque
1310 2508 1438 2548 Patri
1464 2508 1674 2548 Adriano
1695 2507 1872 2547 Videre-

247 2586 325 2620 tur
340 2591 506 2632 parum
523 2580 839 2631 respondisse,
864 2585 1011 2619 mater
1031 2579 1325 2630 postmodum
1346 2578 1462 2618 dixit
1482 2590 1531 2618 se
1551 2589 1700 2629 neque
1720 2589 1802 2628 per
1824 2588 1873 2616 se

249 2663 400 2703 neque
420 2663 502 2703 per
524 2651 703 2702 aliquos
725 2650 840 2690 alios
860 2650 1066 2701 potuisse
1089 2662 1115 2689 a
1138 2655 1336 2701 quatuor
1358 2649 1491 2689 annis
1511 2654 1690 2688 tantum
1712 2647 1873 2687 verbo-

249 2734 355 2762 rum
376 2728 420 2762 et
448 2721 658 2772 responsi
685 2721 949 2771 impetrare.
982 2719 1056 2760 Sic
1079 2731 1184 2760 eum
1211 2720 1375 2771 reliqui
1403 2720 1450 2759 in
1478 2719 1688 2758 cubiculo
1718 2717 1877 2757 dicens

252 2804 326 2832 me
347 2798 618 2832 curaturum
638 2797 687 2831 ut
709 2792 854 2831 altero
876 2790 949 2830 die
970 2790 1151 2830 veniret
1178 2796 1338 2841 pastor
1369 2790 1611 2830 auditurus
1641 2788 1739 2840 ejus
1771 2799 1875 2827 con-

254 2863 525 2913 fessionem,
549 2874 638 2913 quo
660 2868 704 2902 et
725 2867 968 2902 contentus
989 2860 1087 2900 fuit.
1113 2860 1263 2911 Quam
1285 2871 1477 2911 operam
1508 2859 1693 2910 quidem
1721 2857 1876 2898 offere-

253 2934 333 2972 bat
354 2932 494 2973 Pater
516 2932 766 2982 Adrianus,
791 2932 872 2971 sed
893 2932 991 2981 ipse
1012 2943 1105 2971 non
1126 2931 1373 2971 videbatur
1395 2930 1602 2970 affectus.
1626 2929 1684 2969 Et
1701 2930 1763 2969 ita
1781 2933 1878 2968 tota
