1987 3260
273 205 346 241 310
792 203 1012 240 LirrERAE
1041 214 1395 246 QUADRIMEsrREs

272 302 407 352 signa
431 301 682 341 deventum
703 308 785 349 est,
809 301 977 352 quibus
999 312 1103 340 cum
1125 301 1363 352 colligeret
1391 313 1494 341 eam
1513 307 1671 341 tantae
1691 302 1758 341 rei
1786 302 1900 342 desi-

271 372 399 412 derio
423 373 590 421 teneri,
621 372 702 411 tali
728 371 951 411 beneficio
972 383 1066 411 non
1086 372 1306 424 privavit.
1331 371 1451 422 Quid
1472 372 1630 422 plura?
1650 372 1700 412 In
1721 378 1901 412 tantum

271 443 463 494 spiritus
484 443 718 482 fervorem
739 442 965 493 perducta
986 448 1054 482 est
1075 454 1101 481 a
1124 442 1324 481 Domino
1345 447 1395 481 ut
1415 443 1573 482 nescio
1595 443 1634 481 si
1654 448 1834 482 tantum
1853 443 1900 482 in

268 515 361 553 ulla
385 514 479 553 alia
502 513 695 564 reperiri
715 513 878 563 possit.

350 584 457 624 Non
478 595 643 635 parum
665 595 776 623 sane
795 583 974 623 fructus
992 595 1049 623 ex
1067 590 1284 635 suscepta
1302 583 1360 623 ad
1374 583 1516 623 breve
1532 589 1715 634 tempus
1735 582 1743 601 ¹
1764 582 1901 634 hujus

270 655 547 694 monasterii
569 654 813 705 provincia
836 660 1173 705 consequutum
1195 660 1282 704 est3
1305 665 1413 693 nam
1434 660 1619 704 praeter
1641 653 1786 703 dicta,
1812 654 1901 693 illis

268 726 396 776 leges
413 725 696 775 vivendique
718 724 907 763 modum
924 724 1242 775 praescripsit,
1262 735 1350 775 quo
1368 725 1594 764 hactenus
1616 729 1748 763 erant
1764 723 1911 763 desti-⁷

267 801 409 845 tutae,
437 807 530 834 non
550 795 703 834 minus
725 800 940 834 sanctum
957 807 1096 846 quam
1118 795 1320 835 doctum.
1344 794 1456 834 Mihi
1474 794 1624 844 crede,
1644 793 1691 833 Ρ.
1714 793 1837 845 Opt.,
1863 794 1899 834 51

268 867 488 915 omnium,
512 877 631 916 quae
648 866 706 904 ab
725 877 778 904 eo
796 871 1038 916 geruntur,
1057 866 1302 916 congeries
1313 865 1645 916 perscribenda
1662 870 1796 913 esset,
1814 876 1899 904 nec

271 937 370 988 ipse
392 936 548 976 verbis
571 948 656 975 nec
679 947 766 986 ego
795 936 981 987 scriptis
1009 936 1225 987 persequi
1252 948 1451 987 possem.
1479 935 1702 986 Magnus,
1730 941 1779 974 ut
1810 947 1900 974 uno

267 1008 412 1047 verbo
435 1007 610 1057 dicam,
637 1013 680 1046 et
701 1006 960 1046 indefessus
981 1012 1049 1046 est
1072 1007 1338 1058 operarius,
1361 1006 1438 1057 qui
1459 1006 1672 1046 omnibus
1693 1017 1747 1045 ac
1768 1017 1901 1056 prae-

269 1079 403 1129 cipue
424 1078 580 1128 nobis,
607 1078 684 1128 qui
705 1078 884 1128 indigni
913 1077 1010 1128 ejus
1035 1076 1373 1128 jucundissimo
1402 1077 1597 1116 fruimur
1630 1082 1898 1127 conspectu,

269 1149 384 1189 satis
405 1149 559 1200 reipsa
583 1148 873 1188 demonstrat
895 1155 1070 1200 quanto
1092 1149 1258 1197 studio,
1283 1160 1416 1195 cura,
1441 1147 1706 1197 sedulitate,
1732 1146 1899 1186 ardore

266 1232 323 1259 ac
346 1220 575 1259 charitate
598 1220 787 1270 negotia
810 1219 964 1259 Patris
984 1219 1162 1259 aeterni
1192 1219 1387 1259 tractari
1412 1225 1456 1258 et
1488 1218 1654 1258 confici
1683 1218 1894 1257 debeant.

350 1290 713 1331 Communiones
744 1302 1040 1341 nequaquam
1067 1290 1357 1340 deseruntur,
1396 1300 1592 1340 quarum
1626 1288 1901 1328 assiduitate

267 1361 384 1401 adeo
405 1367 684 1401 exarserunt
706 1361 752 1400 in
769 1361 942 1401 Christi
958 1360 1149 1400 Domini
1170 1372 1377 1400 amorem
1393 1360 1560 1409 crucis,
1581 1366 1630 1399 ut
1651 1360 1727 1399 vel
1746 1359 1792 1398 in
1810 1371 1900 1398 una

266 1432 423 1482 domo,
448 1439 492 1471 et
515 1432 657 1471 nobili
679 1443 811 1482 sane,
839 1432 1040 1483 quinque
1061 1431 1300 1482 religionis
1322 1430 1485 1482 jugum
1513 1430 1666 1469 subire
1693 1430 1817 1480 apud
1849 1442 1898 1469 se

265 1503 527 1552 statuerint;
547 1503 717 1542 multae
735 1503 855 1542 aliae
876 1504 1057 1554 puellae
1077 1502 1302 1542 tenuioris
1319 1502 1532 1541 fortunae
1549 1500 1646 1551 jam
1666 1501 1712 1541 id
1734 1501 1894 1540 subiis-

265 1580 388 1621 sent,
412 1574 451 1613 si
471 1585 554 1624 per
574 1573 823 1613 facultates
843 1574 1065 1613 licuisset.
1089 1573 1262 1623 Magna
1284 1572 1508 1621 omnium,
1538 1571 1615 1622 qui
1643 1571 1897 1611 confessio·

268 1656 375 1684 nem
396 1645 863 1695 communionemque
885 1649 1138 1691 sectantur,
1162 1649 1231 1683 est
1254 1642 1530 1693 obedientia,
1554 1653 1726 1693 magna
1749 1642 1898 1682 chari-

267 1722 361 1765 tas,
387 1726 559 1765 magna
581 1716 778 1766 puritas.

344 1785 612 1825 Concursus
635 1786 680 1825 in
705 1786 1010 1825 concionibus
1026 1786 1214 1836 nostris,
1239 1785 1616 1825 concionatorem
1637 1784 1676 1824 si
1697 1789 1905 1834 spectes„

264 1867 367 1895 meo
393 1855 568 1907 judicio
597 1863 665 1895 est
703 1855 865 1907 major.
896 1855 1015 1895 Nam
1037 1857 1279 1907 templum,
1310 1856 1356 1895 in
1384 1867 1473 1906 quo
1502 1855 1553 1894 R.
1588 1855 1734 1894 Dnus.
1765 1853 1895 1893 Clau-

263 1927 365 1966 dius
388 1926 399 1944 ²
421 1927 693 1966 concionari
716 1933 1042 1977 consueverat,
1067 1934 1214 1966 totum
1236 1933 1492 1978 occupatur
1512 1937 1598 1965 nec
1620 1922 1894 1975 vulgaribus

262 1998 488 2048 personis.
513 1997 699 2037 Adsunt
722 2010 887 2037 currus
908 2010 1021 2049 prae
1041 1997 1238 2047 foribus,
1272 1998 1349 2048 qui
1376 1997 1510 2036 facile
1543 1995 1900 2043 admirationem

263 2068 537 2108 excitarent.
563 2067 661 2108 Soli
684 2069 883 2120 sapienti
905 2075 948 2108 et
969 2068 1220 2108 immortali
1248 2068 1347 2108 Deo
1371 2068 1522 2118 gloria
1549 2073 1592 2107 et
1622 2067 1784 2115 honor,
1819 2065 1897 2116 qui

263 2145 418 2179 mutos
439 2139 549 2178 facit
574 2139 698 2190 loqui
719 2146 762 2179 et
785 2139 951 2179 surdos
973 2139 1148 2179 audire.

342 2209 445 2249 Non
467 2217 536 2249 est
559 2209 684 2261 quod
707 2210 762 2249 de
784 2209 1075 2261 professione
1103 2221 1207 2249 mea
1235 2210 1380 2249 verba
1409 2209 1600 2258 faciam,
1630 2219 1735 2247 curn
1763 2218 1892 2257 511116-

263 2281 464 2320 1101111115
498 2281 665 2320 11116115
700 2280 815 2320 Rev.
846 2280 895 2320 P.
925 2281 977 2320 T.
1018 2280 1383 2331 significaverim
1417 2291 1617 2330 quonam
1651 2284 1789 2330 pacto
1821 2289 1896 2317 res

264 2351 470 2391 cesserit.
496 2351 606 2401 Tot,
631 2358 763 2401 111110,
790 2357 902 2402 quot
925 2351 1140 2390 concioni
1162 2351 1415 2401 superioris
1437 2350 1545 2400 diei,
1570 2349 1701 2389 Beati
1729 2360 1893 2399 nempe

263 2422 507 2473 Stephani,
538 2421 610 2460 die
639 2433 838 2473 namque
866 2422 1059 2472 gloriosi
1089 2421 1282 2474 Joannis
1309 2420 1627 2471 evangelistae
1655 2419 1775 2459 edita
1805 2425 1888 2468 est,

263 2491 466 2540 adfuere3
483 2492 648 2542 paucis
666 2492 893 2542 siquidem
911 2492 995 2531 sub
1010 2492 1147 2531 finem
1163 2491 1400 2531 concionis
1417 2490 1728 2541 significatum
1744 2489 1893 2528 fuerat

263 2574 454 2613 precum
475 2563 862 2613 postulandarum
883 2563 1052 2613 gratia.
1079 2562 1241 2602 Adfuit
1261 2561 1375 2601 Rev.
1399 2561 1628 2600 Dominus
1657 2559 1841 2599 Rosseti
1862 2559 1890 2605 ⁵,

262 2633 456 2673 illustris
485 2632 714 2672 Dominus
750 2633 1020 2672 Alexander
1047 2631 1062 2650 ‘¹‘
1097 2644 1151 2671 ac
1187 2633 1394 2683 plerique
1429 2632 1507 2671 alii
1540 2643 1633 2671 non
1666 2630 1903 2681 ignobiles.

260 2703 400 2743 amici
421 2704 589 2753 nostri,
616 2704 703 2743 hoc
726 2712 815 2753 est,
841 2702 1101 2743 Societatis.
1124 2702 1216 2743 Illis
1245 2703 1404 2743 diebus
1435 2713 1628 2742 munera
1655 2701 1788 2741 varia
1818 2712 1892 2740 ne-

315 2863 324 2881 ¹
364 2862 483 2889 Verba
498 2863 583 2889 haec
600 2863 645 2889 ad
664 2863 773 2889 breve
791 2864 932 2896 tempus
947 2862 1142 2889 interseruit
1159 2869 1258 2889 manu
1272 2862 1411 2896 propria
1428 2862 1603 2889 Polaneus.

314 2909 328 2927 ²¹
366 2908 403 2934 P.
420 2908 579 2936 Claudius
595 2909 700 2943 Jajus.

314 2956 328 2975 ⁵
367 2956 398 2982 Is*
414 2956 475 2982 suit
492 2956 720 2983 Comaclensis
741 2956 940 2990 Episcopus,
954 2960 1073 2990 postea
1087 2956 1373 2990 Archiepiscopus
1388 2955 1628 2983 Fert-ariensis.

312 3003 327 3021 4
364 3003 562 3029 Alexander
578 3002 721 3031 Fieschi.
