1987 3260
887 188 920 224 A
932 199 968 224 x.
1000 187 1080 223 1531
1732 186 1802 222 261³

866 637 1111 689 LXXIV

248 866 291 902 Ρ.
314 866 611 913 Hieronymus
632 865 795 902 Natalis

293 931 413 968 Patri
430 930 599 978 Ignatio
620 931 673 967 de
691 929 874 978 Loyola.

339 995 555 1039 Messana,
576 1003 598 1029 o
617 995 814 1041 Januarii
834 994 921 1030 1551
945 995 969 1029 ¹.

975 1181 1005 1216 Τ

252 1345 415 1383 Gratia
443 1353 486 1384 et
514 1356 607 1395 pax
637 1344 693 1383 D.
724 1343 777 1383 N.
809 1344 919 1396 Jesu
954 1343 1060 1394 Xpi.
1091 1344 1149 1383 sit
1183 1355 1388 1394 semper,
1428 1341 1725 1381 confirmetur
1759 1349 1803 1381 et

173 1422 402 1465 augeatur
423 1415 469 1454 in
491 1415 707 1454 cordibus
728 1414 915 1454 nostris.
938 1413 1104 1453 Amen.

255 1486 443 1526 Gratias
465 1496 555 1536 ago
576 1485 676 1525 Deo
699 1491 743 1525 et
762 1484 890 1525 Patri
910 1483 983 1524 DJ
1010 1484 1069 1524 n.i
1095 1485 1204 1538 Jesu
1225 1484 1398 1525 Christi
1420 1484 1544 1535 quod
1564 1483 1713 1522 dulcis
1734 1488 1802 1522 est

174 1557 306 1597 nobis
327 1568 509 1608 semper
530 1556 720 1607 spiritus
741 1562 932 1595 sanctae
954 1555 1258 1596 obedientiae.
1283 1554 1399 1595 Illud
1420 1561 1577 1594 tamen
1598 1554 1803 1594 animum

174 1635 384 1668 nostrum
405 1628 625 1676 solicitat,
650 1627 726 1667 ubi
746 1627 809 1667 4.0
830 1638 988 1666 mense
1009 1626 1307 1667 scribendum
1329 1632 1418 1676 est,
1450 1625 1573 1677 quod
1600 1635 1801 1676 quoquo-

176 1710 337 1738 versus
358 1699 519 1738 oculos
538 1697 767 1749 injicimus
784 1703 922 1749 atque
938 1704 1124 1737 nostras
1141 1697 1348 1737 actiones
1369 1695 1800 1744 animadvertimus,

171 1770 281 1822 Jesu
302 1769 443 1819 bone,
471 1775 696 1820 quantum
719 1769 915 1808 inertiae
937 1774 1025 1817 est,
1050 1773 1273 1819 quantum
1294 1766 1631 1807 somnolentiae
1652 1772 1696 1806 et
1717 1772 1801 1805 ste-

172 1840 357 1880 rilitatis
378 1840 569 1891 ubique!
594 1840 753 1891 Itaque
774 1839 916 1890 pudet
938 1851 1043 1889 nOS,
1067 1839 1206 1879 Pater
1233 1839 1279 1878 in
1305 1838 1390 1878 Χ.Ο
1413 1838 1523 1891 Jesu
1554 1837 1803 1877 observan-

172 1912 304 1951 diss.‘²-
329 1943 335 1958 ,
366 1911 528 1962 pudet,
556 1911 766 1962 inquam,
796 1911 922 1950 vitae
952 1916 1162 1958 nostrae,
1193 1922 1249 1949 ac
1277 1909 1417 1950 nichil
1451 1915 1520 1949 est
1555 1907 1680 1948 aliud
1708 1907 1802 1947 fere

172 1981 293 2033 quod
315 1983 578 2022 consoletur
601 1987 812 2021 nostrum
841 1981 993 2020 bonae
1023 1981 1279 2020 voluntatis
1310 1980 1535 2030 animum,
1566 1979 1655 2018 nisi
1681 1977 1804 2029 quod

171 2064 253 2103 spe
274 2052 477 2092 melioris
497 2052 676 2092 fructus
698 2052 744 2091 in
770 2051 956 2091 Christo
984 2051 1238 2102 superioris
1265 2051 1489 2102 temporis
1519 2049 1802 2100 poenitentia

171 2123 452 2163 desiderium
473 2129 683 2162 nostrum
706 2122 911 2172 exacuit,
937 2128 1075 2173 atque
1096 2121 1389 2173 propositum
1414 2121 1540 2161 vitae
1568 2120 1709 2160 totius
1740 2119 1800 2159 in-

171 2195 419 2234 novandae
440 2194 670 2233 accendit.

250 2264 326 2305 Ad
348 2265 534 2304 scholas
556 2270 741 2304 nostras
761 2264 858 2304 fere
875 2264 1018 2304 nichil
1034 2269 1118 2313 est,
1144 2264 1266 2315 quod
1283 2264 1355 2303 his
1376 2263 1402 2302 4
1421 2263 1656 2303 mensibus
1672 2272 1803 2313 prae-

173 2344 243 2376 ter
277 2336 568 2387 superiorum
603 2342 864 2386 temporum
895 2335 1278 2375 consuetudinem
1299 2333 1573 2384 accesserit,
1598 2339 1801 2384 praeter-

173 2418 311 2458 quam
334 2406 455 2457 quod
477 2406 522 2445 in
544 2412 712 2457 quarta
733 2407 902 2456 classe,
933 2406 979 2445 in
1010 2417 1100 2457 qua
1128 2411 1408 2446 enarrantur
1434 2405 1616 2445 litterae
1645 2403 1803 2444 huma-

172 2478 351 2524 niores,
375 2477 591 2517 constitui
615 2484 663 2516 ut
684 2487 857 2527 graeca
879 2476 1034 2516 latinis
1055 2476 1463 2528 conjungerentur.
1488 2476 1647 2527 Itaque
1668 2486 1803 2515 enar-

173 2554 246 2588 rat
273 2548 496 2597 magister
519 2547 721 2587 Annibal
741 2547 755 2565 ²
783 2547 1038 2587 Homerum
1066 2554 1110 2586 et
1137 2547 1410 2598 Virgilium,
1440 2545 1803 2597 Aristophanem

174 2626 218 2658 et
239 2618 290 2658 T.
314 2619 514 2668 Livium,
540 2618 732 2658 alternis
753 2618 913 2658 diebus
933 2618 1080 2667 binos,
1102 2629 1273 2669 magna
1291 2629 1398 2658 cum
1414 2618 1612 2658 utilitate
1630 2616 1804 2657 audito-

173 2700 289 2729 rum.
308 2688 472 2729 Studia
491 2697 644 2729 autem
663 2689 817 2728 omnia
833 2689 1030 2729 feliciter
1046 2695 1090 2728 et
1111 2689 1401 2729 auditoribus
1418 2688 1588 2728 cedunt
1610 2693 1654 2728 et
1674 2699 1803 2739 prae-

174 2761 454 2811 ceptoribus.
479 2760 801 2799 ‹Qmserx-antur
823 2760 1183 2800 consuetudines
1205 2760 1324 2811 piae,
1344 2758 1439 2810 jam
1463 2759 1567 2799 inde
1589 2770 1616 2798 a
1637 2758 1803 2809 princi-

230 2943 238 2962 ¹
280 2943 440 2971 Historia
457 2945 571 2975 ῖάνιίι,
589 2945 652 2970 vol.
669 2951 689 2977 1,
706 2944 762 2971 sol.
779 2944 906 2971 201-203.

230 2991 242 3008 ··’
282 2991 429 3018 Annibal
446 2991 680 3019 d‹:('011<l1·1‘·io.
