1987 3260
902 183 984 220 AN.
1016 181 1107 220 1552
1746 182 1817 219 733

191 283 403 322 statuerit
432 282 641 333 generali
667 280 810 321 totius
835 280 961 320 vitae
994 278 1288 319 confessione
1316 288 1448 317 suam
1482 278 1817 319 conscientiam

192 363 461 404 repurgare.
484 351 613 392 Illam
643 363 756 391 vero
784 349 1124 391 confessionem
1149 347 1322 388 nemini
1348 348 1482 388 alteri
1506 359 1555 387 se
1583 347 1817 388 facturum

193 423 256 463 ait
280 433 419 475 quam
440 422 567 462 Patri
587 421 843 462 Victoriae.

271 492 320 533 Ρ.
343 493 562 533 Nicolaus
582 492 780 544 Lannoy
802 492 1088 543 singularem
1108 490 1230 542 gerit
1251 501 1413 530 curam
1434 489 1748 540 infirmorum,
1773 490 1820 530 in

194 563 420 615 hospitale
442 563 835 612 decumbentium,
858 567 902 602 et
923 562 1119 602 aliorum
1147 571 1330 612 quoque
1351 571 1609 612 pauperum
1639 560 1744 600 aliis
1774 560 1821 600 in

193 633 305 674 locis
326 633 401 673 hic
422 634 827 674 commorantium.
853 632 1061 683 Quorum
1082 631 1309 683 appellari
1328 636 1463 682 pater
1484 631 1657 682 optime
1678 642 1821 671 mere—

194 713 280 744 tur.
305 704 425 744 Nam
444 704 551 744 licet
572 703 845 743 satisfacere
865 702 1081 743 videatur
1097 713 1181 742 suo
1200 701 1365 751 officio,
1386 701 1494 741 dum
1513 713 1632 752 quae
1649 701 1708 741 ad
1726 702 1820 741 ani-

194 787 296 815 mae
330 776 537 827 ipsorum
570 775 767 814 salutem
800 773 1068 814 necessaria
1103 777 1208 812 sunt
1237 771 1590 822 diligentissime
1630 770 1822 812 admini-

162 831 167 844 Ὺ
194 852 325 897 strat,
349 846 436 886 sibi
458 846 546 897 ipsi
569 851 723 885 tamen
744 844 931 884 minime
952 843 1203 893 satisfacit,
1226 842 1316 882 nisi
1336 848 1381 882 et
1407 853 1608 894 corpora
1639 842 1822 882 illorum

195 923 338 957 curet.
362 916 531 956 Milites
553 915 631 965 illi,
656 926 854 967 quorum
871 914 1083 966 superius
1099 913 1187 953 feci
1204 912 1499 963 mentionem,
1519 913 1736 965 quamvis
1757 912 1823 952 sic

194 988 346 1028 affecti
367 999 425 1027 ex
445 986 691 1037 Hungaria
713 985 803 1025 huc
823 985 1036 1025 venirent
1064 990 1113 1024 ut
1142 985 1217 1025 vel
1243 995 1410 1024 saxum
1438 984 1498 1024 ad
1526 984 1825 1024 commisera-

196 1060 367 1099 tionem
388 1059 663 1107 excitarent,
686 1057 899 1097 homines
918 1062 1074 1096 tamen
1094 1067 1152 1096 ne
1169 1055 1402 1096 tantillum
1419 1054 1606 1107 quidem
1623 1066 1825 1095 commo-

195 1141 305 1170 vere
325 1134 589 1181 potuerunt.
613 1128 716 1168 Non
738 1129 887 1167 solum
916 1127 1038 1167 enim
1067 1127 1180 1167 nihil
1208 1127 1488 1166 invenerunt
1514 1126 1588 1166 hic
1615 1126 1823 1175 subsidii,

194 1200 318 1253 quod
339 1206 492 1240 tamen
515 1199 787 1250 sperabant,
811 1197 1162 1249 recuperandae
1185 1197 1394 1249 sanitati,
1419 1209 1583 1238 verum
1611 1198 1753 1238 etiam
1781 1198 1827 1237 in

196 1272 399 1312 deterius
422 1271 546 1311 omni
568 1282 625 1309 ex
646 1275 778 1321 parte
806 1269 883 1309 illa
909 1269 1162 1320 urgebatur
1189 1275 1233 1308 et
1253 1268 1631 1320 protrudebatur.
1660 1268 1828 1308 Laceri

198 1350 329 1383 erant
350 1348 394 1383 et
421 1342 484 1382 ita
511 1340 621 1381 nudi
648 1340 836 1391 quidam
862 1346 912 1380 ut
937 1346 1094 1390 partes
1121 1340 1223 1379 illas
1251 1339 1485 1391 corporis,
1515 1351 1631 1390 quas
1659 1345 1829 1379 natura

198 1414 342 1454 voluit
366 1413 527 1461 velari,
551 1412 633 1452 vix
654 1412 956 1451 occultarent.
986 1409 1133 1450 Nemo
1165 1416 1321 1450 tamen
1348 1410 1423 1450 Vel
1453 1411 1659 1462 palmum
1687 1411 1827 1461 panni

199 1484 453 1525 obtulisset.
476 1483 630 1523 Nimia
652 1482 806 1522 inedia
829 1487 961 1521 erant
982 1481 1097 1521 adeo
1119 1481 1355 1531 exhausti,
1379 1487 1428 1521 ut
1453 1493 1566 1532 prae
1594 1480 1830 1521 debilitate

202 1557 247 1596 in
280 1555 444 1607 plateis
479 1553 728 1606 aliquando
756 1553 924 1593 misere
953 1553 1334 1604 procumberent3
1362 1552 1649 1603 pereundum
1678 1551 1831 1592 adhuc

202 1627 323 1667 fame
343 1626 577 1667 nonnullis
599 1625 698 1665 fuit.
722 1624 924 1664 Tantum
946 1624 1076 1664 abest
1102 1629 1151 1663 ut
1180 1623 1425 1675 quisquam
1449 1628 1607 1662 tantae
1632 1623 1831 1663 necessi—

203 1698 286 1737 tati
307 1696 616 1737 succurreret!
640 1695 776 1736 Lassi
797 1701 841 1735 et
862 1694 1116 1734 imbecilles
1137 1694 1203 1734 sic
1221 1699 1368 1744 erant,
1387 1700 1436 1733 ut
1454 1694 1535 1733 vix
1553 1705 1722 1745 corpus
1739 1705 1832 1733 mo-

204 1780 312 1808 vere
334 1775 540 1820 possent;
564 1775 611 1807 at
631 1767 714 1807 vix
737 1767 955 1807 inventus
976 1766 1073 1815 fuit,
1098 1765 1175 1817 qui
1196 1765 1462 1804 rarissimas
1494 1765 1653 1815 paleas
1681 1763 1832 1804 nudae

204 1840 342 1879 humo
364 1844 748 1889 supersterneret.
778 1838 913 1877 Hanc
943 1837 1126 1877 illorum
1157 1835 1472 1875 calamitatem
1504 1841 1547 1875 et
1575 1841 1833 1875 extremam

204 1910 530 1950 necessitatem
566 1920 670 1948 cum
697 1908 860 1948 diebus
888 1907 1062 1958 aliquot
1083 1906 1264 1946 videret
1293 1905 1341 1945 P.
1372 1907 1570 1957 Lannoy
1599 1918 1623 1946 a
1652 1906 1834 1946 nemine

205 1980 453 2030 sublevari,
477 1979 671 2031 putabat
693 1978 735 2018 id
759 1978 938 2029 negotii
960 1990 986 2018 a
1013 1977 1199 2018 Christo
1229 1977 1316 2017 sibi
1347 1977 1449 2016 dari
1478 1983 1526 2016 ut
1554 1977 1837 2028 pauperibus

206 2052 293 2091 illis
317 2051 411 2091 suis
434 2062 570 2101 opem
592 2049 748 2089 ferret.
770 2049 935 2089 Effecit
958 2049 1127 2100 itaque,
1150 2054 1249 2088 tum
1270 2048 1392 2099 apud
1415 2048 1837 2099 eleemosynarium

207 2121 542 2162 Serenissimae
576 2120 786 2171 Reginae
816 2119 1152 2169 Bohemorum,
1183 2125 1279 2158 tum
1309 2118 1431 2169 apud
1465 2118 1581 2158 alios
1611 2118 1838 2169 quosdam

208 2193 308 2244 pios
328 2192 554 2242 homines,
578 2197 627 2231 ut
651 2191 796 2241 cibos,
819 2197 989 2240 vestes,
1012 2191 1173 2240 lectos,
1193 2196 1416 2240 quantum
1435 2189 1549 2229 satis
1568 2194 1712 2240 esset,
1732 2195 1777 2229 et
1793 2189 1840 2228 hi

210 2264 392 2307 milites.
418 2269 463 2302 et
484 2263 560 2302 alii
583 2274 765 2313 quoque
792 2273 1042 2313 pauperes,
1077 2261 1153 2312 qui
1182 2261 1255 2300 his
1284 2260 1422 2300 rebus
1451 2259 1661 2300 destituti
1688 2267 1837 2309 erant,

211 2335 448 2375 haberent.

290 2405 334 2446 A
354 2404 638 2457 pauperibus
662 2404 719 2443 ad
741 2404 897 2443 aulam
919 2408 1144 2444 revertor.
1170 2401 1480 2442 Serenissima
1497 2401 1679 2452 Regina
1695 2401 1841 2441 Bohe-

213 2477 331 2516 miae
355 2477 468 2515 solet
491 2488 539 2515 se
561 2474 808 2525 diligenter
829 2480 873 2514 et
894 2486 952 2513 ex
973 2474 1127 2514 animo
1157 2473 1487 2513 commendare
1518 2473 1736 2523 precibus
1763 2484 1841 2512 no-

212 2554 430 2597 strorum,
456 2546 637 2598 quoties
658 2546 731 2585 vel
754 2544 1033 2584 infirmitatis
1055 2543 1228 2595 aliquid
1248 2544 1440 2594 patitur,
1464 2543 1541 2582 vel
1561 2543 1680 2582 aliae
1701 2543 1843 2582 etiarn

215 2629 408 2667 causae,
433 2618 479 2657 in
506 2616 672 2668 quibus
700 2616 908 2656 divinum
941 2615 999 2655 sit
1026 2614 1369 2666 implorandum
1397 2613 1643 2664 auxilium,
1672 2613 1844 2654 fuerint

220 2689 426 2728 obortae.
464 2687 694 2738 Tempore
730 2692 893 2737 partus
925 2686 1091 2726 devote
1125 2685 1289 2725 orabat
1316 2690 1364 2724 ut
1391 2684 1451 2724 ad
1479 2684 1845 2735 sesquimensem

216 2764 415 2809 quatuor
437 2756 643 2809 quotidie
665 2768 802 2797 sacra
823 2768 850 2796 a
871 2756 1042 2796 nostris
1062 2756 1277 2795 Patribus
1308 2766 1392 2806 pro
1421 2766 1470 2794 se
1499 2754 1675 2794 fierent.
1710 2755 1843 2805 Quod

216 2829 462 2879 diligenter
496 2834 708 2868 curatum
739 2834 821 2877 est,
856 2827 1102 2878 omniaque
1132 2838 1355 2878 prospere
1388 2832 1732 2866 successerunt.
1763 2827 1846 2866 Est

220 2900 356 2939 valde
377 2899 602 2939 benevolo
623 2898 1078 2950 propensissimoque
1101 2897 1279 2947 animo,
1304 2907 1409 2936 cum
1437 2908 1552 2946 erga
1581 2896 1670 2937 hoc
1698 2897 1846 2938 Colle-

218 2971 360 3021 gium,
385 2976 481 3010 turn
503 2981 614 3017 erga
638 2976 783 3009 totam
804 2968 1100 3019 Societatem,
1125 2978 1409 3020 operamque
1440 2978 1573 3007 suam
1602 2968 1848 3018 pollicetur
