1987 3260
626 631 767 699 AD
812 626 1379 699 LECTOREM

272 1080 408 1120 Anno
434 1077 554 1123 1540,
579 1088 668 1128 quo
690 1087 771 1127 per
792 1075 980 1115 diversa
1008 1074 1166 1114 Italiae
1195 1074 1319 1119 loca,
1344 1071 1402 1111 ad
1425 1072 1610 1111 vineam
1630 1070 1818 1110 Domini

190 1154 514 1202 excolendam,
563 1152 767 1204 dispersi.
805 1158 911 1191 sunt
958 1150 1207 1191 Societatis
1245 1161 1299 1188 eo
1337 1155 1546 1199 tempore
1583 1146 1819 1187 nascentis

193 1234 374 1282 Patres,
406 1231 495 1270 hoc
522 1231 588 1270 eis
618 1230 736 1269 inter
766 1228 856 1268 alia
889 1240 915 1268 a
946 1227 1196 1279 Superiore
1230 1237 1313 1266 suo
1348 1225 1530 1277 Ignatio
1564 1224 1820 1276 inJ'unctum

188 1316 257 1350 est
274 1342 280 1357 ,
305 1315 353 1348 ut
373 1308 572 1348 Romam
592 1307 788 1357 singulis
805 1305 1172 1345 hebdomadibus
1188 1304 1368 1343 litteras
1385 1303 1635 1352 mitterent,
1653 1301 1700 1341 in
1723 1302 1816 1352 qui-

191 1388 275 1427 bus
296 1386 406 1438 quid
427 1397 508 1437 per
530 1396 609 1425 eos
630 1384 858 1424 Dominus
885 1388 1090 1433 gereret,
1122 1381 1327 1421 breviter
1355 1380 1436 1420 sed
1463 1379 1663 1419 dilucide
1690 1390 1820 1418 enar-

194 1470 351 1504 rarent
374 1463 510 1513 (Vide
537 1462 706 1501 Cartas
724 1472 757 1511 y
780 1464 913 1500 οἰνος
950 1459 1149 1499 escrz'tos
1175 1457 1249 1497 del
1276 1457 1334 1497 B.
1365 1457 1529 1496 Padre
1550 1456 1709 1495 Pedro
1731 1455 1820 1495 Fa-

192 1543 296 1587 hro,
334 1540 539 1593 passim).
577 1539 754 1579 Verum
791 1544 929 1577 aucto
964 1535 1209 1577 Sociorum
1247 1546 1462 1584 numero,
1483 1533 1580 1585 *qui
1613 1545 1707 1573 non
1740 1543 1821 1583 per

194 1619 352 1659 Italiae
375 1618 544 1667 solum,
568 1615 648 1655 sed
670 1615 810 1655 etiam
832 1613 1127 1663 Germaniae,
1151 1611 1415 1660 Flandriae‚
1440 1610 1635 1660 Galliae,
1658 1609 1821 1660 Hispa-

194 1696 318 1745 niae,
351 1693 686 1744 Portugalliae,
719 1691 925 1737 Siciliae,
959 1691 1098 1730 immo
1130 1695 1173 1729 et
1208 1688 1398 1728 Africae
1433 1693 1476 1727 et
1511 1686 1668 1726 Indiae
1702 1687 1819 1736 loca,

195 1772 422 1823 dispertiti
457 1776 610 1820 erant,
648 1769 828 1809 difficile
864 1767 1114 1808 admodum
1143 1765 1352 1817 pluribus
1386 1764 1471 1804 fuit
1504 1769 1599 1804 tam
1634 1763 1824 1803 crebras

195 1849 398 1888 scribere
418 1849 599 1888 litteras
620 1858 791 1898 easque
814 1846 1011 1885 Romam
1032 1849 1207 1884 statuto
1229 1849 1437 1894 ternpore
1453 1841 1656 1891 mittere3
1681 1851 1823 1891 quare

194 1927 322 1977 prius
342 1932 644 1977 praeceptum
665 1923 944 1974 temperavit
965 1921 1194 1973 Ignatius‚
1222 1918 1388 1970 jubens
1417 1929 1598 1968 omneS,
1624 1917 1701 1970 qui
1721 1929 1822 1968 pro-

196 2004 459 2043 vinciarum
479 2003 554 2042 vel
567 2001 882 2052 collegiorum,
902 2000 977 2039 vel
991 1997 1412 2049 congregationum
1428 2005 1824 2046 quarumcumque

196 2080 457 2130 SocietatiS,
490 2091 608 2130 quae
631 2078 828 2118 duorum
856 2087 1099 2117 numerum
1127 2074 1395 2124 excederet,
1418 2072 1719 2124 Praepositos
1748 2071 1823 2110 vel

195 2157 433 2205 Rectores‚
452 2157 527 2196 vel
544 2167 834 2208 quocumque
852 2154 1038 2194 nomine
1057 2152 1344 2203 Superiores,
1365 2163 1444 2191 eos
1462 2150 1661 2202 quidem,
1681 2148 1757 2200 qui
1778 2148 1823 2188 in

198 2234 325 2274 Italia
347 2234 423 2273 vel
443 2233 615 2283 Sicilia,
637 2233 833 2283 singulis
857 2230 1181 2279 hebdomadis,
1206 2240 1286 2268 eos
1306 2239 1439 2277 vero,
1469 2227 1547 2278 qui
1566 2226 1612 2266 in
1633 2225 1822 2266 Germa-

197 2311 272 2350 nia
291 2344 298 2360 ,
321 2311 556 2361 Flandria,
582 2309 748 2359 Gallia,
773 2309 1001 2360 Hispania
1024 2319 1079 2347 ac
1100 2305 1411 2356 Portugallia,
1441 2303 1637 2354 singulis
1658 2302 1821 2342 mensi-

197 2388 302 2437 bus,
327 2398 408 2426 eos
430 2393 584 2427 autem
600 2387 676 2438 qui
695 2387 739 2426 in
762 2384 1087 2425 remotissimis
1108 2383 1266 2423 Indiae
1282 2381 1552 2432 regionibus
1572 2379 1821 2419 versaban-

196 2471 291 2513 tur,
311 2464 505 2514 singulis
523 2463 655 2503 annis
672 2475 754 2514 per
771 2475 820 2502 se
838 2463 913 2502 vel
934 2462 1053 2501 alios
1070 2493 1078 2510 ,
1102 2460 1299 2500 Romam
1316 2459 1375 2498 ad
1391 2457 1715 2509 Praepositum
1737 2456 1820 2495 Ge-

196 2541 403 2580 neralem
429 2541 654 2589 scribere,
685 2547 728 2579 et
760 2539 817 2579 ad
848 2540 1026 2579 litteras
1054 2535 1438 2577 transmittendas
1466 2533 1821 2574 convenientem

197 2629 359 2657 curam
378 2617 597 2657 adhibere
620 2617 823 2666 (Cartas
845 2616 900 2655 de
922 2616 1019 2655 San
1043 2614 1244 2665 Ignact'o
1259 2646 1270 2664 ,
1291 2620 1323 2653 t.
1346 2625 1396 2662 11,
1427 2623 1503 2663 pp.
1533 2610 1610 2650 207
1638 2616 1683 2650 et
1710 2608 1817 2658 4¹23);

197 2702 241 2734 et
264 2706 320 2734 ne
340 2694 428 2734 hoc
452 2706 569 2734 onus
590 2693 821 2734 scribendi
842 2704 990 2743 grave
1014 2691 1151 2731 nimis
1180 2689 1505 2742 Superioribus
1533 2687 1818 2733 redderetur,

198 2765 358 2805 statuit
381 2766 444 2814 (a.
472 2764 594 2813 1546>
616 2770 664 2804 ut
686 2764 785 2803 sive
808 2775 889 2815 per
917 2775 965 2803 se
987 2763 1086 2803 sive
1114 2773 1196 2813 per
1226 2761 1364 2811 alios,
1392 2759 1557 2811 quibus
1586 2758 1706 2797 hanc
1733 2756 1820 2806 ipsi

199 2841 492 2892 provinciam
513 2841 787 2889 tribuerent,
812 2839 1034 2891 quidquid
1056 2839 1118 2877 ad
1139 2835 1707 2888 aedficatz'onc’mfaceret
1728 2843 1821 2871 non

199 2918 394 2969 singulis
433 2924 510 2957 aut
550 2917 917 2957 hebdomadibus
955 2921 1033 2956 aut
1072 2914 1307 2954 mensibus
1342 2912 1621 2998 scriberent,
1660 2908 1740 2948 sed
1775 2908 1820 2947 in

1575 3008 1701 3070 w.
