1987 3260
853 184 935 220 Ax.
968 185 1053 221 1551
1695 186 1766 222 267

138 291 299 321 earum
320 281 561 321 consilium
583 281 844 331 probemus.
864 281 929 321 Ita
951 281 998 321 fit
1019 280 1115 320 sere
1131 286 1179 320 ut
1197 280 1308 319 victi
1330 280 1470 319 etiam
1492 280 1578 331 ipsi
1600 292 1760 331 paren-

142 357 211 390 tes
232 362 392 391 earum
413 351 554 391 animi
576 352 867 403 propositum
887 351 995 392 boni
1015 352 1272 391 consulant.

219 420 382 461 Mulier
414 433 526 471 una,
557 421 602 461 14
631 434 778 462 annos
810 434 836 461 a
867 422 1090 462 daemone
1114 421 1319 469 obsessa,
1351 421 1548 461 liberata
1578 427 1670 469 est,
1708 432 1762 460 ac

138 504 312 544 magna
333 493 579 533 devotione
602 500 644 533 et
666 493 856 545 spiritus
884 494 1095 534 libertate
1121 492 1323 532 Domino
1352 492 1618 532 famulatur.
1649 491 1762 531 Item

138 564 244 613 alia,
268 575 406 614 quam
429 563 639 604 diabolus
659 565 684 604 3
704 576 854 604 annos
884 565 1144 604 obsederat.
1167 562 1262 603 Nec
1282 563 1470 612 mirum;
1494 563 1612 602 haec
1641 562 1763 602 enim

138 634 267 684 regio
290 634 335 674 in
365 635 487 674 valle
515 635 794 675 daemonum
821 636 932 685 sita,
963 640 1007 675 et
1034 634 1303 686 plenissima
1331 633 1610 673 daemonum
1637 638 1706 673 est
1735 631 1761 670 ¹.

138 704 266 755 Opus
286 712 528 755 praeterea
550 706 713 746 obtulit
734 706 866 746 nobis
886 705 1114 746 Dominus
1134 704 1360 756 proximis
1382 704 1562 753 diebus,
1588 703 1643 744 de
1673 715 1763 754 quo

137 787 193 815 ne
216 776 261 815 in
282 787 453 826 genere
474 777 659 827 quidem
679 777 882 817 scribere
903 777 1028 826 licet3
1050 776 1251 816 fructum
1272 780 1451 815 tantum
1473 773 1572 825 ejus
1593 774 1760 823 dicam;

138 845 365 897 ejusmodi
386 847 509 887 enim
531 854 613 898 est,
637 859 726 898 quo
748 848 916 887 caedes
937 848 959 886 7
986 847 1245 896 hominum,
1275 845 1449 886 furtum
1476 856 1590 885 vero
1620 846 1762 896 pessi-

140 929 266 957 mum
291 917 338 957 15
359 925 438 958 aut
459 917 511 958 20
530 918 722 958 millium
745 930 993 958 aureorum
1014 918 1201 958 vitatur.

217 988 318 1028 Hoc
341 1000 462 1029 anno
485 1000 657 1040 magna
679 995 748 1029 est
771 1001 984 1029 annonae
1012 988 1184 1029 caritas
1211 989 1258 1028 in
1281 988 1370 1028 hac
1394 988 1565 1037 insula,
1592 987 1763 1038 alioqui

136 1059 441 1106 feracissima,
462 1065 506 1099 et
528 1071 756 1111 pauperes
773 1066 1031 1100 extremam
1048 1060 1287 1111 patiuntur
1304 1059 1523 1110 inopiam.
1537 1057 1763 1098 Dedimus

136 1142 328 1181 operam
349 1130 420 1170 his
441 1130 466 1169 4
485 1131 720 1170 mensibus
742 1137 790 1170 ut
808 1131 1133 1182 eleemosynae
1155 1131 1501 1181 colligerentur,
1524 1135 1622 1169 tum
1639 1141 1665 1169 a
1687 1140 1762 1180 pa-

136 1201 281 1240 tribus
305 1201 318 1219 ²
334 1200 501 1251 juratis
523 1209 619 1241 tum
641 1202 697 1241 ab
720 1202 845 1249 aliis,
870 1202 1035 1253 quibus
1057 1201 1244 1252 aliquod
1264 1200 1520 1241 subsidium
1548 1199 1761 1252 pauperi-

136 1272 221 1311 bus
242 1277 365 1311 esset
386 1279 617 1323 paratum.
642 1272 734 1312 Eas
750 1278 907 1312 tamen
928 1272 1249 1323 eleemosynas
1269 1283 1355 1311 nos
1374 1282 1469 1311 non
1490 1271 1762 1321 attingimus

136 1354 220 1381 nec
244 1341 585 1392 distribuimus,
611 1342 692 1382 sed
713 1353 815 1382 eam
846 1353 1007 1382 curam
1035 1353 1137 1381 esse
1162 1342 1394 1382 voluimus
1420 1341 1618 1381 duorum
1646 1340 1764 1380 Mes-

136 1413 424 1462 sanensium,
449 1414 526 1465 qui
548 1421 591 1453 et
613 1425 774 1453 omnes
794 1424 1023 1464 pauperes
1044 1424 1181 1453 nosse
1201 1413 1401 1464 possint,
1425 1418 1469 1452 et
1496 1418 1633 1452 vacet
1661 1411 1763 1451 illos

135 1483 403 1535 perquirere
428 1495 552 1531 inam
572 1485 869 1535 eleemosyna
890 1485 1040 1523 solum
1060 1483 1363 1535 pauperibus,
1394 1483 1558 1534 quibus
1579 1481 1764 1522 aliunde

133 1565 241 1605 spes
261 1555 387 1594 nulla
408 1561 498 1601 est,
524 1555 861 1606 dispensatur),
885 1560 929 1594 et
957 1555 1034 1606 qui
1064 1554 1236 1606 alioqui
1260 1554 1442 1606 publice
1472 1554 1657 1605 probati
1684 1553 1762 1593 ho-

136 1625 286 1664 mines
309 1625 553 1665 habentur.
578 1625 669 1665 Res
691 1632 759 1666 est
780 1632 825 1666 et
846 1625 955 1665 boni
975 1625 1174 1676 exempli
1196 1631 1239 1665 et
1261 1624 1439 1665 fructus
1460 1636 1553 1664 non
1573 1624 1761 1664 modici.

216 1696 266 1735 In
287 1695 581 1747 expeditione
602 1696 888 1748 Aphricana,
909 1708 1013 1736 cum
1030 1696 1128 1747 jam
1147 1695 1482 1748 Aphrodisium
1503 1707 1763 1747 expugnas-

134 1773 203 1806 set
223 1765 440 1817 Pro-rex,
463 1766 682 1807 Panormi
703 1775 913 1807 mortuus
933 1773 1003 1807 est
1023 1767 1142 1807 filius
1162 1767 1514 1819 primogenitus,
1538 1777 1684 1818 regno
1707 1767 1764 1807 ab

135 1849 188 1876 eo
210 1837 474 1888 praefectus
496 1838 777 1878 discedente.
801 1837 979 1878 Placuit
996 1837 1165 1890 juratis
1195 1850 1250 1878 ac
1277 1838 1457 1878 civitati
1486 1844 1535 1878 ut
1561 1848 1650 1888 ego
1679 1849 1764 1877 suo

134 1908 319 1948 nomine
348 1908 621 1959 Pro-regem
650 1910 867 1949 viserem.
897 1908 1138 1962 Jucundus
1163 1909 1205 1949 ei
1234 1909 1320 1949 fuit
1350 1909 1582 1949 adventus
1615 1919 1762 1949 meus.

133 1978 294 2030 Itaque
315 1990 421 2018 cum
438 1977 580 2029 jurati
600 1979 626 2019 5
645 1979 691 2019 in
723 1980 862 2019 exilio
885 1986 1053 2029 essent,
1077 1979 1214 2019 trium
1238 1979 1423 2031 quidem
1442 1979 1766 2019 liberationem

134 2060 222 2099 ego
243 2049 505 2100 impetravi,
525 2050 720 2090 duorum
742 2050 1153 2090 commutationem
1174 2050 1314 2100 exilii,
1334 2056 1383 2089 ut
1404 2051 1541 2100 longe
1563 2061 1764 2089 commo-

135 2120 237 2160 dius
258 2120 522 2160 habitarent
550 2129 593 2160 et
619 2121 810 2172 propius
839 2120 1123 2167 Messanam,
1151 2121 1273 2172 quod
1302 2121 1481 2160 civitati
1509 2127 1552 2160 et
1582 2121 1764 2171 publice

135 2197 178 2230 et
199 2191 419 2241 privatim
440 2197 714 2242 pergratum
733 2191 831 2231 fuit.

216 2260 462 2302 Societatis
483 2262 529 2301 in
550 2262 638 2302 hac
661 2262 849 2302 civitate
870 2269 999 2303 tanta
1020 2270 1089 2302 est
1120 2263 1402 2303 existimatio
1433 2268 1477 2302 et
1505 2262 1764 2302 authoritas

136 2332 181 2371 in
203 2332 282 2372 X.0
304 2332 436 2385 Jesu,
460 2339 508 2372 ut
534 2333 630 2373 fere
661 2334 836 2384 omnia,
869 2345 988 2385 quae
1014 2334 1074 2374 ad
1101 2334 1434 2374 conscientiam
1463 2334 1659 2373 attinent
1688 2334 1765 2373 vel

136 2403 363 2454 spiritum,
388 2403 447 2443 ad
466 2415 552 2443 nos
568 2403 844 2455 referantur;
864 2404 1235 2456 frequentissime
1251 2405 1375 2444 enim
1392 2404 1447 2444 de
1464 2404 1610 2444 variis
1627 2404 1764 2444 rebus

134 2474 434 2524 consulimur,
474 2474 609 2525 idque
638 2475 774 2525 adeo,
807 2482 856 2515 ut
890 2482 1051 2515 nostra
1086 2476 1174 2515 hac
1201 2475 1484 2516 authoritate
1513 2475 1765 2515 abutantur

136 2545 362 2589 nonnulli,
388 2545 425 2584 si
448 2545 558 2596 quid
579 2545 723 2585 velint
745 2545 1022 2586 confirmare
1044 2547 1117 2585 vel
1139 2558 1381 2586 excusare.
1414 2545 1598 2586 Accidit
1625 2546 1765 2585 etiam

191 2750 199 2768 ¹
239 2750 349 2782 “Quod
365 2757 477 2778 autem
492 2751 531 2778 de
548 2752 663 2778 multis
678 2752 823 2779 obsessis
847 2759 867 2779 a
891 2752 1053 2779 daemone
1077 2752 1230 2786 superius
1256 2753 1347 2780 facta
1368 2752 1412 2780 sit
1436 2753 1570 2784 mentio.
1585 2753 1693 2780 minus
1708 2753 1765 2780 rni-

136 2796 277 2824 randum
301 2797 439 2825 Rectori
463 2797 603 2831 Collegii
627 2798 853 2826 messanensis
868 2799 1060 2833 videbatur,
1077 2806 1153 2828 cum
1173 2799 1330 2827 Messana
1345 2800 1377 2827 in
1393 2801 1483 2827 valle
1498 2821 1503 2833 ,
1522 2800 1573 2827 cui
1588 2799 1765 2827 Daemona

137 2850 266 2878 nomen,
281 2845 347 2871 sita
361 2845 416 2878 sit,
432 2852 491 2873 nec
506 2846 623 2880 procul
638 2846 680 2872 ab
696 2846 807 2879 aliquo
822 2853 878 2873 ore
891 2846 1024 2879 inferni,
1040 2850 1138 2880 prout
1154 2845 1355 2874 Sanctorum
1369 2847 1475 2881 aliqui
1488 2854 1630 2881 magnae
1647 2850 1762 2874 aucto—

136 2890 249 2918 ritatis
263 2897 511 2926 asseruerunt.„
527 2893 712 2923 PoLANcus.
732 2892 864 2926 Clzron„
880 2898 902 2921 t.
918 2901 950 2927 ιι,
968 2901 1046 2928 pag.
1062 2894 1124 2927 543,
1141 2901 1218 2921 ann.
1235 2894 1319 2927 1552,
1335 2902 1365 2921 n.
1380 2894 1442 2922 312.

191 2938 204 2956 '-'
241 2938 488 2967 Abbreviatum
505 2941 705 2967 vocabulum
728 2944 778 2967 cst
795 2941 826 2968 in
847 2948 923 2967 mss.
942 2941 1003 2967 hoc
1020 2941 1115 2968 modo
1129 2941 1272 2975 prmus,
1287 2941 1373 2975 quod
1395 2941 1463 2969 fere
1479 2949 1610 2976 semper
1625 2949 1686 2976 pro
1699 2945 1764 2976 pa-

143 2986 257 3011 tribus
271 2990 332 3013 est.
