1987 3260
254 177 326 214 335
768 174 992 211 LITTERAE
1019 184 1373 216 QUADRmEsTREs

254 272 379 312 modi
405 270 807 311 exhortationibus
837 270 896 309 ad
922 270 1167 321 patienter,
1191 276 1236 309 et
1257 276 1446 321 propter
1469 270 1643 310 Christi
1673 281 1880 310 amorem

265 343 475 390 libenter,
498 341 740 381 ferendam
763 340 1104 391 aegritudinem
1127 340 1557 381 animadvertimus.

335 413 594 453 Dominicis
616 418 661 451 et
682 411 863 450 festivis
885 411 1045 450 diebus
1067 411 1126 450 ad
1147 412 1521 451 communionem
1540 423 1634 451 non
1655 411 1814 462 pauci,
1838 417 1882 450 et

260 485 380 523 inter
401 495 480 523 eos
502 483 643 533 aliqui
664 494 722 521 ex
743 482 1061 532 nobilioribus,
1085 482 1145 521 ad
1164 487 1374 522 nostram
1406 482 1652 522 ecclesiam
1673 482 1880 521 veniunt.

255 553 506 606 Speramus
527 559 682 593 autem
703 551 852 603 majus
879 553 925 591 in
955 552 1053 592 dies
1081 552 1441 603 occupationum
1471 552 1780 603 spiritualium
1807 563 1882 591 au-

254 630 510 676 gmentum,
525 623 728 663 excitata
740 623 981 662 hominum
995 623 1242 663 devotione
1255 629 1352 662 tum
1364 622 1790 674 praedicationibus
1802 621 1865 662 Pa
1874 645 1884 649 -

257 695 341 734 tris
362 695 579 734 Andreae
600 694 776 741 Frusii‚
800 705 919 744 quae
942 693 1091 733 doctis
1113 705 1259 745 aeque
1280 699 1324 733 et
1346 693 1543 733 indoctis
1571 705 1652 743 per
1674 692 1762 732 Dei
1781 704 1885 743 gra-

259 765 372 804 tiam
408 764 588 803 abunde
622 763 938 814 satisfaciunt,
974 769 1072 803 tum
1099 764 1374 803 lectionibus
1410 763 1633 814 epistolae
1665 762 1797 802 Pauli
1829 764 1887 803 ad

258 834 495 875 Romanos
512 846 643 885 quae,
663 833 869 873 secunda
887 839 931 873 et
948 840 1114 885 quarta
1135 840 1179 874 et
1197 839 1330 874 sexta
1346 834 1478 884 feria,
1500 834 1556 873 ab
1575 833 1737 873 eodem
1752 832 1889 874 Patre

260 907 608 957 praeleguntur.

339 976 409 1015 Ex
435 976 542 1015 ludo
570 976 798 1015 litterario
828 982 871 1015 et
906 976 1088 1025 schola,
1127 986 1266 1025 quam
1295 975 1371 1015 hic
1401 981 1606 1015 statuere
1636 975 1887 1026 coepimus,

256 1052 535 1097 proventum
558 1046 698 1086 etiam
718 1046 851 1086 nobis
873 1046 1033 1086 divina
1055 1046 1241 1086 bonitas
1264 1046 1465 1086 ostendit
1481 1058 1574 1085 non
1591 1046 1888 1095 mediocrem,

257 1123 356 1156 tum
377 1117 423 1156 in
444 1117 741 1156 scholasticis
761 1116 888 1167 ipsis,
915 1122 1013 1156 tum
1033 1117 1080 1156 in
1101 1128 1263 1156 eorum
1283 1116 1569 1167 parentibuS,
1594 1116 1672 1167 qui
1692 1116 1891 1156 filiorum

259 1187 506 1227 occasione
538 1187 807 1238 frequentes
844 1187 1075 1226 intersunt
1101 1187 1556 1238 praedicationibus,
1587 1187 1645 1226 ad
1678 1186 1892 1238 Xpianae

259 1258 500 1298 doctrinae
536 1258 896 1309 explicationem
930 1257 1210 1309 perlibenter
1238 1258 1452 1308 veniunt,
1484 1258 1646 1297 crebro
1676 1257 1891 1297 confiten-

259 1334 348 1378 tur,
371 1328 460 1379 piis
482 1328 668 1375 demum
689 1328 906 1379 operibus
928 1328 1106 1368 solicite
1128 1340 1177 1368 se
1200 1334 1445 1379 occupant.

302 1434 305 1437 .
340 1398 517 1438 Nobilis
540 1396 728 1453 quidam
749 1405 945 1439 venetus
968 1405 1012 1438 et
1033 1399 1169 1439 bonis
1191 1399 1525 1449 temporalibus
1548 1398 1761 1448 affluens,
1791 1398 1890 1437 reli-

261 1469 348 1509 ctis
370 1470 605 1520 omnibus,
628 1468 913 1509 Societatem
940 1476 1149 1510 nostram
1177 1470 1356 1520 ingredi
1388 1470 1619 1516 decrevit3
1646 1474 1689 1508 et
1705 1468 1801 1519 jam
1830 1468 1892 1508 id-

262 1541 413 1591 ipsum
434 1550 571 1592 opere
593 1541 942 1592 complevisset,
967 1541 1007 1580 si
1028 1541 1247 1591 expedire
1269 1552 1317 1580 se
1339 1553 1365 1580 a
1392 1540 1592 1591 negotiis
1615 1540 1892 1591 quibusdam

262 1623 368 1651 cum
388 1611 610 1652 fratribus
633 1612 728 1651 suis
750 1612 977 1651 hactenus
1005 1611 1250 1662 potuisset,
1284 1617 1468 1662 praeter
1499 1611 1772 1650 humilitatis
1803 1610 1895 1650 exi-

263 1683 383 1722 miae
405 1682 599 1733 donum,
626 1683 813 1733 ingenio
835 1683 1027 1733 egregio
1050 1682 1123 1722 hic
1141 1681 1326 1733 juvenis
1350 1689 1393 1721 et
1420 1682 1479 1721 ad
1507 1681 1768 1721 doctrinam
1794 1692 1895 1732 pro-

263 1764 422 1803 pensO,
447 1753 707 1792 eruditione
729 1754 871 1793 etiam
894 1754 939 1792 in
959 1754 1129 1792 litteris
1150 1753 1500 1792 humanioribus
1523 1751 1747 1791 mediocri
1766 1763 1895 1802 prae-

264 1823 387 1863 ditus
409 1829 493 1863 est.

345 1893 554 1934 Societas
591 1895 819 1945 quaedam
854 1895 1035 1946 piorum
1065 1895 1326 1944 hominum,
1358 1895 1416 1934 ad
1444 1906 1576 1933 suam
1605 1892 1824 1945 cujusque
1854 1900 1898 1933 et

266 1965 463 2004 aliorum
503 1966 699 2005 salutem
735 1966 1014 2016 juvandam,
1046 1971 1089 2005 et
1125 1965 1257 2016 quasi
1285 1977 1342 2004 eX
1372 1964 1519 2004 officio
1556 1965 1614 2004 ad
1648 1976 1818 2015 pueros
1853 1964 1898 2003 in

266 2036 438 2086 xpiana
461 2036 673 2076 doctrina
696 2036 989 2086 erudiendos,
1015 2036 1090 2075 hic
1111 2036 1336 2086 instituta,
1362 2047 1388 2075 a
1414 2035 1552 2075 Patre
1573 2035 1764 2075 Andrea
1784 2034 1895 2074 Fru-

266 2106 335 2145 sio
356 2107 573 2156 precibus
594 2107 751 2146 multis
773 2106 1012 2147 contendit
1029 2112 1093 2157 ut,
1114 2106 1273 2146 diebus
1290 2105 1533 2145 dominicis
1555 2112 1598 2145 et
1620 2105 1814 2156 festivis,
1839 2104 1897 2144 ad

267 2176 453 2215 eosdem
472 2177 517 2216 in
535 2177 731 2216 docendi
749 2177 886 2217 modo
904 2176 1174 2228 dirigendos
1191 2182 1250 2227 et,
1274 2182 1378 2227 post
1399 2187 1648 2227 puerorum
1672 2175 1895 2215 dimissio—

267 2258 387 2296 nem,
413 2247 471 2286 ad
492 2248 656 2287 melius
678 2247 1007 2299 explicandam
1035 2248 1174 2287 sociis
1205 2248 1320 2298 ipsis
1352 2247 1546 2287 seorsim
1577 2247 1798 2297 xpianam
1820 2245 1896 2284 do-

268 2317 482 2367 ctrinam,
507 2318 730 2358 interesse
759 2319 891 2367 velit,
923 2330 1024 2358 sese
1059 2319 1184 2358 dicto
1214 2317 1454 2357 audientes
1482 2316 1582 2357 sore
1614 2318 1659 2356 in
1686 2317 1897 2356 omnibus

270 2388 555 2438 pollicentes.
581 2388 810 2439 Quoniam
831 2401 944 2429 vero
965 2388 1102 2429 Pater
1123 2388 1340 2429 Andreas
1360 2388 1554 2428 Frusius
1586 2387 1896 2438 occupationi-

272 2459 356 2497 bus
389 2459 688 2508 gravioribus
724 2459 968 2510 detinetur,
1006 2460 1119 2499 mihi
1145 2471 1199 2499 ea
1230 2459 1474 2509 provincia
1501 2458 1781 2498 demandata
1811 2465 1894 2504 est,

270 2529 348 2580 qui
370 2529 415 2567 in
436 2529 508 2568 die
528 2535 821 2579 pentecostes
843 2530 889 2569 id
910 2541 1076 2570 munus
1098 2541 1201 2569 sum
1221 2541 1489 2581 aggressus.
1514 2529 1703 2569 Utinam
1724 2528 1783 2567 ad
1811 2528 1898 2567 Dei

274 2600 498 2638 honorem
519 2599 565 2638 id
586 2601 807 2651 prosequi
828 2600 986 2640 divina
1008 2601 1191 2640 bonitas
1213 2601 1406 2640 tribuat!

352 2668 485 2708 Rmus
505 2670 710 2720 Legatus
731 2669 907 2710 Summi
928 2670 1164 2710 Pontificis
1185 2682 1327 2722 opera
1344 2670 1497 2710 Patris
1513 2669 1730 2709 Andreae
1746 2669 1783 2708 F
1787 2670 1900 2709 rusii

274 2739 319 2778 in
341 2739 418 2790 iis,
452 2751 570 2790 quae
601 2740 659 2780 ad
680 2752 816 2780 suum
837 2740 1035 2780 officium
1064 2741 1316 2791 pertinent,
1346 2741 1540 2780 libenter
1570 2740 1727 2779 utitur.
1759 2739 1899 2779 Hisce

274 2809 434 2849 diebus
456 2821 561 2849 cum
582 2810 638 2850 ab
660 2822 714 2850 eo
737 2811 993 2850 accersitus
1020 2810 1079 2849 ad
1106 2811 1333 2851 haeretici
1360 2809 1601 2861 cujusdam
1628 2810 1899 2861 resipiscen-

276 2880 334 2918 tis
355 2886 555 2919 mentem
576 2881 913 2932 explorandam
933 2882 1147 2931 longiora
1169 2893 1274 2921 cum
1295 2893 1349 2920 eo
1370 2881 1586 2920 misceret
1608 2880 1811 2931 eloquia,
1835 2880 1898 2919 sa-

275 2949 457 2989 tebatur
489 2951 563 2989 ille
598 2962 647 2990 se
683 2956 749 2990 tot
779 2962 925 2990 annos
952 2951 1239 3002 pertinacem
1268 2952 1313 2990 in
1341 2962 1498 2992 errore
1526 2961 1609 2990 suo
1639 2962 1732 2989 non
1758 2950 1898 2991 fuisse
