1987 3260
151 202 221 239 430
656 200 881 237 LITTERAE
909 211 1264 243 QUADRnuEsrREs

153 297 253 337 Deo
283 297 497 348 spiritum
527 297 747 346 reddidit,
779 296 841 335 ita
873 302 922 335 ut
950 307 1111 336 omnes
1145 297 1223 348 qui
1250 298 1377 337 illum
1410 299 1529 338 mori
1557 298 1775 339 Viderunt

152 367 362 408 Creatori
384 367 590 407 omnium
609 366 967 406 clementissimo
989 367 1168 417 gratias
1187 367 1446 408 redderent.
1473 368 1619 419 Quem
1647 370 1774 409 enim

153 437 394 478 discedens
419 437 427 456 ¹
450 438 524 477 ille
544 449 640 477 non
660 436 942 477 aedificavit?
963 437 1145 477 Etenim
1165 438 1239 477 hic
1261 438 1316 477 de
1338 444 1488 478 morte
1509 439 1630 479 illius
1654 440 1774 480 inter

154 509 321 548 milites
341 520 499 548 rumor
519 508 769 548 ferebatur:
791 508 955 547 beatus
976 508 1050 547 1116
1070 519 1220 558 quem,
1239 508 1348 548 forti
1365 509 1518 548 animo
1536 515 1586 549 ut
1603 516 1775 561 marty·

154 591 264 626 rem,
280 585 324 618 et
337 579 553 629 religiose
568 584 616 617 ut
635 583 847 618 sanctum
864 578 1031 628 virum,
1050 579 1169 618 mori
1184 579 1398 618 Vidimus.
1419 579 1487 618 Ita
1503 579 1627 630 quod
1643 586 1774 632 opta—

156 650 234 689 bat
262 650 449 689 omnino
483 649 682 688 invenit:
711 649 789 699 qui
820 648 942 688 enim
968 660 1017 688 se
1045 649 1333 699 spiritualem
1360 649 1449 689 hac
1475 650 1778 700 navigatione

154 720 251 760 fore
273 720 468 769 dixerat,
501 725 624 759 totus
654 725 800 768 certe,
830 718 1002 759 Christi
1028 719 1368 770 misericordia,
1401 720 1458 760 ab
1484 719 1621 771 hujus
1652 720 1779 760 vitae

156 791 355 831 miseriis
375 790 616 840 liberatus,
640 789 791 829 factus
812 796 881 829 est
908 790 1144 830 coelestis:
1174 791 1346 830 scimus
1374 791 1495 830 enim
1523 791 1781 842 pretiosam

155 873 257 901 esse
277 862 324 901 in
345 866 598 911 conspectu
618 860 807 900 Domini
827 866 1024 900 mortem
1041 859 1285 911 justorum,
1310 861 1388 912 qui
1409 862 1473 901 ita
1495 862 1649 901 omnia
1672 873 1780 902 ossa

156 943 317 972 eorum
345 930 559 981 custodit,
595 937 642 970 ut
670 942 811 970 unum
844 943 903 970 ex
929 931 994 971 eis
1020 943 1114 970 non
1147 938 1438 972 conteratur:
1467 943 1593 972 mors
1625 938 1782 972 autem

156 1008 455 1054 peccatorum
478 1014 532 1041 ea
559 1008 627 1042 est
657 1013 774 1053 quae
800 1002 1003 1053 pessima
1031 1002 1214 1053 dicitur,
1246 1003 1322 1053 qui
1349 1014 1462 1042 Vero
1497 1003 1545 1042 in
1579 1003 1781 1043 Domino

160 1073 434 1122 moriuntur,
459 1072 582 1112 beati
602 1072 665 1111 illi
683 1072 866 1123 quidem
882 1072 1227 1122 praedicantur,
1248 1079 1291 1112 et
1308 1073 1474 1113 merito
1492 1085 1623 1124 sane,
1644 1074 1779 1125 siqui-

158 1143 261 1183 dem
283 1143 463 1183 animas
484 1155 644 1182 eorum
665 1143 786 1182 idem
806 1142 1035 1183 Dominus
1056 1143 1103 1183 in
1130 1155 1245 1194 pace
1273 1143 1479 1194 redimit,
1509 1150 1554 1183 et
1585 1145 1632 1184 in
1662 1144 1781 1184 atrio

161 1226 243 1254 suo
265 1219 427 1253 sancto
449 1214 651 1263 gloriose
673 1213 888 1253 collocat.

237 1284 333 1325 Nec
356 1296 469 1324 vero
496 1285 691 1337 Joannis
721 1284 914 1324 Antonii
934 1284 963 1334 2,
987 1285 1063 1336 qui
1093 1297 1151 1325 ex
1179 1284 1316 1325 domo
1348 1286 1637 1337 probationis
1664 1291 1779 1335 erat,

160 1356 270 1396 felix
291 1355 350 1395 ad
371 1356 550 1395 coelum
571 1355 817 1405 discessus,
842 1355 1069 1395 minorem
1090 1368 1228 1407 quam
1245 1356 1409 1396 Isidori
1425 1357 1556 1397 nobis
1574 1357 1781 1397 consola-

159 1427 330 1467 tionem
358 1426 529 1476 attulit;
559 1426 617 1466 de
641 1438 732 1477 quo
759 1427 875 1466 alias
910 1427 1134 1478 scriptum
1164 1434 1232 1466 est
1267 1427 1427 1467 fusius.
1456 1428 1516 1468 Ut
1545 1428 1697 1468 dicam
1726 1428 1782 1467 de

159 1498 313 1537 multis
334 1497 503 1548 aliqua,
528 1509 633 1536 cum
653 1497 834 1537 vicinus
855 1497 992 1537 morti
1013 1503 1148 1547 esset,
1172 1499 1353 1537 vocatis
1375 1498 1611 1549 fratribus,
1637 1499 1715 1550 qui
1736 1499 1782 1538 in

160 1569 322 1608 eadem
362 1568 497 1608 domo
533 1567 706 1619 jugiter
740 1567 840 1607 Deo
875 1569 1106 1618 serviunt,
1144 1568 1201 1607 ad
1241 1569 1551 1608 obedientiam
1586 1581 1667 1609 eos
1707 1582 1782 1609 ve-

161 1639 364 1679 hementi
385 1639 550 1691 spiritu
572 1639 846 1679 adhortatus
868 1644 950 1679 est.
971 1639 1090 1679 Huic
1108 1645 1263 1679 autem
1285 1647 1590 1691 praeceperat
1606 1640 1655 1680 P.
1675 1640 1782 1681 Cor-

159 1711 307 1750 nelius
330 1710 419 1761 (ille
449 1722 670 1761 namque,
694 1716 742 1749 ut
769 1711 910 1760 nosti,
936 1710 1091 1750 domui
1108 1711 1397 1761 probationis
1414 1711 1613 1762 praeest)
1634 1723 1691 1751 ne
1708 1723 1783 1751 au-

161 1793 236 1821 res
256 1781 587 1821 tentationibus
603 1780 881 1820 daemonum
897 1780 1196 1831 patefaceret.
1217 1781 1332 1821 Cum
1348 1781 1487 1832 igitur
1505 1793 1597 1821 non
1615 1781 1784 1822 medio-

161 1851 300 1891 criter
322 1857 593 1901 tentaretur,
619 1851 908 1890 obedientiae
930 1862 1120 1901 memor,
1158 1863 1297 1903 quam
1324 1853 1631 1902 margaritam
1659 1852 1784 1892 illam

161 1922 413 1973 pretiosam
432 1922 669 1973 judicabat
691 1921 1053 1972 (necimmerito,
1074 1934 1177 1962 cum
1196 1923 1293 1962 sine
1313 1934 1366 1962 ea
1388 1923 1634 1974 quisquam
1655 1923 1785 1975 spiri-

160 1993 298 2033 tualis
318 2004 419 2033 esse
440 1994 670 2043 nequeat),
695 2003 779 2043 pro
802 2004 891 2043 qua
914 1993 1067 2032 omnia
1096 1993 1341 2032 vendenda
1364 2000 1470 2033 sunt
1492 2000 1540 2033 ut
1574 2005 1676 2033 eam
1698 1993 1783 2033 sibi

161 2064 353 2115 quisque
376 2074 528 2103 emere
550 2063 714 2113 possit,
740 2063 787 2102 in
808 2063 1104 2114 simplicitate
1126 2063 1280 2103 cordis
1307 2064 1391 2103 sui:
1416 2064 1501 2112 Ite,
1526 2064 1608 2114 ite,
1637 2064 1786 2115 inquit

161 2135 476 2183 daemonibus,
504 2134 562 2173 ad
584 2133 783 2183 Patrem,
808 2134 904 2184 ipse
925 2134 1057 2173 vobis
1078 2145 1163 2185 pro
1186 2146 1257 2173 me
1285 2135 1555 2175 satisfaciet.
1586 2135 1654 2174 Ita
1681 2135 1782 2174 obe-

161 2207 306 2254 diens,
331 2217 493 2245 eorum
515 2205 712 2255 impetus
733 2204 913 2244 fortiter
934 2205 1170 2255 repressit,
1195 2205 1271 2255 qui
1293 2205 1347 2245 de
1371 2207 1499 2245 coelo
1517 2206 1785 2245 ceciderant

162 2277 269 2328 quia
291 2277 476 2316 obedire
498 2276 759 2314 noluerunt.
783 2274 902 2325 Quid
923 2275 1045 2314 enim
1066 2275 1327 2315 obedientia
1349 2282 1428 2315 aut
1449 2276 1683 2327 potentius
1705 2281 1785 2315 aut

162 2347 335 2387 utilius?
354 2342 446 2398 ⁴qua
468 2358 559 2386 una
582 2346 793 2385 Christus
814 2346 969 2396 capita
988 2345 1206 2385 draconis
1230 2345 1476 2397 confregit.
1500 2347 1561 2387 Ut
1590 2346 1699 2386 hinc
1720 2346 1783 2385 in-

160 2418 338 2467 telligat
359 2417 551 2467 quisque
577 2416 690 2455 nihil
718 2428 862 2467 aeque
890 2416 949 2456 ad
979 2416 1229 2456 daemones
1255 2417 1618 2467 prosternendos
1640 2423 1781 2467 atque

163 2489 312 2539 ipsam
333 2487 643 2526 obedientiam
664 2488 836 2537 valere,
861 2498 1000 2537 quam
1020 2486 1142 2526 idem
1161 2486 1389 2527 Dominus
1411 2487 1465 2527 N.
1496 2487 1631 2540 Jesus
1653 2487 1783 2527 Chri-

163 2564 261 2598 stus
283 2558 345 2597 ita
373 2557 546 2607 dilexit,
578 2563 627 2596 ut
647 2568 792 2608 usque
814 2557 872 2596 ad
892 2562 1111 2607 mortem,
1136 2563 1333 2597 mortem
1353 2564 1507 2597 autem
1529 2557 1696 2607 crucis,
1720 2557 1784 2596 fa—

163 2636 266 2669 ctus
286 2628 424 2668 fuerit
448 2628 681 2667 obediens.

241 2699 331 2739 Sed
359 2711 476 2750 quae
506 2699 641 2738 suerit
671 2698 718 2737 in
746 2710 800 2738 eo
827 2698 1017 2750 spiritus
1052 2698 1187 2749 copia
1214 2684 1311 2738 tum
1331 2698 1534 2738 maxime
1568 2697 1782 2746 ostendit,

163 2782 267 2809 cum
291 2770 503 2809 visitatus
524 2781 550 2808 a
572 2780 777 2809 noverca
797 2775 841 2808 et
863 2781 889 2808 a
910 2780 1072 2808 sorore
1096 2769 1284 2817 <talibus
1306 2769 1427 2808 enim
1449 2774 1492 2807 et
1513 2768 1786 2819 parentibus

163 2841 443 2891 permittitur
464 2846 511 2879 ut
534 2840 579 2879 in
600 2851 703 2879 eam
724 2839 910 2880 domum
943 2839 1124 2889 ingredi
1144 2839 1342 2890 possint,
1366 2839 1471 2878 filiis
1503 2839 1559 2878 ad
1588 2844 1785 2878 mortem

218 2953 226 2971 ¹
269 2951 466 2985 Si031nclius
480 2952 565 2978 forte
583 2952 763 2978 decedens.

217 2998 231 3017 2
268 2999 412 3031 ,Ioannes
430 2999 606 3029 Antoniusv
623 3007 663 3025 cx
676 2999 788 3032 patria
806 2999 914 3025 dictus
929 2999 1069 3032 Apulus.
