1987 3260
179 211 250 248 366
690 211 915 248 LlTTERAE
942 223 1297 255 QUADRIMESTRhs

179 306 275 346 RR.
295 306 510 346 Patribus
527 311 571 345 et
592 317 618 344 a
640 305 927 345 charissimis
946 305 1189 345 Fratribus
1209 312 1427 357 precatus
1447 318 1532 358 pro
1554 306 1806 356 scandalis,

180 388 377 428 quorum
398 377 496 428 ipse
518 376 607 416 illis
624 381 788 416 auctor
808 387 910 415 esse
931 376 1157 427 potuisset
1181 378 1315 428 (quae
1332 388 1444 417 sane
1464 377 1648 417 fuerant
1670 388 1808 428 quam

180 447 408 497 minima),
432 447 821 498 pretiosissimum
843 458 1012 498 corpus
1034 446 1224 486 Domini
1244 447 1298 487 N.
1322 447 1432 500 Jesu
1454 447 1645 498 Christi,
1676 447 1808 487 viati-

180 530 286 558 cum
309 518 534 568 optimum
567 523 609 557 et
631 517 1028 568 copiosissimum,
1059 518 1122 557 ita
1151 517 1338 568 devote,
1370 523 1419 557 ut
1446 518 1584 557 etiam
1611 518 1808 558 admira-

179 589 294 628 tioni
321 595 463 639 esset,
495 588 683 638 recepit.
719 587 853 638 Quod
879 588 957 627 ubi
983 587 1158 627 factum
1188 594 1279 639 est,
1310 594 1359 628 ut
1385 588 1561 627 nullum
1586 588 1809 639 spiritalis

183 658 436 710 adjumenti
474 670 621 709 genus
662 658 726 697 illi
761 658 963 708 deesset,
1001 658 1296 698 sanctissimo
1332 659 1433 698 oleo
1467 659 1684 698 inunctus
1722 664 1806 698 est.

180 729 389 781 Cumque
413 730 478 769 illi
506 734 612 780 post
634 735 893 769 extremam
913 730 1181 769 unctionem
1208 729 1462 779 diceretur,
1494 741 1605 768 num
1634 729 1681 769 in
1706 729 1808 770 obe—

180 801 353 840 dientia
387 799 633 839 Societatis
659 800 770 852 Jesu
804 800 922 839 mori
949 800 1109 849 vellet3
1140 800 1188 839 in
1226 799 1510 849 obedientia,
1539 800 1686 850 inquit
1719 800 1807 850 ille,

179 877 453 922 paupertate
480 876 523 909 et
555 870 793 919 castitate,
824 876 867 910 et
895 871 1056 910 vivere
1087 877 1131 910 et
1159 871 1277 910 mori
1309 871 1430 910 volo.
1460 870 1561 910 Hoc
1590 871 1712 910 enim
1743 876 1811 910 est

178 941 304 992 quod
339 946 468 992 opto,
507 940 631 991 quod
664 952 778 991 prae
813 941 951 980 rebus
988 941 1201 980 omnibus
1240 941 1467 981 desidero.
1510 940 1809 993 Quantopere

178 1018 336 1051 autem
355 1012 442 1050 hoc
461 1011 719 1062 appetierit,
739 1011 908 1050 indicio
926 1011 1010 1051 fuit
1031 1011 1075 1051 id
1094 1011 1217 1062 quod
1233 1012 1369 1051 modo
1387 1011 1553 1051 dicam.
1572 1011 1691 1051 Nam
1708 1022 1812 1051 cum
1858 1055 1861 1057 ,

180 1082 233 1121 R.
258 1081 305 1121 P.
327 1081 642 1132 Hieronymus
664 1081 844 1121 Natalis
862 1082 1048 1132 saepius
1068 1082 1224 1121 multis
1244 1082 1460 1133 precibus
1481 1088 1689 1132 rogatus,
1714 1081 1811 1133 6]’115

181 1158 292 1192 vota
314 1152 520 1203 recipere
541 1158 821 1202 recusasset,
842 1153 901 1201 id,
927 1164 1034 1192 cum
1050 1152 1147 1203 jam
1166 1164 1262 1193 non
1282 1154 1419 1203 longe
1441 1153 1624 1193 abesset
1641 1164 1668 1192 a
1689 1164 1809 1193 mor-

179 1229 246 1272 te,
281 1234 307 1262 a
338 1222 391 1262 R.
426 1222 474 1261 P.
499 1223 704 1262 Antonio
729 1222 736 1241 ¹
763 1223 940 1271 (aberat
962 1224 1083 1263 enim
1104 1223 1158 1263 R.
1187 1223 1236 1263 P.
1267 1223 1582 1274 Hieronymus
1609 1223 1805 1271 Natalis)

178 1293 460 1344 impetravit,
479 1300 527 1333 ut
544 1305 613 1343 ea,
634 1293 867 1333 offerenda
889 1293 941 1333 R.
961 1293 1010 1333 P.
1030 1294 1226 1344 Ignatio,
1245 1295 1487 1345 reciperet.
1507 1294 1682 1345 Itaque,
1703 1304 1810 1334 cum

176 1364 273 1415 jam
290 1364 383 1415 jam
407 1364 661 1404 moriturus
691 1364 953 1414 videbatur,
977 1371 1089 1404 vota
1119 1365 1432 1415 obedientiae,
1456 1365 1743 1416 paupertatis
1766 1371 1810 1404 et

180 1435 409 1475 castitatis
436 1435 536 1475 Deo
568 1435 744 1484 emisit,
777 1435 1031 1486 eademque
1063 1435 1215 1485 (sicuti
1241 1435 1513 1487 jamdudum
1545 1435 1808 1487 optaverat)

180 1506 354 1557 scripta
388 1506 435 1545 in
470 1518 635 1545 manus
669 1506 859 1546 tradidit
888 1506 941 1545 R.
972 1506 1020 1545 P.
1053 1505 1110 1545 D.
1140 1506 1359 1546 Antonio.
1394 1505 1578 1557 Scripta
1606 1506 1729 1545 enim
1756 1517 1809 1545 ea

181 1577 304 1627 apud
321 1588 370 1616 se
388 1576 587 1616 habebat
605 1576 702 1628 jam
723 1588 750 1616 a
771 1588 930 1616 mense
951 1577 1198 1616 decembri.
1222 1576 1375 1628 Atque
1396 1577 1460 1617 ita
1483 1576 1605 1628 quod
1625 1577 1807 1616 viventi

180 1659 273 1687 non
300 1647 447 1698 licuit,
479 1648 525 1687 in
553 1648 750 1687 articulo
784 1648 948 1687 mortis
968 1648 1164 1699 peregit.
1188 1647 1310 1699 Quin
1331 1648 1492 1698 etiam,
1517 1648 1806 1687 obedientiae

179 1719 462 1769 exemplum,
495 1730 633 1769 quam
655 1724 897 1769 tantopere
927 1718 1065 1758 vivus
1086 1719 1333 1768 dilexerat,
1358 1719 1404 1758 in
1425 1724 1573 1758 morte
1604 1718 1804 1769 reliquit.

180 1788 391 1839 Rogatus
416 1789 537 1828 enim
556 1801 582 1828 a
603 1788 826 1828 fratribus
856 1789 1077 1840 numquid
1098 1801 1181 1839 pro
1205 1789 1317 1840 ipsis
1338 1789 1592 1829 Dominum
1613 1789 1659 1828 in
1681 1789 1810 1828 coelo

180 1865 302 1898 esset
340 1865 577 1909 oraturus3
610 1859 649 1899 si
685 1859 869 1910 (inquit)
899 1859 945 1898 in
974 1859 1245 1910 paradisum
1279 1860 1393 1900 mihi
1425 1859 1600 1911 patebit
1640 1859 1807 1909 aditus,

180 1935 479 1980 optatamque
514 1929 809 1969 Hierusalem
849 1930 977 1969 adire
1012 1929 1188 1977 licebit,
1230 1929 1521 1982 facultasque
1555 1942 1640 1981 pro
1677 1930 1810 1970 vobis

178 1999 342 2039 orandi
363 2012 389 2039 a
413 2000 598 2040 Christo
630 2000 742 2040 mihi
763 2000 963 2051 dabitur,
986 2000 1158 2040 faciam
1185 2012 1297 2040 sane
1327 2001 1393 2051 id,
1426 2007 1471 2040 et
1500 2001 1684 2041 lubens:
1716 2012 1808 2040 non

176 2070 298 2110 enim
329 2071 425 2110 sine
448 2071 711 2111 obedientia
732 2070 886 2111 Patris
912 2072 1150 2122 coelestis,
1174 2072 1307 2122 regni
1328 2073 1565 2112 coelorum
1596 2072 1714 2112 atria
1744 2072 1806 2111 in-

174 2141 307 2192 gredi
336 2148 514 2192 potero,
545 2154 630 2182 nec
661 2142 904 2193 ingressus
932 2154 1016 2194 pro
1046 2143 1183 2182 vobis
1211 2154 1361 2183 orare.
1384 2141 1503 2183 Nam
1531 2143 1570 2182 si
1597 2143 1672 2183 hic
1704 2143 1806 2182 obe-

179 2211 419 2263 diendum,
453 2220 627 2263 quanto
650 2213 742 2253 illic
765 2213 917 2264 magis
939 2213 1061 2253 unde
1083 2214 1233 2253 omnis
1264 2214 1527 2253 obedientia
1549 2214 1608 2253 ad
1628 2225 1714 2253 nos
1735 2214 1806 2253 de-

180 2282 302 2322 fluit?
334 2282 447 2333 Quis
469 2289 641 2334 posset,
666 2283 835 2323 fratres
853 2283 1155 2333 dilectissimi,
1179 2290 1357 2323 tantam
1378 2284 1519 2324 animi
1540 2284 1805 2336 puritatem,

181 2353 491 2393 obedientiam
521 2353 956 2405 simplicitatemque
993 2366 1085 2393 non
1118 2354 1367 2394 admirari?
1395 2354 1544 2394 Credo
1579 2354 1804 2406 equidem,

180 2423 219 2462 si
239 2423 478 2463 hominum
506 2424 738 2463 mentibus
759 2425 913 2475 aliqua
942 2424 1087 2464 divini
1115 2423 1313 2475 Spiritus
1341 2425 1591 2465 scintillula
1619 2425 1804 2471 inesset,

179 2494 495 2544 sentirentque
512 2506 635 2534 vana
657 2506 758 2534 esse
776 2495 946 2545 omnia,
968 2500 1297 2546 praeterquam
1314 2494 1499 2535 Christo
1520 2507 1634 2535 vera
1652 2495 1806 2535 cordis

178 2564 379 2614 puritate
408 2565 607 2615 servire,
638 2576 731 2604 non
767 2564 882 2604 adeo
918 2565 1210 2605 ethnicorum
1237 2572 1371 2616 gesta
1399 2577 1538 2616 super
1568 2571 1695 2605 astra
1720 2565 1805 2605 fer-

179 2640 295 2673 rent.
319 2634 534 2674 Laudant
554 2634 763 2674 nonnulli
782 2635 1068 2686 pudicitiam,
1093 2636 1321 2675 extollunt
1341 2636 1418 2675 alii
1447 2635 1602 2686 fidem,
1627 2635 1804 2686 praedi-

178 2710 287 2744 cant
307 2705 439 2744 multi
459 2705 772 2745 constantiam
794 2705 1112 2756 miranturque
1135 2705 1278 2746 animi
1299 2706 1668 2756 magnitudinem
1694 2707 1803 2745 mul-

178 2780 342 2814 torum.
365 2766 676 2826 ethnicorum;
713 2776 796 2816 sed
833 2787 939 2815 cum
969 2775 1081 2815 nulli
1111 2775 1201 2815 ista
1234 2776 1503 2827 praedicent
1538 2776 1627 2815 nisi
1662 2777 1802 2826 stulti,

181 2845 311 2895 vani,
348 2846 621 2896 penitusque
657 2846 806 2886 omnis
842 2845 1047 2897 justitiae
1082 2846 1368 2897 rationisque
1405 2846 1576 2886 lumine
1615 2848 1803 2897 privati,

235 3004 249 3022 ⁴¹·
290 3002 458 3030 Antonius
473 3003 595 3039 Vinck,
611 3003 817 3031 Messanensi
833 3004 953 3037 domui,
969 3003 1046 3030 dum
1062 3003 1181 3030 aberat
1196 3001 1232 3030 P.
1247 3002 1391 3037 Natalis,
1408 3003 1632 3038 praepositus.
