1987 3260
236 171 305 208 576
742 169 966 205 LITTERAE
993 179 1347 210 QUADRlMESTRES

235 278 315 306 nes
336 277 450 305 vero
480 265 662 304 labores
689 265 876 313 domus,
908 269 987 302 aut
1020 263 1156 302 simul
1187 275 1346 303 omnes
1369 264 1588 315 subeunt,
1613 270 1691 304 aut
1714 270 1858 305 muta-

234 338 292 376 tis
313 336 513 386 vicibus,
538 336 662 375 nulla
685 334 851 374 aetatis
872 340 951 373 aut
978 334 1153 373 ordinis
1184 334 1346 374 habita
1376 335 1577 385 ratione,
1601 341 1651 374 ut
1671 342 1863 387 propter

235 407 469 447 Christum
489 407 648 458 Jesum
670 416 829 445 omnes
855 404 976 444 idem
1003 404 1179 444 faciant
1203 410 1247 444 et
1270 404 1449 455 dicant,
1481 412 1525 444 et
1553 417 1644 445 non
1666 413 1861 456 surgant

237 479 285 517 in
306 478 437 517 nobis
457 475 705 527 aliquando
728 475 1000 515 schismata.

315 548 439 598 Mag.
462 547 663 600 Jacobus
684 543 1050 586 Aldenardensis
1068 546 1121 596 (is
1144 546 1219 597 qui
1240 558 1391 597 nuper
1413 558 1517 586 eum
1535 547 1675 586 sociis
1694 545 1863 586 Ottone

236 626 279 659 et
300 619 522 669 Rogerio‚
547 617 823 668 contemptis
850 617 1061 656 omnibus
1090 622 1281 668 propter
1312 617 1575 667 Christum,
1600 617 1863 656 clanculum

236 689 435 740 patriam
464 688 670 738 fugiens,
702 687 914 727 Lovanio
941 688 1033 727 huc
1067 699 1116 727 se
1151 688 1328 738 recepit
1360 687 1385 737 ¹>
1422 688 1534 738 legit
1570 687 1861 727 dialecticam

236 759 500 799 Aristotelis
532 758 764 798 nonnullis
797 758 1041 808 fratribus3
1079 758 1125 797 in
1154 769 1244 808 quo
1279 769 1471 797 munere
1508 769 1729 808 magnum
1760 769 1864 808 pro-

234 831 353 869 fecto
370 836 467 869 tum
485 829 659 879 ingenii
676 834 772 868 tum
784 828 1056 868 eruditionis
1069 828 1260 879 praebet
1278 827 1528 879 specimen.
1549 828 1640 867 Ter
1660 828 1864 879 quotidie

233 912 315 951 per
336 901 500 939 horam
521 899 653 949 legit:
677 905 747 938 ter
774 910 957 950 quoque
988 898 1034 938 in
1061 898 1353 938 hebdomada
1389 898 1595 949 disputat
1624 898 1669 937 in
1699 897 1865 948 majori

235 972 340 1011 aula
361 969 494 1021 hujus
516 970 800 1010 monasterii.
824 969 1070 1009 Lectiones
1099 968 1196 1020 ejus
1224 969 1417 1009 audiunt
1451 969 1626 1020 aliquot
1654 969 1866 1008 extranei

236 1042 569 1082 adolescentes.
593 1041 808 1091 Magistri
835 1040 999 1080 Petrus
1029 1039 1331 1079 Schorichius
1363 1045 1406 1079 et
1433 1040 1644 1079 Erardus
1665 1050 1770 1079 cum
1790 1039 1865 1079 Ni—

236 1114 367 1152 colao
388 1112 677 1162 Lotharingo
705 1111 875 1151 docent
902 1111 1105 1162 reliquos
1135 1110 1304 1149 fratres
1332 1110 1512 1149 litteras
1539 1115 1637 1149 tum
1666 1120 1868 1160 graecas

237 1190 333 1223 tum
354 1183 545 1230 latinaS,
570 1182 736 1233 quibus
764 1182 973 1221 similiter
995 1193 1044 1221 se
1065 1179 1324 1231 adjungunt
1355 1187 1399 1220 et
1431 1181 1508 1220 alii
1525 1181 1738 1220 studiosi.
1764 1180 1865 1230 Quo

238 1254 286 1293 fit
326 1260 377 1293 ut
414 1253 658 1303 lectiones,
696 1265 814 1304 quae
856 1253 976 1292 inter
1014 1252 1224 1303 privatos
1266 1252 1469 1303 parietes
1503 1251 1601 1291 fieri
1638 1251 1863 1300 solebant,

240 1336 382 1375 nunc,
426 1325 614 1364 obtento
654 1323 1031 1363 commodissimo
1067 1324 1195 1370 loco,
1233 1323 1446 1374 publicae
1486 1334 1587 1362 esse
1623 1322 1863 1373 incipiant.

239 1396 396 1447 Itaque
418 1401 565 1435 totum
586 1394 782 1434 fratrum
810 1394 1123 1433 studiosorum
1145 1393 1391 1444 collegium
1416 1393 1463 1432 in
1484 1393 1600 1432 duas
1622 1393 1865 1432 dumtaxat

238 1467 413 1506 classes
435 1472 503 1505 est
525 1465 841 1515 distributum,
866 1471 909 1504 et
930 1465 976 1504 hi
998 1475 1190 1504 numero
1221 1470 1325 1503 sunt
1607 1463 1635 1511 ⁶²,
1659 1474 1862 1514 compre-

239 1537 395 1577 hensis
412 1536 507 1587 jam
529 1536 665 1576 dictis
685 1536 948 1576 lectoribus.
974 1535 1033 1575 Iis
1055 1546 1274 1586 namque,
1298 1546 1413 1585 quos
1433 1535 1492 1575 V.
1512 1534 1566 1574 R.
1592 1546 1713 1574 anno
1735 1545 1866 1584 supe—

240 1608 361 1647 riore
383 1607 525 1656 misit,
551 1606 694 1646 additi
716 1612 834 1656 sunt,
858 1606 967 1658 Jesu
990 1605 1163 1645 Christi
1183 1605 1353 1656 gratia,
1378 1611 1580 1655 quatuor
1602 1604 1866 1644 adolescen—

242 1684 310 1717 tes
333 1677 574 1727 Germani,
608 1677 757 1716 forma
789 1682 832 1716 et
864 1676 1017 1716 indole
1045 1676 1166 1715 bona
1187 1676 1383 1715 multum
1412 1681 1728 1726 praestantes,
1759 1686 1864 1726 quo-

242 1760 344 1788 rum
371 1748 579 1799 probitas
616 1753 659 1787 et
688 1747 917 1787 modestia
945 1752 1199 1787 mereretur.
1228 1746 1437 1798 profecto
1471 1746 1732 1797 longiorem
1762 1756 1867 1785 sua-

242 1831 345 1859 rum
364 1818 553 1859 laudum
583 1824 848 1858 tractatum.
879 1817 988 1867 Sed,
1027 1824 1075 1857 ut
1108 1817 1347 1869 praefatus
1376 1829 1494 1867 sum,
1518 1817 1743 1868 prolixior
1764 1828 1868 1856 esse

240 1889 335 1940 jam
371 1890 500 1937 nolo,
533 1889 807 1940 praesertim
847 1900 951 1928 cum
986 1888 1040 1927 de
1068 1888 1138 1927 his
1173 1894 1217 1927 et
1253 1888 1481 1927 similibus
1516 1888 1631 1927 alias
1670 1887 1862 1927 forsitan

245 1959 532 2000 commodior
560 1960 742 1999 dabitur
764 1959 996 1998 scribendi
1011 1960 1155 1998 locus.
1175 1958 1363 1998 Interim
1380 1970 1486 2008 nos,
1507 1958 1680 1998 servuli
1701 1958 1759 1998 V.
1785 1957 1838 1996 R.
1855 1990 1865 2007 ,

244 2031 475 2071 humiliter
488 2031 687 2082 petimus
699 2030 867 2069 vestris
885 2030 1099 2080 precibus
1118 2029 1241 2080 apud
1259 2029 1512 2069 Dominum
1529 2028 1862 2068 commendari.

323 2102 537 2141 Viennae
559 2100 803 2150 Austriae,
827 2100 879 2140 24
900 2099 1076 2151 Aprilis
1102 2099 1217 2139 1552.

323 2171 381 2211 V.
406 2172 457 2211 R.
484 2172 766 2211 humillimus
785 2172 829 2211 in
852 2171 1038 2211 Christo
1061 2182 1226 2210 servus

1136 2311 1369 2350 NlcorAus
1400 2310 1646 2349 DELANOY.

301 2488 307 2506 ¹
350 2487 435 2514 Vide
465 2495 566 2521 supra
595 2487 708 2514 Patris
738 2486 877 2514 Adriani
906 2487 1154 2513 Adriaensscns
1182 2486 1335 2520 litteras,
1365 2486 1568 2520 praesertim
1596 2493 1649 2512 nn.
1677 2492 1771 2515 cmx.
1799 2493 1865 2511 cxx

247 2538 278 2560 et
303 2541 428 2561 cxxvii.

299 2584 311 2600 2¹
352 2582 412 2608 Hic
430 2582 560 2615 signum
576 2582 686 2608 scriba
702 2582 869 2615 apposuit,
885 2589 958 2615 quo,
972 2589 1046 2608 cum
1059 2582 1220 2608 lectorem
1245 2581 1285 2607 ad
1312 2580 1497 2614 marginem
1513 2580 1722 2612 remittebat,
1734 2580 1867 2607 solebat

250 2630 311 2661 uir,
328 2630 382 2655 sed
396 2629 476 2655 nihil
494 2629 523 2655 in
540 2629 691 2662 margine
705 2629 851 2663 scripsit.
