1987 3260
880 143 963 179 AN.
994 141 1085 179 1552
1725 140 1795 178 657

254 241 628 293 Supera-raptio:
649 240 750 280 R.⁴¹0
772 240 818 279 in
840 239 1027 279 Christo
1055 237 1255 277 Domino
1282 236 1410 276 Patri
1430 235 1611 286 Ignatio
1632 235 1688 275 de
1707 235 1791 276 Lo-

173 315 302 366 yola,
325 311 597 363 Praeposito
616 310 833 352 Generali
854 308 1101 350 Societatis
1126 308 1256 360 Jesu,
1288 305 1411 357 apud
1431 304 1654 345 Sanctum
1675 305 1793 345 Mar·

173 396 300 433 cum,
326 384 372 423 in
394 381 585 423 aedibus
606 380 807 422 Sanctae
827 379 1004 420 Mariae
1026 378 1082 418 de
1104 377 1293 427 strada,
1317 376 1508 416 Romae.

254 455 312 495 Di
334 460 468 506 porto
486 485 493 503 ,
514 453 680 504 cinque
701 451 899 492 baiochi.

253 525 362 564 Alia
383 535 550 564 manu:
570 523 720 575 Jesus.
750 522 862 561 1552.
898 520 1103 571 Pariggi.
1138 518 1196 559 Di
1227 517 1287 558 M.
1318 518 1521 558 Roberto
1550 517 1796 568 Claysson-

173 597 264 636 nio.
288 596 358 636 De
384 596 430 634 18
450 595 494 634 di
517 594 722 645 Maggio.

246 1246 292 1283 P.
314 1246 506 1292 Joannes
527 1246 788 1284 Pelletarius

296 1310 417 1347 Patri
437 1310 603 1357 Ignatio
623 1311 676 1348 de
695 1311 878 1357 Loyola.

342 1375 562 1422 Ferraria,
584 1377 631 1412 24
650 1376 754 1413 Maii
774 1376 865 1413 1552
882 1377 908 1411 ¹.

257 1654 380 1696 Dum
409 1656 598 1707 quilibet
629 1662 812 1695 tuorum
846 1666 930 1706 pro
966 1666 1048 1693 suo
1084 1652 1269 1693 modulo
1298 1652 1407 1691 totis
1434 1650 1592 1690 nervis
1616 1650 1806 1701 proprio

180 1727 404 1766 incumbit
431 1726 631 1776 muneri,
662 1725 801 1766 Pater
827 1736 1065 1776 nunquam
1093 1735 1188 1763 non
1214 1722 1527 1771 observande,
1559 1733 1672 1761 sane
1702 1732 1806 1760 con-

179 1797 530 1837 scribendarum
561 1803 757 1848 quatuor
779 1795 1006 1836 mensium
1028 1795 1311 1844 litterarum,
1336 1793 1503 1845 quibus
1526 1798 1713 1832 nostros
1735 1803 1806 1831 co-

177 1876 313 1907 natus
335 1868 381 1907 in
403 1867 577 1908 Christi
598 1867 762 1907 militia
793 1866 1073 1917 conspicuos
1103 1865 1297 1905 reddere
1327 1865 1530 1903 solemus
1557 1862 1636 1902 P.ti
1662 1862 1804 1908 Tuae,

171 1939 403 1978 memoria
437 1938 605 1977 animis
639 1937 813 1977 nostris
846 1936 1077 1976 excidisse
1111 1935 1372 1975 videbatur.
1408 1934 1586 1974 Verum
1621 1933 1809 1984 spiritus

180 2009 254 2048 ille
275 2009 482 2058 divinus,
506 2008 584 2059 qui
606 2008 740 2047 docet
762 2007 1064 2057 suggeritque
1088 2006 1265 2054 omnia,
1291 2016 1374 2044 sua
1395 2004 1601 2044 bonitate
1621 2015 1715 2043 non
1736 2003 1808 2043 de-

176 2080 262 2119 fuit
284 2080 331 2119 in
358 2078 655 2130 suggerendo
685 2078 1008 2128 monendoque
1039 2077 1149 2128 quid
1178 2075 1303 2116 facto
1330 2082 1452 2115 esset
1481 2086 1611 2126 opus.
1642 2074 1811 2114 Paucis

178 2150 334 2200 igitur,
359 2162 477 2201 quae
499 2149 558 2189 ad
580 2149 782 2200 gloriam
802 2147 1030 2188 Altissimi
1052 2154 1157 2187 acta
1178 2152 1300 2197 sunt,
1324 2158 1350 2186 a
1371 2145 1504 2185 nobis
1527 2145 1701 2196 accipe.

258 2221 328 2260 Ac
350 2221 566 2272 primum,
590 2219 713 2271 quod
734 2219 794 2258 ad
813 2218 1112 2269 gymnastica
1134 2217 1315 2265 attinet,
1340 2228 1452 2256 sane
1473 2216 1687 2256 eumdem
1707 2227 1806 2256 cur-

179 2304 282 2332 sum
311 2298 489 2341 tenent,
528 2302 663 2342 quem
699 2290 831 2339 olim,
868 2289 907 2328 si
937 2287 1147 2328 ordinem
1173 2287 1482 2339 spectaveris3
1515 2287 1553 2326 si
1586 2286 1805 2333 fructum,

177 2364 315 2414 longe
336 2374 421 2402 nec
438 2362 574 2402 dubie
590 2361 851 2400 uberiorem
868 2358 1081 2399 efferunt.
1100 2357 1233 2408 Nam,
1252 2364 1301 2398 ut
1322 2358 1377 2398 de
1394 2357 1617 2397 fratribus
1633 2357 1812 2408 primus

179 2433 405 2473 habeatur
435 2443 610 2481 sermo,
640 2443 734 2471 non
769 2430 1004 2470 absimiles
1039 2429 1281 2469 foecundis
1314 2429 1443 2479 agris
1470 2439 1552 2468 eos
1577 2426 1810 2478 judicave-

180 2504 266 2544 rim
285 2536 292 2554 ,
326 2504 403 2555 qui
424 2505 563 2553 longe
584 2503 718 2554 plura
739 2502 888 2541 solent
910 2501 1007 2541 suis
1028 2500 1223 2540 reddere
1245 2499 1499 2540 cultoribus
1521 2510 1660 2550 quam
1681 2509 1809 2538 acce-

180 2575 347 2625 perint.
372 2575 439 2615 Illi
460 2574 603 2623 enim,
628 2572 908 2623 quotidianis
929 2583 1023 2611 non
1045 2571 1250 2612 contenti
1270 2570 1564 2620 lectionibus,
1594 2570 1711 2609 alias
1730 2581 1813 2620 pei·

180 2657 228 2684 se
253 2652 517 2695 assumunt,
542 2644 720 2694 sibique
748 2642 862 2693 ipsis
889 2642 1103 2693 magistri
1133 2648 1262 2692 sunt;
1291 2642 1401 2693 quin
1432 2641 1574 2680 etiam
1602 2646 1816 2680 caeteros

180 2716 448 2766 instituunt3
476 2714 645 2765 quibus
675 2713 763 2752 nisi
797 2713 1066 2753 moderator
1099 2712 1362 2760 accederet,
1394 2718 1442 2751 ut
1471 2712 1576 2750 vela
1605 2722 1812 2761 expansa

181 2786 517 2836 aliquantisper
539 2784 902 2834 constringeret,
926 2784 1133 2835 putarint
1155 2783 1271 2822 adeo
1293 2782 1415 2821 felici
1436 2781 1738 2831 navigatione
1765 2793 1813 2820 sc

238 2945 246 2963 ¹
287 2945 532 2978 Apographum
550 2945 585 2970 in*
597 2944 684 2970 foliis
699 2944 733 2969 46
750 2948 781 2970 et
797 2943 832 2969 48
846 2942 979 2969 Codicis
996 2943 1072 2969 1551.

375 3003 421 3036 Τ.
448 3014 471 3038 1.
1550 3013 1593 3044 42
