1987 3260
131 233 182 269 56
642 231 869 268 LITTERAE
896 241 1251 274 QUADRIMESTRES

213 328 248 368 Il
278 327 466 379 signore
492 328 554 368 mi
581 327 640 367 ha
666 327 776 367 dato
806 326 961 377 gratia
992 326 1037 366 di
1066 326 1398 387 confondereli
1424 325 1616 366 heretici
1636 331 1682 365 et
1702 329 1757 366 co

133 399 336 439 autorita
358 404 402 438 et
425 410 513 438 con
535 397 765 437 minaccia
786 397 832 437 di
853 397 1006 437 fuoco.

215 513 754 592 Superscrzpts0.:llsls.
782 539 841 578 Al
863 539 1006 578 molto
1027 538 1119 578 mio
1139 537 1193 577 R.
1224 538 1271 577 in
1298 538 1418 589 Xpo.
1451 539 1553 578 Pre.
1578 538 1638 579 M.
1662 538 1759 578 Pie-

133 618 206 651 tro
241 611 492 661 Codaccio,
533 610 653 650 nella
690 609 981 660 Compagnia
1016 608 1071 648 de
1104 608 1237 660 Jesu,
1273 609 1491 659 provisor
1511 609 1676 660 dig m0,
1714 610 1760 649 ln

133 681 306 722 Sancta
335 681 482 721 Maria
510 680 629 720 della
657 680 835 729 strada,
869 691 1032 731 presso
1063 691 1090 718 a
1119 678 1291 719 Sancto
1313 678 1496 729 Marco,
1521 680 1567 719 in
1587 679 1751 720 Roma.

214 752 275 792 Di
295 757 429 804 porto
451 757 521 791 tre
541 750 743 790 baiochi.

427 821 484 861 X.
509 820 554 862 S.

896 1104 1035 1158 XIV

210 1333 259 1370 F.
282 1333 493 1370 Antonius
513 1333 679 1372 Suarez

258 1397 380 1435 Patri
399 1397 589 1435 Martino
610 1397 662 1435 de
682 1398 936 1435 Santacruz.

303 1463 594 1507 Conimbrica,
615 1463 662 1500 ‘24
681 1463 963 1510 Septembris,
988 1463 1082 1500 1547
1102 1464 1126 1498 ¹.

903 1565 999 1642 Iffls

219 1744 382 1785 Gratia
413 1751 456 1785 et
484 1757 577 1795 pax
599 1744 787 1784 Domini
812 1743 970 1784 Nostri
990 1743 1099 1796 Jesu
1120 1743 1293 1783 Christi
1322 1744 1379 1782 sit
1409 1754 1592 1793 semper
1614 1741 1763 1781 nobis-

137 1827 258 1855 cum.
289 1815 454 1855 Amen.

217 1886 323 1926 Non
344 1886 537 1935 inficior,
562 1886 625 1925 mi
645 1885 797 1935 Pater,
823 1885 934 1936 quin
955 1885 1119 1924 merito
1137 1884 1183 1924 in
1199 1895 1392 1923 numero
1415 1894 1575 1923 eorum
1597 1882 1764 1922 haben-

136 1958 223 1997 dus
247 1957 354 2007 sim,
385 1957 463 2008 qui
491 1968 596 1996 cum
616 1955 884 2007 praesentia
911 1955 1033 1995 bona
1063 1967 1155 1994 non
1179 1960 1370 2005 norunt,
1401 1954 1574 1994 amissa
1601 1959 1764 2003 postea

135 2027 319 2067 deflent.
356 2026 516 2078 Neque
550 2033 703 2066 tamen
745 2037 935 2077 possum
969 2038 1061 2065 non
1097 2025 1305 2066 confiteri
1340 2036 1479 2076 quam
1513 2024 1572 2064 sit
1606 2023 1766 2063 firmus

136 2104 272 2149 atque
299 2098 478 2138 stabilis
511 2109 642 2137 meus
677 2108 792 2148 erga
813 2103 858 2137 te
888 2108 1039 2148 amor,
1070 2097 1239 2148 quippe
1269 2107 1373 2135 cum
1403 2096 1528 2135 nulla
1556 2096 1766 2134 locorum

138 2169 373 2220 distantia,
401 2169 527 2208 nulla
548 2169 770 2220 temporis
793 2168 1087 2218 diuturnitas,
1112 2168 1238 2207 nulla
1261 2178 1509 2217 corporum
1530 2165 1764 2217 separatio

138 2240 318 2280 efficere
340 2240 500 2291 possit,
525 2245 574 2279 ut
596 2239 791 2287 animus,
817 2240 959 2279 semel
981 2238 1207 2278 charitate
1229 2237 1401 2278 Christi
1423 2237 1681 2285 devinctus,
1703 2236 1760 2275 ab

140 2310 291 2350 officio
326 2323 383 2350 ne
417 2311 645 2350 tantillum
679 2310 865 2361 quidem
898 2309 1099 2349 recedat.
1137 2308 1227 2349 Sed
1262 2309 1317 2348 de
1350 2309 1439 2348 hoc
1469 2308 1603 2357 satis,
1634 2319 1691 2346 ne
1719 2306 1766 2346 in

140 2381 265 2421 aliud
285 2393 540 2433 erumpam.
565 2381 666 2421 Hoc
687 2387 843 2421 tamen
864 2392 1006 2420 unum
1023 2380 1145 2420 scias
1162 2379 1315 2428 velim,
1339 2378 1451 2418 nihil
1471 2378 1584 2417 mihi
1600 2376 1759 2428 jucun-

139 2452 240 2492 dius
262 2452 502 2502 accidisse,
528 2463 666 2503 quam
687 2451 740 2502 si,
762 2463 902 2503 quam
923 2451 1060 2491 modo
1083 2450 1250 2490 absens
1278 2449 1638 2501 haudquaquam
1659 2448 1763 2487 reti-

138 2534 248 2562 nere
270 2534 474 2574 possum,
495 2523 576 2562 tibi
598 2534 757 2562 coram
778 2533 930 2561 meam
951 2532 1063 2572 erga
1085 2527 1130 2561 te
1151 2521 1439 2560 voluntatem
1461 2519 1669 2571 apertius
1690 2517 1762 2557 de-

140 2594 385 2633 clararem.

220 2663 546 2715 Superioribus
564 2664 726 2704 diebus
743 2663 800 2703 ad
818 2670 862 2703 te
877 2663 1009 2703 binas
1025 2662 1128 2702 dedi
1145 2662 1324 2702 litteras
1340 2673 1432 2701 non
1445 2671 1536 2699 uno
1555 2666 1763 2710 ternpore

139 2735 361 2785 scriptas;
385 2735 509 2775 haud
530 2735 626 2775 scio
648 2747 708 2775 an
728 2734 809 2774 tibi
830 2735 920 2774 sint
942 2732 1163 2774 redditae.
1188 2733 1320 2772 Nunc
1341 2738 1517 2781 tamen,
1543 2730 1762 2782 quoniam

141 2804 188 2844 id
207 2805 290 2844 tibi
311 2805 542 2855 pollicitus
571 2817 692 2855 sum,
722 2804 963 2844 tabellario
992 2803 1188 2843 Romam
1216 2801 1528 2854 proficiscenti
1555 2800 1765 2841 nonnihil

198 2989 207 3008 ¹
247 2988 298 3015 Ex
320 2988 589 3022 autograph0,in
614 2987 737 3022 duplici
762 2988 847 3018 folio,
863 2987 915 3013 cui
937 2990 1044 3019 erant,
1061 2986 1093 3013 in
1117 2985 1258 3020 pristino
1281 2984 1434 3012 Archivii
1456 2984 1583 3017 ordine,
1603 2991 1653 3011 nn.
1664 2985 1764 3012 391‘et

140 3036 208 3069 392,
225 3043 310 3062 nunc
322 3039 439 3063 autem
452 3038 527 3063 sunt
542 3035 559 3061 3
573 3039 606 3062 et
620 3035 646 3061 4.
