1987 3260
877 194 959 231 AN.
991 194 1081 230 1550
1726 194 1792 229 1‘1'3

886 646 1092 701 LVHI

238 873 290 912 P.
314 875 535 912 Adrianus
552 874 874 911 Adriaenssens

294 940 411 977 Patri
432 940 599 988 Ignatio
619 940 672 977 de
691 939 872 988 Loyola.

339 1006 549 1052 Lovanio,
571 1005 617 1043 22
636 1005 738 1053 Maji
759 1005 849 1042 1550
869 1005 892 1040 ¹.

937 1213 1036 1254 IHS

255 1353 306 1393 R.
332 1353 450 1393 Dne.
474 1353 755 1404 Praeposite.

256 1423 420 1464 Gratia
441 1423 547 1464 Dni.
572 1422 731 1464 Nostri
749 1423 861 1477 Jesu
881 1423 954 1464 Χ.ἰ
984 1424 1042 1464 sit
1064 1435 1246 1475 semper
1264 1435 1369 1463 cum
1388 1423 1437 1463 P.
1461 1424 1520 1464 V.

256 1494 591 1535 Amantissime
611 1495 658 1534 in
684 1495 766 1535 X.⁰
792 1494 954 1535 Pater:
984 1494 1118 1545 Quod
1151 1494 1209 1534 ad
1238 1506 1394 1534 rerum
1422 1501 1690 1535 nostrarum
1711 1501 1798 1534 sta-

176 1572 274 1605 tum
301 1565 478 1613 attinet,
503 1572 597 1605 tres
619 1577 777 1605 sumus
797 1577 990 1606 numero
1016 1565 1200 1605 fratres.
1223 1565 1354 1605 Unus
1383 1564 1626 1605 Cornelius
1646 1565 1674 1616 ²,
1700 1567 1801 1605 laus

175 1635 299 1686 Deo,
324 1643 448 1676 recte
466 1636 604 1676 habet
625 1669 632 1687 ,
657 1636 878 1676 lectiones
895 1636 1141 1687 diligenter
1164 1636 1345 1686 visitat,
1365 1642 1408 1676 et
1425 1636 1560 1676 simul
1578 1648 1682 1677 cum
1700 1638 1801 1676 aliis

175 1706 410 1757 theologis
431 1706 650 1758 disputat,
671 1713 714 1747 et
737 1707 862 1747 circa
879 1707 1155 1758 temporalia
1177 1712 1221 1746 et
1237 1707 1504 1747 necessaria
1519 1707 1685 1748 domus
1701 1720 1799 1747 ver-

177 1783 323 1816 satur.

261 1846 574 1887 Charissimus
604 1847 769 1888 Frater
795 1848 856 1889 M.
887 1848 1103 1889 Andreas
1124 1847 1138 1866 ³
1165 1854 1414 1900 utcumque
1434 1848 1595 1899 habet,
1620 1856 1664 1889 et
1692 1850 1802 1889 facit

180 1918 305 1969 quod
326 1924 479 1969 potest
499 1930 583 1969 pro
601 1925 809 1970 tempore
827 1925 870 1959 et
885 1920 1003 1959 loco.
1024 1919 1289 1970 Aliquando
1307 1925 1404 1959 tam
1421 1920 1542 1959 hunc
1560 1926 1657 1960 tam
1674 1921 1801 1960 illum

178 1988 442 2029 studiosum
462 1989 643 2029 accedit
664 1990 1003 2030 exhortationis
1024 1990 1193 2041 gratia.

261 2059 374 2110 Ego,
401 2071 682 2111 quamquam
702 2060 818 2100 bene
840 2059 1025 2111 quidem
1043 2061 1194 2111 valeo,
1218 2059 1300 2100 sed
1322 2060 1473 2100 adhuc
1490 2061 1683 2100 nimium
1699 2073 1803 2100 sum

180 2130 574 2178 immortificatus3
606 2142 755 2182 neque
782 2131 1005 2171 lectiones
1033 2143 1183 2183 neque
1209 2130 1547 2183 disputationes
1577 2131 1717 2171 visito
1747 2132 1803 2171 ob

178 2212 332 2241 meam
353 2201 567 2241 fortassis
587 2201 824 2253 pigritiam
846 2211 891 2241 et
918 2201 1268 2252 negligentiam,
1301 2201 1383 2242 sed
1403 2207 1560 2242 tamen
1589 2202 1804 2253 experior

177 2283 252 2312 me
287 2271 551 2323 hujusmodi
583 2272 745 2312 studiis
780 2283 946 2322 parum
976 2272 1202 2324 proficere
1237 2278 1281 2312 et
1309 2272 1369 2312 ad
1395 2284 1450 2312 ea
1479 2273 1633 2324 aliquo
1666 2273 1802 2312 modo

177 2343 495 2382 continuanda
517 2349 698 2394 tempus
719 2355 812 2382 non
833 2354 1092 2394 superesse,
1117 2343 1320 2383 maxime
1343 2354 1448 2383 cum
1474 2344 1611 2394 parvi
1633 2344 1720 2383 sim
1744 2346 1803 2383 la-

179 2413 320 2453 boris.
345 2413 507 2465 Itaque
530 2413 678 2453 officio
705 2413 928 2453 horarum
955 2420 998 2453 et
1029 2412 1260 2453 sacrificio
1287 2412 1473 2464 Missae,
1504 2412 1805 2453 confessioni-

178 2484 264 2524 bus
286 2483 544 2534 audiendis,
569 2484 860 2524 diversorum
886 2484 1306 2524 consultationibus
1334 2490 1378 2524 et
1409 2484 1667 2535 colloquiis,
1693 2495 1805 2524 cura

182 2555 363 2605 domus,
383 2554 748 2606 profectionibus
769 2561 813 2595 et
835 2555 935 2595 aliis
957 2555 1157 2607 negotiis
1179 2555 1546 2606 occurrentibus,
1577 2567 1649 2595 me
1671 2567 1803 2595 occu-

181 2636 255 2677 po,
288 2626 452 2666 eadem
480 2626 567 2665 ista
598 2632 704 2665 ante
728 2632 771 2666 et
801 2632 905 2678 post
934 2626 1111 2666 sactum
1141 2626 1455 2666 examinando
1484 2632 1528 2666 et
1555 2626 1805 2677 cogitando

183 2708 273 2747 quo
295 2697 431 2737 modo
455 2697 513 2737 ad
534 2695 756 2747 majorem
782 2696 870 2737 Dei
890 2698 1104 2748 gloriam,
1128 2703 1339 2737 nostram
1359 2698 1568 2748 salutem,
1589 2704 1633 2737 et
1655 2698 1806 2748 proxi-

183 2779 366 2807 morum
388 2768 635 2808 utilitatem
656 2774 699 2807 et
721 2767 1093 2808 aedificationem
1113 2767 1212 2808 fieri
1233 2768 1465 2819 expediat.

239 2904 248 2923 Ι
289 2905 516 2938 Autogmpha
530 2905 563 2931 in
578 2904 657 2931 folio
672 2904 794 2939 duplici
810 2912 839 2931 n.
855 2904 890 2931 ‘³8
905 2909 937 2931 et
952 2905 996 2932 99,

234 2953 251 2970 '²
289 2952 324 2979 P.
341 2952 517 2979 Cornelius
534 2952 754 2979 Wischaven.

237 2999 252 3017 ⁷·
289 2999 321 3026 M
348 2999 504 3027 Andreas
521 3000 687 3027 Siderous.
