1987 3260
242 212 308 249 120
743 214 968 252 LITTERAE
993 226 1348 258 QUADRIMESTRES

931 682 1164 736 XXXII

308 910 354 947 Ρ.
376 910 567 947 Annibal
587 909 639 947 de
660 910 881 949 Coudreto

352 975 499 1012 Fratri
516 974 743 1012 Ludovico
763 975 816 1012 de
835 975 1071 1014 Coudreto.

399 1039 625 1086 Messana,
646 1040 669 1076 9
686 1040 946 1078 Decembris
967 1040 1058 1077 1548
1077 1040 1102 1078 ¹.

993 1195 1090 1271 11515

312 1371 475 1412 Gratia
506 1371 693 1412 Domini
722 1372 880 1413 Nostri
908 1373 1018 1426 Jesu
1045 1372 1217 1413 Christi
1244 1373 1301 1413 sit
1328 1385 1433 1413 cum
1459 1374 1673 1414 omnibus
1699 1375 1846 1416 nobis.

229 1443 396 1484 Amen.

311 1513 444 1565 Quod
475 1526 498 1554 e
524 1515 807 1565 gravissimo
842 1514 1004 1554 morbo
1033 1515 1348 1565 convalueris,
1378 1515 1500 1566 quod
1526 1515 1853 1555 semimortuus

229 1585 459 1625 revixeris
478 1585 704 1637 nobisque
731 1586 795 1625 sis
821 1585 1049 1636 redditus,
1078 1591 1315 1637 postremo
1343 1585 1466 1637 quod
1493 1585 1691 1626 Romam
1717 1597 1853 1626 vene-

229 1656 307 1707 ris,
332 1662 376 1696 et
397 1657 534 1696 audio
557 1662 601 1696 et
627 1656 708 1696 tibi
736 1657 961 1708 gratulor,
988 1655 1322 1707 jucundissime
1349 1657 1396 1696 in
1421 1656 1542 1708 Xpo.
1572 1657 1730 1697 frater.
1764 1655 1855 1698 Sed

229 1727 362 1767 brevi
381 1728 608 1778 gratulor,
632 1727 852 1778 quoniam
875 1727 1084 1777 pluribus
1103 1738 1196 1767 non
1226 1727 1349 1767 licet.
1381 1726 1485 1767 Non
1511 1727 1653 1778 enim,
1683 1727 1855 1779 alioqui

229 1798 345 1837 satis
366 1803 609 1849 occupato,
629 1797 741 1837 mihi
760 1797 913 1837 fuerat
934 1797 980 1837 in
1001 1797 1155 1837 animo
1177 1797 1424 1849 quicquam
1446 1797 1504 1837 ad
1525 1803 1569 1837 te
1590 1797 1726 1838 hodie
1744 1799 1855 1838 scri-

228 1868 358 1919 bere,
389 1880 494 1908 cum
519 1869 796 1920 praesertim
823 1868 920 1908 dies
948 1879 1040 1908 non
1069 1869 1127 1908 sit
1157 1869 1203 1908 in
1229 1874 1391 1908 nostro
1420 1869 1616 1920 collegio
1642 1868 1851 1911 feriatus.

229 1937 408 1978 Verum
427 1944 475 1978 ut
498 1939 647 1990 primo
669 1945 713 1978 te
734 1938 911 1978 Romae
932 1950 1032 1978 esse
1055 1939 1271 1989 cognovi,
1295 1939 1454 1979 nescio
1476 1939 1707 1990 quomodo
1728 1939 1854 1979 inex-
1883 1968 1886 1970 -

228 2008 411 2060 piabilis
432 2007 676 2059 cujusdam
695 2009 1008 2060 negligentiae
1029 2014 1073 2049 et
1093 2009 1327 2049 tarditatis
1347 2015 1508 2049 notam
1528 2009 1730 2061 effugere
1762 2021 1855 2050 non

228 2090 366 2131 posse
385 2079 498 2120 mihi
519 2080 728 2131 videbar,
753 2080 791 2120 si
812 2080 995 2120 silentio
1016 2080 1321 2131 praeterirem
1341 2091 1481 2131 quam
1501 2092 1559 2120 ex
1580 2092 1634 2120 eo
1661 2081 1749 2120 sim
1777 2080 1847 2121 de-

228 2151 446 2202 lectatus,
471 2157 784 2203 quantamque
805 2151 888 2191 tibi
909 2162 1011 2191 meo
1032 2151 1218 2191 nomine
1246 2151 1444 2191 salutem
1469 2151 1752 2202 impertitam
1779 2163 1854 2191 ve-

229 2221 324 2261 lim.
348 2220 439 2262 Sed
459 2221 575 2262 haec
596 2222 726 2262 satis

308 2291 459 2332 Datae
481 2298 588 2332 sunt
608 2292 719 2332 mihi
737 2291 834 2343 jam
855 2292 961 2332 inde
981 2304 1008 2332 a
1024 2292 1180 2332 multis
1205 2292 1367 2332 diebus
1383 2298 1490 2332 tuae
1513 2292 1767 2344 perbreves
1787 2292 1855 2332 lit-

228 2368 376 2414 terae,
401 2374 494 2403 una
515 2375 621 2403 cum
641 2363 712 2403 his
732 2363 891 2402 fratris
913 2363 958 2402 in
980 2363 1099 2414 Xpo.
1123 2363 1386 2403 charissimi
1416 2363 1599 2403 Claudii
1619 2362 1648 2401 ².
1678 2362 1856 2414 Quibus

227 2432 342 2472 nihil
375 2433 524 2473 habeo
560 2434 683 2485 quod
716 2433 1025 2485 respondeam
1059 2439 1247 2485 praeter
1280 2433 1368 2473 hoc
1403 2445 1565 2485 unum,
1604 2433 1856 2474 Dominum

230 2503 474 2544 Decanum
494 2516 587 2544 non
610 2504 874 2556 reposuisse
895 2503 1009 2544 mihi
1034 2504 1257 2555 pecunias
1286 2504 1408 2555 illas,
1433 2516 1630 2556 quarum
1657 2516 1706 2544 se
1734 2504 1855 2544 debi-

230 2580 395 2626 torem,
420 2580 463 2615 te
483 2581 749 2627 praesente,
776 2575 1018 2616 confessus
1039 2580 1123 2625 est,
1148 2574 1279 2626 cujus
1301 2574 1667 2627 chirographum
1686 2576 1857 2627 reliqui

229 2644 391 2685 Rev.d0
424 2645 490 2686 P.i
520 2646 601 2686 D.0
630 2645 856 2697 Polanco,
887 2645 1066 2686 cumin
1099 2644 1306 2685 Siciliam
1339 2646 1587 2685 venissem.
1633 2645 1763 2685 Haec
1799 2657 1854 2686 eo

224 2715 397 2766 scripsi
418 2716 541 2767 quod
567 2716 769 2768 petieras
797 2722 848 2756 ut
874 2722 919 2756 te
946 2715 1082 2768 hujus
1108 2716 1177 2756 rei
1202 2716 1407 2756 facerem
1433 2716 1693 2756 certiorem.
1724 2716 1787 2767 Is,
1817 2716 1856 2756 si

287 2875 297 2894 1
338 2873 424 2901 Tota
439 2875 655 2909 autographa
670 2882 770 2902 manu
785 2874 964 2902 Annibalis
988 2874 1027 2901 de
1053 2873 1230 2907 Coudreto,
1255 2874 1311 2901 fol.
1336 2881 1368 2900 n.
1390 2873 1451 2900 449.
1474 2873 1560 2900 Eam
1582 2874 1654 2901 ideo
1669 2874 1723 2901 hic
1738 2873 1855 2901 inseri-

230 2929 316 2954 muS,
330 2921 408 2956 quia
423 2921 656 2949 Messanenses
671 2922 939 2956 quadrimestres
956 2921 1201 2955 comitabatur,
1217 2928 1301 2955 quas
1313 2921 1463 2955 reperire
1478 2921 1622 2948 nondum
1637 2921 1817 2948 valuimus.

287 2970 300 2988 Ξ
338 2968 497 2996 Claudius
528 2976 548 2996 a
572 2969 751 3003 Coudreto‚
776 2969 940 2997 Ludovici
964 2973 997 2996 et
1022 2968 1201 2996 Annibalis
1224 2969 1343 3001 frater,
1363 2968 1419 3002 qui
1440 2967 1604 2995 societati
1628 2969 1731 2996 etiam
1754 2968 1854 3002 paulo

230 3019 312 3043 ante
327 3023 447 3043 nomen
460 3016 611 3044 dederat.
