1987 3260
283 162 352 198 434
787 160 1012 197 LITTERAE
1038 170 1394 202 QUADfflMESTRES

281 258 379 298 fieri
407 258 545 297 solet:
575 257 639 297 ita
666 257 842 307 eligunt
872 256 1069 306 vigilare
1104 267 1209 295 cum
1244 256 1573 307 quiescendum
1602 262 1745 307 esset,
1778 262 1829 297 ut
1858 264 1903 298 et

281 328 461 369 maritis
504 332 741 379 praestent
782 325 907 377 quod
941 325 1131 373 debent,
1175 331 1219 365 et
1253 326 1467 366 concioni
1502 326 1666 367 adesse
1704 327 1900 379 possint.

279 399 385 439 Scio
421 398 624 438 riderent
658 398 773 437 haec
802 396 880 448 qui
905 396 1140 447 sapientes
1173 396 1281 436 huic
1314 397 1499 436 saeculo
1534 397 1684 437 videri
1722 399 1901 449 volunt,

280 481 398 521 quae
428 469 642 508 Patribus
672 474 828 507 tamen
854 472 898 506 et
923 466 1165 506 Fratribus
1198 466 1372 506 nostris
1397 467 1445 507 in
1471 467 1657 508 Christo
1687 468 1899 508 charissi-

279 540 386 590 mis,
416 545 552 590 grata
579 539 678 578 fore
704 549 798 578 non
824 537 1110 585 dubitamus,
1143 537 1221 588 qui
1250 537 1462 588 spiritum
1492 549 1585 577 non
1615 549 1804 579 carnem
1832 550 1901 579 sa-

279 611 424 662 piunt.
447 610 519 650 Ex
539 609 610 649 his
630 620 744 649 vero
766 608 947 659 aliquae
968 608 1030 648 ita
1052 607 1217 658 spiritu
1235 607 1439 658 fervent,
1471 614 1521 648 ut
1552 608 1692 648 etiam
1718 608 1789 648 his
1811 609 1899 649 die-

279 681 366 720 bus
387 681 534 720 altera
555 680 751 719 alteram
770 678 939 730 pugnis
959 690 1052 718 non
1072 677 1354 718 dubitaverit
1375 677 1570 718 caedere
1599 679 1721 729 quod
1751 677 1899 720 Socie-

278 751 365 791 tati
393 756 581 790 nostrae
615 750 896 790 detraheret.
924 748 1028 789 Non
1058 748 1204 799 probo
1232 748 1356 800 quod
1390 749 1561 800 pugnis
1596 749 1901 799 contenderit;

278 821 481 873 oportuit
517 810 649 860 enim'
672 831 838 860 manus
873 820 1136 870 continere;
1173 819 1255 858 sed
1290 819 1417 870 quid?
1452 819 1616 859 mulier
1650 819 1758 871 fuit;
1795 821 1902 872 quia

278 892 449 932 devota
470 897 614 942 esset,
640 903 666 930 a
688 890 976 930 detractione
997 889 1298 929 abhorrebat:
1332 889 1647 930 imbellicitate
1668 901 1781 931 vero
1803 903 1897 931 mu-

278 963 410 1002 liebri
439 962 712 1009 insurrexit,
737 967 785 1001 ut
807 961 947 1001 etiam
974 960 1142 1012 pugnis
1171 966 1356 1011 ageret,
1389 960 1466 1000 ubi
1498 961 1649 1011 magis
1675 961 1901 1012 patientia

278 1033 431 1073 fuerat
450 1032 731 1072 necessaria.

360 1103 440 1143 Illa
478 1103 678 1143 fortasse
713 1103 865 1153 magis
898 1102 1189 1154 probabitur,
1229 1102 1444 1153 quamvis
1482 1113 1568 1141 nec
1607 1103 1695 1142 ista
1734 1103 1901 1154 impro-

279 1174 431 1214 banda
452 1174 531 1224 sit,
556 1174 631 1213 cui
653 1185 758 1213 cum
779 1173 974 1213 maritus
1001 1173 1272 1229 minaretur,
1306 1172 1422 1212 adeo
1454 1173 1613 1223 etiam,
1647 1180 1695 1213 ut
1727 1174 1901 1214 diceret

278 1256 327 1284 se
349 1245 412 1284 illi
433 1245 580 1284 vitam
601 1250 949 1295 exempturum,
973 1244 1011 1283 si
1032 1244 1091 1283 ad
1112 1249 1320 1283 nostram
1342 1244 1610 1295 ecclesiam,
1634 1250 1683 1283 ut
1710 1255 1899 1284 consue-

281 1322 435 1365 verat,
473 1322 653 1354 veniret
689 1322 733 1354 et
767 1320 1062 1354 sacramenta
1097 1314 1433 1365 frequentaret,
1470 1314 1709 1365 respondit
1739 1314 1900 1354 humil-

280 1386 406 1425 lime:
430 1385 577 1424 facias
595 1385 718 1436 quod
736 1386 907 1436 placet,
933 1385 978 1424 in
995 1396 1136 1424 manu
1153 1390 1230 1423 tua
1248 1395 1373 1433 sum;
1397 1396 1633 1435 nunquam
1654 1396 1726 1423 me
1747 1390 1903 1424 tamen

282 1469 309 1496 a
347 1456 574 1496 charitate
611 1455 699 1495 Dei
734 1455 998 1506 separabis:
1041 1455 1104 1494 ita
1138 1454 1362 1506 patientia
1400 1460 1442 1493 et
1478 1454 1735 1494 humilitate
1774 1455 1900 1504 vicit,

281 1538 419 1577 quem
440 1527 682 1566 daemonis
705 1526 919 1577 impietas
940 1526 1322 1565 exacerbaverat.

356 1597 447 1636 Eas
477 1608 589 1636 vero
613 1597 714 1648 quis
735 1608 827 1636 non
847 1596 1022 1646 laudet,
1046 1607 1164 1647 quae
1185 1607 1212 1635 a
1232 1596 1414 1647 pompis
1436 1602 1479 1635 et
1501 1596 1785 1636 vanitatibus
1817 1597 1898 1636 hu-

274 1668 349 1719 jus
370 1668 545 1707 saeculi
566 1668 627 1707 ita
648 1667 733 1706 sibi
756 1673 1016 1718 temperant
1039 1667 1220 1718 (quibus
1242 1672 1396 1706 tamen
1417 1667 1560 1718 prius,
1584 1672 1634 1706 ut
1655 1672 1723 1707 est
1744 1667 1898 1707 mulie-

280 1751 381 1779 rum
402 1744 585 1789 natura,
610 1750 727 1789 quae
749 1738 981 1778 vanitates
1003 1744 1046 1778 et
1063 1749 1258 1789 pompas
1275 1737 1449 1788 fovent,
1474 1749 1766 1789 summopere
1785 1737 1899 1777 dele-

279 1809 542 1859 ctabantur)
572 1816 620 1848 ut
651 1815 840 1860 torques
869 1815 1006 1860 atque
1036 1809 1231 1848 annulos
1258 1807 1464 1848 vendant
1494 1820 1582 1859 quo
1618 1808 1900 1859 pauperibus

275 1880 574 1920 subveniant?
602 1879 734 1919 Nunc
756 1880 877 1919 enim
899 1879 1083 1919 Christo
1104 1879 1298 1918 libenter
1325 1878 1539 1929 offerunt,
1565 1890 1683 1929 quae
1703 1879 1832 1930 prius
1854 1885 1901 1918 ut

276 1963 326 1990 se
347 1951 517 1990 mundo
541 1957 842 2000 ostentarent,
866 1950 1037 1990 habere
1059 1955 1355 2000 curaverant,
1381 1955 1425 1988 et
1445 1955 1634 2001 propter
1664 1949 1900 1989 Christum

274 2028 591 2071 contemnunt,
622 2033 740 2072 quae
762 2028 954 2072 propter
975 2021 1197 2060 mundum
1218 2020 1500 2069 dilexerant3
1530 2026 1577 2059 ut
1607 2031 1804 2071 quarum
1834 2031 1900 2059 re-

275 2104 377 2131 rum
395 2103 552 2131 amore
575 2098 712 2131 antea
735 2091 949 2131 Creatori
970 2102 1052 2130 suo
1081 2091 1428 2142 displicuerant,
1460 2102 1621 2129 earum
1649 2102 1770 2130 nunc
1793 2102 1895 2130 con—

276 2169 451 2213 temptu
487 2163 551 2202 illi
585 2164 770 2214 placere
798 2162 994 2213 possint3
1025 2173 1110 2201 nec
1144 2162 1267 2201 enim
1294 2167 1403 2200 tunc
1427 2161 1598 2200 mundo
1628 2161 1691 2200 ita
1722 2160 1899 2200 confor-

275 2234 393 2272 mari
415 2233 720 2283 conabantur,
741 2239 877 2283 atque
899 2244 1020 2272 nunc
1038 2232 1223 2272 Christo
1241 2244 1290 2272 se
1307 2232 1481 2271 similes
1502 2231 1695 2271 reddere
1713 2237 1898 2271 conten-

275 2305 410 2343 dunt:
432 2304 720 2343 orationibus
738 2304 981 2354 diligenter
1000 2309 1192 2353 vacant;
1213 2315 1239 2342 a
1258 2301 1443 2353 jeJ'uniis
1468 2314 1579 2341 vero
1604 2313 1743 2353 saepe
1768 2314 1896 2353 opor-

275 2380 338 2413 tet
368 2386 447 2413 eas
478 2386 504 2413 a
539 2374 836 2414 consessariis
865 2373 1122 2425 prohiberi,
1154 2373 1319 2424 quibus
1345 2373 1410 2412 ita
1439 2372 1672 2423 obediunt,
1709 2378 1758 2412 ut
1787 2372 1901 2411 nihil

273 2444 360 2483 sibi
376 2444 513 2483 licere
530 2444 795 2484 existiment
814 2443 935 2495 quod
952 2444 1015 2483 illi
1033 2455 1126 2483 non
1141 2443 1456 2483 concesserint
1474 2449 1553 2482 aut
1564 2442 1896 2494 prohibuerint;

273 2515 446 2554 multae
486 2526 596 2554 vero
631 2526 765 2565 quae,
802 2522 851 2554 ut
887 2514 1172 2554 ornamentis
1205 2514 1519 2564 abundarent,
1557 2512 1769 2552 manibus
1804 2513 1899 2552 suis

276 2585 449 2636 aliquid
471 2585 558 2624 sibi
578 2596 746 2635 parare
774 2585 1042 2635 studebant,
1072 2596 1195 2624 nunc
1217 2584 1417 2635 Christo,
1444 2595 1567 2623 nunc
1598 2583 1895 2634 pauperibus,

275 2667 399 2695 nunc
422 2655 631 2695 ecclesiis
652 2656 879 2695 laborant.
905 2655 1026 2705 Quot
1056 2655 1178 2694 enim
1199 2654 1387 2694 fuerunt
1413 2666 1532 2705 quae
1559 2653 1794 2693 bombices
1820 2665 1897 2693 nu-

279 2726 490 2774 trierunt,
528 2731 576 2765 ut
604 2726 841 2776 haberent,
873 2732 951 2765 aut
986 2725 1108 2777 quod
1142 2725 1424 2776 pauperibus
1459 2724 1783 2775 elargirentur‚
1820 2730 1899 2764 aut

275 2796 395 2835 unde
418 2796 605 2847 aliquod
626 2796 836 2836 ecclesiis
860 2801 1184 2836 ornamentum
1205 2794 1507 2834 conficerent!
1530 2793 1717 2834 Nobiles
1745 2800 1898 2834 autem

278 2866 393 2906 istae
415 2873 521 2906 sunt
542 2873 586 2906 et
608 2867 790 2917 divites,
815 2867 980 2917 quibus
1001 2865 1135 2905 facile
1156 2865 1451 2916 permittitur,
1476 2870 1524 2903 ut
1545 2876 1600 2903 ea
1619 2864 1678 2904 ad
1697 2865 1898 2916 gloriam

273 2934 361 2976 Dei
383 2936 627 2977 conferant
649 2943 692 2977 et
714 2937 889 2977 faciant
912 2948 1030 2987 quae
1046 2936 1174 2987 prius
1198 2935 1256 2975 ad
1284 2935 1420 2986 hujus
1450 2935 1623 2975 saeculi
1639 2935 1896 2975 vanitatem
