<?xml version="1.0" encoding="UTF-8"?>
<!DOCTYPE html PUBLIC "-//W3C//DTD XHTML 1.0 Transitional//EN"
    "http://www.w3.org/TR/xhtml1/DTD/xhtml1-transitional.dtd">
<html xmlns="http://www.w3.org/1999/xhtml" xml:lang="en" lang="en">
 <head>
  <title>
</title>
<meta http-equiv="Content-Type" content="text/html;charset=utf-8" />
  <meta name='ocr-system' content='tesseract 3.04.00' />
  <meta name='ocr-capabilities' content='ocr_page ocr_carea ocr_par ocr_line ocrx_word'/>
</head>
<body>
  <div class='ocr_page' id='page_1' title='image "./litteraequadrime1301lain_0229.png"; bbox 0 0 1987 3260; ppageno 0'>
   <div class='ocr_carea' id='block_1_1' title="bbox 890 157 1810 196">
    <p class='ocr_par' dir='ltr' id='par_1_1' title="bbox 890 157 1810 196">
     <span class='ocr_line' id='line_1_1' title="bbox 890 157 1810 196; baseline 0 0"><span class='ocrx_word' id='word_1_1' title='bbox 890 159 973 196; x_wconf 70' lang='grc' dir='ltr'>ΑΝ.</span> <span class='ocrx_word' id='word_1_2' title='bbox 1005 157 1096 195; x_wconf 80' lang='lat'>1550</span> <span class='ocrx_word' id='word_1_3' title='bbox 1739 159 1810 196; x_wconf 86' lang='lat'>223</span> 
     </span>
    </p>
   </div>
   <div class='ocr_carea' id='block_1_2' title="bbox 895 609 1090 661">
    <p class='ocr_par' dir='ltr' id='par_1_2' title="bbox 895 609 1090 661">
     <span class='ocr_line' id='line_1_2' title="bbox 895 609 1090 661; baseline 0 0"><span class='ocrx_word' id='word_1_4' title='bbox 895 609 1090 661; x_wconf 86' lang='lat' dir='ltr'>LXVI</span> 
     </span>
    </p>
   </div>
   <div class='ocr_carea' id='block_1_3' title="bbox 251 816 1204 996">
    <p class='ocr_par' dir='ltr' id='par_1_3' title="bbox 251 816 1204 996">
     <span class='ocr_line' id='line_1_3' title="bbox 251 816 787 866; baseline 0.002 -13"><span class='ocrx_word' id='word_1_5' title='bbox 251 816 301 853; x_wconf 88' lang='lat' dir='ltr'>P.</span> <span class='ocrx_word' id='word_1_6' title='bbox 321 817 560 863; x_wconf 86' lang='lat' dir='ltr'>Dionysius</span> <span class='ocrx_word' id='word_1_7' title='bbox 581 819 787 866; x_wconf 85' lang='lat' dir='ltr'>Vazquez</span> 
     </span>
     <span class='ocr_line' id='line_1_4' title="bbox 299 882 883 930; baseline 0 -12"><span class='ocrx_word' id='word_1_8' title='bbox 299 882 420 919; x_wconf 87' lang='lat' dir='ltr'>Patri</span> <span class='ocrx_word' id='word_1_9' title='bbox 439 883 606 930; x_wconf 84' lang='lat' dir='ltr'>Ignatio</span> <span class='ocrx_word' id='word_1_10' title='bbox 627 884 679 920; x_wconf 90' lang='lat' dir='ltr'>de</span> <span class='ocrx_word' id='word_1_11' title='bbox 700 883 883 930; x_wconf 87' lang='lat' dir='ltr'>Loyola.</span> 
     </span>
     <span class='ocr_line' id='line_1_5' title="bbox 348 946 1204 996; baseline -0.001 -11"><span class='ocrx_word' id='word_1_12' title='bbox 348 946 594 996; x_wconf 83' lang='lat' dir='ltr'>Compluto,</span> <span class='ocrx_word' id='word_1_13' title='bbox 618 959 768 986; x_wconf 87' lang='lat' dir='ltr'>mense</span> <span class='ocrx_word' id='word_1_14' title='bbox 787 948 1048 996; x_wconf 76' lang='lat' dir='ltr'><strong>Septembri,</strong></span> <span class='ocrx_word' id='word_1_15' title='bbox 1071 948 1161 985; x_wconf 78' lang='lat'>1550</span> <span class='ocrx_word' id='word_1_16' title='bbox 1183 948 1204 984; x_wconf 90' lang='lat'>¹.</span> 
     </span>
    </p>
   </div>
   <div class='ocr_carea' id='block_1_4' title="bbox 173 1084 1808 2784">
    <p class='ocr_par' dir='ltr' id='par_1_4' title="bbox 178 1084 1808 1226">
     <span class='ocr_line' id='line_1_6' title="bbox 258 1084 1808 1155; baseline -0.001 -13"><span class='ocrx_word' id='word_1_17' title='bbox 258 1102 490 1154; x_wconf 86' lang='lat' dir='ltr'>Perquam</span> <span class='ocrx_word' id='word_1_18' title='bbox 511 1103 787 1144; x_wconf 74' lang='lat' dir='ltr'>Reverendo</span> <span class='ocrx_word' id='word_1_19' title='bbox 812 1103 938 1144; x_wconf 83' lang='lat' dir='ltr'>Patri</span> <span class='ocrx_word' id='word_1_20' title='bbox 958 1103 1278 1154; x_wconf 87' lang='lat' dir='ltr'>Magistroque</span> <span class='ocrx_word' id='word_1_21' title='bbox 1300 1103 1346 1142; x_wconf 92' lang='lat' dir='ltr'>in</span> <span class='ocrx_word' id='word_1_22' title='bbox 1369 1084 1570 1142; x_wconf 86' lang='lat' dir='ltr'>Domino</span> <span class='ocrx_word' id='word_1_23' title='bbox 1597 1102 1708 1155; x_wconf 79' lang='lat' dir='ltr'>Jesu</span> <span class='ocrx_word' id='word_1_24' title='bbox 1733 1102 1808 1141; x_wconf 92' lang='lat' dir='ltr'>ob-</span> 
     </span>
     <span class='ocr_line' id='line_1_7' title="bbox 178 1172 1723 1226; baseline -0.001 -13"><span class='ocrx_word' id='word_1_25' title='bbox 178 1174 549 1225; x_wconf 77' lang='lat' dir='ltr'>servantissimo,</span> <span class='ocrx_word' id='word_1_26' title='bbox 573 1174 753 1225; x_wconf 87' lang='lat' dir='ltr'>Ignatio</span> <span class='ocrx_word' id='word_1_27' title='bbox 776 1187 803 1215; x_wconf 89' lang='lat' dir='ltr'>a</span> <span class='ocrx_word' id='word_1_28' title='bbox 824 1175 1017 1226; x_wconf 81' lang='lat' dir='ltr'>Loyola,</span> <span class='ocrx_word' id='word_1_29' title='bbox 1043 1175 1239 1214; x_wconf 89' lang='lat' dir='ltr'>salutem</span> <span class='ocrx_word' id='word_1_30' title='bbox 1260 1173 1306 1213; x_wconf 92' lang='lat' dir='ltr'>in</span> <span class='ocrx_word' id='word_1_31' title='bbox 1329 1173 1490 1213; x_wconf 92' lang='lat' dir='ltr'>eodem</span> <span class='ocrx_word' id='word_1_32' title='bbox 1507 1172 1723 1213; x_wconf 90' lang='lat' dir='ltr'>Domino.</span> 
     </span>
    </p>

    <p class='ocr_par' dir='ltr' id='par_1_5' title="bbox 173 1243 1808 2560">
     <span class='ocr_line' id='line_1_8' title="bbox 258 1243 1808 1296; baseline -0.001 -12"><span class='ocrx_word' id='word_1_33' title='bbox 258 1243 510 1296; x_wconf 89' lang='lat' dir='ltr'>Postquam</span> <span class='ocrx_word' id='word_1_34' title='bbox 531 1244 696 1285; x_wconf 87' lang='lat' dir='ltr'>Petrus</span> <span class='ocrx_word' id='word_1_35' title='bbox 717 1245 949 1285; x_wconf 87' lang='lat' dir='ltr'>Antonius</span> <span class='ocrx_word' id='word_1_36' title='bbox 970 1245 1126 1285; x_wconf 82' lang='lat' dir='ltr'>Araoz</span> <span class='ocrx_word' id='word_1_37' title='bbox 1152 1243 1166 1263; x_wconf 68' lang='lat'><strong>²</strong></span> <span class='ocrx_word' id='word_1_38' title='bbox 1194 1244 1301 1284; x_wconf 92' lang='lat' dir='ltr'>hinc</span> <span class='ocrx_word' id='word_1_39' title='bbox 1329 1244 1552 1294; x_wconf 77' lang='lat' dir='ltr'>excessit,</span> <span class='ocrx_word' id='word_1_40' title='bbox 1577 1244 1655 1295; x_wconf 88' lang='lat' dir='ltr'>qui</span> <span class='ocrx_word' id='word_1_41' title='bbox 1682 1255 1808 1283; x_wconf 90' lang='lat' dir='ltr'>men-</span> 
     </span>
     <span class='ocr_line' id='line_1_9' title="bbox 177 1315 1800 1368; baseline 0 -14"><span class='ocrx_word' id='word_1_42' title='bbox 177 1326 252 1354; x_wconf 89' lang='lat' dir='ltr'>ses</span> <span class='ocrx_word' id='word_1_43' title='bbox 273 1323 380 1355; x_wconf 90' lang='lat' dir='ltr'>sunt</span> <span class='ocrx_word' id='word_1_44' title='bbox 400 1322 615 1367; x_wconf 88' lang='lat' dir='ltr'>quatuor,</span> <span class='ocrx_word' id='word_1_45' title='bbox 640 1317 796 1356; x_wconf 89' lang='lat' dir='ltr'>omnia</span> <span class='ocrx_word' id='word_1_46' title='bbox 814 1315 1019 1368; x_wconf 82' lang='lat' dir='ltr'>(Superis</span> <span class='ocrx_word' id='word_1_47' title='bbox 1035 1315 1204 1366; x_wconf 87' lang='lat' dir='ltr'>gratia)</span> <span class='ocrx_word' id='word_1_48' title='bbox 1223 1327 1281 1355; x_wconf 81' lang='lat' dir='ltr'>ex</span> <span class='ocrx_word' id='word_1_49' title='bbox 1298 1315 1439 1355; x_wconf 89' lang='lat' dir='ltr'>animi</span> <span class='ocrx_word' id='word_1_50' title='bbox 1457 1315 1605 1354; x_wconf 82' lang='lat' dir='ltr'>nostri</span> <span class='ocrx_word' id='word_1_51' title='bbox 1621 1320 1800 1354; x_wconf 91' lang='lat' dir='ltr'>senten-</span> 
     </span>
     <span class='ocr_line' id='line_1_10' title="bbox 176 1385 1803 1438; baseline -0.001 -13"><span class='ocrx_word' id='word_1_52' title='bbox 176 1386 242 1425; x_wconf 89' lang='lat' dir='ltr'>tia</span> <span class='ocrx_word' id='word_1_53' title='bbox 276 1394 530 1426; x_wconf 87' lang='lat' dir='ltr'>cesserunt.</span> <span class='ocrx_word' id='word_1_54' title='bbox 556 1387 813 1427; x_wconf 81' lang='lat' dir='ltr'>Maximum</span> <span class='ocrx_word' id='word_1_55' title='bbox 841 1393 911 1426; x_wconf 89' lang='lat' dir='ltr'>est</span> <span class='ocrx_word' id='word_1_56' title='bbox 932 1392 1105 1438; x_wconf 87' lang='lat' dir='ltr'>quanta</span> <span class='ocrx_word' id='word_1_57' title='bbox 1133 1387 1359 1426; x_wconf 77' lang='lat' dir='ltr'>virtutum</span> <span class='ocrx_word' id='word_1_58' title='bbox 1381 1385 1632 1425; x_wconf 89' lang='lat' dir='ltr'>seminaria</span> <span class='ocrx_word' id='word_1_59' title='bbox 1660 1385 1803 1425; x_wconf 88' lang='lat' dir='ltr'>homi-</span> 
     </span>
     <span class='ocr_line' id='line_1_11' title="bbox 176 1457 1803 1509; baseline -0.001 -12"><span class='ocrx_word' id='word_1_60' title='bbox 176 1469 287 1497; x_wconf 93' lang='lat' dir='ltr'>num</span> <span class='ocrx_word' id='word_1_61' title='bbox 309 1463 578 1498; x_wconf 88' lang='lat' dir='ltr'>nostrorum</span> <span class='ocrx_word' id='word_1_62' title='bbox 594 1457 721 1498; x_wconf 94' lang='lat' dir='ltr'>Deus</span> <span class='ocrx_word' id='word_1_63' title='bbox 735 1457 948 1509; x_wconf 82' lang='lat' dir='ltr'>Optimus</span> <span class='ocrx_word' id='word_1_64' title='bbox 965 1458 1196 1498; x_wconf 78' lang='lat' dir='ltr'>Maximus</span> <span class='ocrx_word' id='word_1_65' title='bbox 1213 1457 1482 1508; x_wconf 90' lang='lat' dir='ltr'>ingenerari</span> <span class='ocrx_word' id='word_1_66' title='bbox 1499 1457 1699 1496; x_wconf 88' lang='lat' dir='ltr'>voluerit</span> <span class='ocrx_word' id='word_1_67' title='bbox 1717 1468 1803 1508; x_wconf 89' lang='lat' dir='ltr'>ope</span> 
     </span>
     <span class='ocr_line' id='line_1_12' title="bbox 176 1527 1803 1579; baseline -0.001 -11"><span class='ocrx_word' id='word_1_68' title='bbox 176 1527 372 1568; x_wconf 88' lang='lat' dir='ltr'>Antonii</span> <span class='ocrx_word' id='word_1_69' title='bbox 393 1528 549 1568; x_wconf 83' lang='lat' dir='ltr'>Araoz</span> <span class='ocrx_word' id='word_1_70' title='bbox 572 1535 616 1568; x_wconf 89' lang='lat' dir='ltr'>et</span> <span class='ocrx_word' id='word_1_71' title='bbox 636 1529 877 1569; x_wconf 86' lang='lat' dir='ltr'>Francisci</span> <span class='ocrx_word' id='word_1_72' title='bbox 898 1527 1110 1579; x_wconf 84' lang='lat' dir='ltr'>Stradae,</span> <span class='ocrx_word' id='word_1_73' title='bbox 1136 1539 1334 1579; x_wconf 78' lang='lat' dir='ltr'>quorum</span> <span class='ocrx_word' id='word_1_74' title='bbox 1355 1528 1472 1568; x_wconf 88' lang='lat' dir='ltr'>alter</span> <span class='ocrx_word' id='word_1_75' title='bbox 1492 1527 1689 1579; x_wconf 83' lang='lat' dir='ltr'>privatis</span> <span class='ocrx_word' id='word_1_76' title='bbox 1713 1527 1803 1567; x_wconf 93' lang='lat' dir='ltr'>col-</span> 
     </span>
     <span class='ocr_line' id='line_1_13' title="bbox 177 1598 1797 1651; baseline -0.001 -12"><span class='ocrx_word' id='word_1_77' title='bbox 177 1599 345 1651; x_wconf 90' lang='lat' dir='ltr'>loquiis</span> <span class='ocrx_word' id='word_1_78' title='bbox 366 1606 411 1639; x_wconf 91' lang='lat' dir='ltr'>et</span> <span class='ocrx_word' id='word_1_79' title='bbox 431 1600 720 1640; x_wconf 72' lang='lat' dir='ltr'>sermonibus</span> <span class='ocrx_word' id='word_1_80' title='bbox 748 1600 1075 1650; x_wconf 75' lang='lat' dir='ltr'>familiaribus,</span> <span class='ocrx_word' id='word_1_81' title='bbox 1110 1600 1225 1639; x_wconf 90' lang='lat' dir='ltr'>alter</span> <span class='ocrx_word' id='word_1_82' title='bbox 1252 1598 1449 1651; x_wconf 80' lang='lat' dir='ltr'>publicis</span> <span class='ocrx_word' id='word_1_83' title='bbox 1478 1598 1797 1649; x_wconf 83' lang='lat' dir='ltr'>concionibus,</span> 
     </span>
     <span class='ocr_line' id='line_1_14' title="bbox 173 1669 1803 1722; baseline -0.001 -12"><span class='ocrx_word' id='word_1_84' title='bbox 173 1676 368 1722; x_wconf 86' lang='lat' dir='ltr'>uterque</span> <span class='ocrx_word' id='word_1_85' title='bbox 389 1671 590 1711; x_wconf 80' lang='lat' dir='ltr'>assiduis</span> <span class='ocrx_word' id='word_1_86' title='bbox 612 1671 979 1711; x_wconf 76' lang='lat' dir='ltr'>confessionibus</span> <span class='ocrx_word' id='word_1_87' title='bbox 996 1676 1040 1710; x_wconf 91' lang='lat' dir='ltr'>et</span> <span class='ocrx_word' id='word_1_88' title='bbox 1057 1671 1183 1710; x_wconf 88' lang='lat' dir='ltr'>vitae</span> <span class='ocrx_word' id='word_1_89' title='bbox 1201 1671 1414 1722; x_wconf 82' lang='lat' dir='ltr'>exemplo</span> <span class='ocrx_word' id='word_1_90' title='bbox 1431 1669 1644 1710; x_wconf 89' lang='lat' dir='ltr'>mirabile</span> <span class='ocrx_word' id='word_1_91' title='bbox 1661 1680 1803 1721; x_wconf 90' lang='lat' dir='ltr'>quan-</span> 
     </span>
     <span class='ocr_line' id='line_1_15' title="bbox 174 1740 1803 1793; baseline -0.001 -12"><span class='ocrx_word' id='word_1_92' title='bbox 174 1748 272 1781; x_wconf 88' lang='lat' dir='ltr'>tum</span> <span class='ocrx_word' id='word_1_93' title='bbox 294 1741 592 1792; x_wconf 73' lang='lat' dir='ltr'>profecerint.</span> <span class='ocrx_word' id='word_1_94' title='bbox 617 1741 692 1782; x_wconf 83' lang='lat' dir='ltr'>Sic</span> <span class='ocrx_word' id='word_1_95' title='bbox 708 1742 966 1782; x_wconf 86' lang='lat' dir='ltr'>Doctorum</span> <span class='ocrx_word' id='word_1_96' title='bbox 983 1741 1153 1781; x_wconf 88' lang='lat' dir='ltr'>fastum</span> <span class='ocrx_word' id='word_1_97' title='bbox 1169 1740 1449 1793; x_wconf 88' lang='lat' dir='ltr'>dejecerunt,</span> <span class='ocrx_word' id='word_1_98' title='bbox 1468 1741 1803 1791; x_wconf 88' lang='lat' dir='ltr'>Magistrorum</span> 
     </span>
     <span class='ocr_line' id='line_1_16' title="bbox 175 1812 1805 1863; baseline -0.001 -11"><span class='ocrx_word' id='word_1_99' title='bbox 175 1812 334 1852; x_wconf 90' lang='lat' dir='ltr'>titulos</span> <span class='ocrx_word' id='word_1_100' title='bbox 362 1819 738 1863; x_wconf 76' lang='lat' dir='ltr'>commoverunt,</span> <span class='ocrx_word' id='word_1_101' title='bbox 774 1813 1161 1853; x_wconf 86' lang='lat' dir='ltr'>scholasticorum</span> <span class='ocrx_word' id='word_1_102' title='bbox 1190 1812 1350 1852; x_wconf 90' lang='lat' dir='ltr'>turbas</span> <span class='ocrx_word' id='word_1_103' title='bbox 1376 1812 1702 1861; x_wconf 78' lang='lat' dir='ltr'>immutarunt,</span> <span class='ocrx_word' id='word_1_104' title='bbox 1729 1823 1805 1862; x_wconf 93' lang='lat' dir='ltr'>po-</span> 
     </span>
     <span class='ocr_line' id='line_1_17' title="bbox 174 1881 1805 1935; baseline -0.001 -13"><span class='ocrx_word' id='word_1_105' title='bbox 174 1883 271 1934; x_wconf 92' lang='lat' dir='ltr'>puli</span> <span class='ocrx_word' id='word_1_106' title='bbox 291 1882 485 1923; x_wconf 88' lang='lat' dir='ltr'>affectus</span> <span class='ocrx_word' id='word_1_107' title='bbox 507 1883 754 1933; x_wconf 86' lang='lat' dir='ltr'>sedarunt,</span> <span class='ocrx_word' id='word_1_108' title='bbox 786 1889 834 1923; x_wconf 91' lang='lat' dir='ltr'>ut</span> <span class='ocrx_word' id='word_1_109' title='bbox 861 1883 1009 1923; x_wconf 77' lang='lat' dir='ltr'>veteri</span> <span class='ocrx_word' id='word_1_110' title='bbox 1037 1883 1394 1935; x_wconf 72' lang='lat' dir='ltr'>gymnasiorum</span> <span class='ocrx_word' id='word_1_111' title='bbox 1416 1882 1653 1933; x_wconf 87' lang='lat' dir='ltr'>splendori</span> <span class='ocrx_word' id='word_1_112' title='bbox 1674 1881 1805 1922; x_wconf 90' lang='lat' dir='ltr'>Com—</span> 
     </span>
     <span class='ocr_line' id='line_1_18' title="bbox 175 1953 1803 2005; baseline -0.001 -12"><span class='ocrx_word' id='word_1_113' title='bbox 175 1954 354 2005; x_wconf 86' lang='lat' dir='ltr'>plutum</span> <span class='ocrx_word' id='word_1_114' title='bbox 374 1953 607 1994; x_wconf 86' lang='lat' dir='ltr'>redditum</span> <span class='ocrx_word' id='word_1_115' title='bbox 626 1954 880 1994; x_wconf 86' lang='lat' dir='ltr'>videretur.</span> <span class='ocrx_word' id='word_1_116' title='bbox 905 1954 1067 2005; x_wconf 88' lang='lat' dir='ltr'>Coepit</span> <span class='ocrx_word' id='word_1_117' title='bbox 1094 1953 1342 1994; x_wconf 82' lang='lat' dir='ltr'>Societatis</span> <span class='ocrx_word' id='word_1_118' title='bbox 1373 1959 1415 1993; x_wconf 90' lang='lat' dir='ltr'>et</span> <span class='ocrx_word' id='word_1_119' title='bbox 1444 1953 1628 2004; x_wconf 89' lang='lat' dir='ltr'>collegii</span> <span class='ocrx_word' id='word_1_120' title='bbox 1655 1953 1803 1992; x_wconf 86' lang='lat' dir='ltr'>nostri</span> 
     </span>
     <span class='ocr_line' id='line_1_19' title="bbox 175 2023 1802 2075; baseline -0.001 -11"><span class='ocrx_word' id='word_1_121' title='bbox 175 2036 363 2075; x_wconf 86' lang='lat' dir='ltr'>nomen,</span> <span class='ocrx_word' id='word_1_122' title='bbox 388 2024 495 2064; x_wconf 90' lang='lat' dir='ltr'>licet</span> <span class='ocrx_word' id='word_1_123' title='bbox 520 2031 658 2065; x_wconf 89' lang='lat' dir='ltr'>antea</span> <span class='ocrx_word' id='word_1_124' title='bbox 680 2037 772 2065; x_wconf 92' lang='lat' dir='ltr'>non</span> <span class='ocrx_word' id='word_1_125' title='bbox 794 2031 894 2064; x_wconf 89' lang='lat' dir='ltr'>erat</span> <span class='ocrx_word' id='word_1_126' title='bbox 916 2024 1179 2074; x_wconf 88' lang='lat' dir='ltr'>obscurum,</span> <span class='ocrx_word' id='word_1_127' title='bbox 1204 2036 1327 2063; x_wconf 78' lang='lat' dir='ltr'>novo</span> <span class='ocrx_word' id='word_1_128' title='bbox 1354 2023 1538 2074; x_wconf 84' lang='lat' dir='ltr'>fulgore</span> <span class='ocrx_word' id='word_1_129' title='bbox 1565 2023 1802 2072; x_wconf 72' lang='lat' dir='ltr'>illustrari,</span> 
     </span>
     <span class='ocr_line' id='line_1_20' title="bbox 176 2093 1807 2146; baseline -0.002 -11"><span class='ocrx_word' id='word_1_130' title='bbox 176 2095 298 2135; x_wconf 91' lang='lat' dir='ltr'>unde</span> <span class='ocrx_word' id='word_1_131' title='bbox 318 2096 423 2146; x_wconf 93' lang='lat' dir='ltr'>plus</span> <span class='ocrx_word' id='word_1_132' title='bbox 444 2095 580 2135; x_wconf 87' lang='lat' dir='ltr'>solito</span> <span class='ocrx_word' id='word_1_133' title='bbox 602 2096 730 2135; x_wconf 88' lang='lat' dir='ltr'>hisce</span> <span class='ocrx_word' id='word_1_134' title='bbox 747 2095 981 2135; x_wconf 89' lang='lat' dir='ltr'>mensibus</span> <span class='ocrx_word' id='word_1_135' title='bbox 998 2095 1333 2146; x_wconf 86' lang='lat' dir='ltr'>frequentatur,</span> <span class='ocrx_word' id='word_1_136' title='bbox 1353 2099 1450 2134; x_wconf 90' lang='lat' dir='ltr'>tum</span> <span class='ocrx_word' id='word_1_137' title='bbox 1467 2094 1522 2133; x_wconf 88' lang='lat' dir='ltr'>ab</span> <span class='ocrx_word' id='word_1_138' title='bbox 1540 2093 1596 2133; x_wconf 89' lang='lat' dir='ltr'>iis</span> <span class='ocrx_word' id='word_1_139' title='bbox 1612 2093 1705 2145; x_wconf 89' lang='lat' dir='ltr'>qui,</span> <span class='ocrx_word' id='word_1_140' title='bbox 1727 2093 1807 2133; x_wconf 93' lang='lat' dir='ltr'>do-</span> 
     </span>
     <span class='ocr_line' id='line_1_21' title="bbox 176 2163 1803 2216; baseline -0.002 -10"><span class='ocrx_word' id='word_1_141' title='bbox 176 2166 375 2206; x_wconf 86' lang='lat' dir='ltr'>minicae</span> <span class='ocrx_word' id='word_1_142' title='bbox 391 2178 580 2206; x_wconf 88' lang='lat' dir='ltr'>mensae</span> <span class='ocrx_word' id='word_1_143' title='bbox 597 2166 849 2216; x_wconf 89' lang='lat' dir='ltr'>accessuri,</span> <span class='ocrx_word' id='word_1_144' title='bbox 871 2165 1177 2206; x_wconf 87' lang='lat' dir='ltr'>confessionis</span> <span class='ocrx_word' id='word_1_145' title='bbox 1189 2170 1483 2205; x_wconf 90' lang='lat' dir='ltr'>sacramento</span> <span class='ocrx_word' id='word_1_146' title='bbox 1498 2163 1715 2204; x_wconf 89' lang='lat' dir='ltr'>mundari</span> <span class='ocrx_word' id='word_1_147' title='bbox 1731 2164 1803 2204; x_wconf 90' lang='lat' dir='ltr'>de-</span> 
     </span>
     <span class='ocr_line' id='line_1_22' title="bbox 173 2235 1801 2288; baseline -0.001 -12"><span class='ocrx_word' id='word_1_148' title='bbox 173 2236 396 2287; x_wconf 87' lang='lat' dir='ltr'>siderant,</span> <span class='ocrx_word' id='word_1_149' title='bbox 420 2244 517 2276; x_wconf 85' lang='lat' dir='ltr'>tum</span> <span class='ocrx_word' id='word_1_150' title='bbox 537 2237 785 2288; x_wconf 90' lang='lat' dir='ltr'>praecipue</span> <span class='ocrx_word' id='word_1_151' title='bbox 806 2249 833 2277; x_wconf 95' lang='lat' dir='ltr'>a</span> <span class='ocrx_word' id='word_1_152' title='bbox 848 2237 1056 2288; x_wconf 89' lang='lat' dir='ltr'>pluribus</span> <span class='ocrx_word' id='word_1_153' title='bbox 1077 2237 1225 2276; x_wconf 91' lang='lat' dir='ltr'>bonae</span> <span class='ocrx_word' id='word_1_154' title='bbox 1246 2235 1394 2286; x_wconf 85' lang='lat' dir='ltr'>frugis</span> <span class='ocrx_word' id='word_1_155' title='bbox 1416 2241 1460 2275; x_wconf 91' lang='lat' dir='ltr'>et</span> <span class='ocrx_word' id='word_1_156' title='bbox 1481 2241 1717 2287; x_wconf 89' lang='lat' dir='ltr'>spectatae</span> <span class='ocrx_word' id='word_1_157' title='bbox 1738 2235 1801 2275; x_wconf 93' lang='lat' dir='ltr'>in-</span> 
     </span>
     <span class='ocr_line' id='line_1_23' title="bbox 176 2305 1805 2358; baseline -0.001 -11"><span class='ocrx_word' id='word_1_158' title='bbox 176 2307 295 2347; x_wconf 91' lang='lat' dir='ltr'>dolis</span> <span class='ocrx_word' id='word_1_159' title='bbox 315 2308 714 2358; x_wconf 83' lang='lat' dir='ltr'>adolescentibus,</span> <span class='ocrx_word' id='word_1_160' title='bbox 738 2313 787 2348; x_wconf 94' lang='lat' dir='ltr'>ut</span> <span class='ocrx_word' id='word_1_161' title='bbox 807 2308 922 2348; x_wconf 77' lang='lat' dir='ltr'>viris</span> <span class='ocrx_word' id='word_1_162' title='bbox 944 2313 1096 2347; x_wconf 87' lang='lat' dir='ltr'>aetate</span> <span class='ocrx_word' id='word_1_163' title='bbox 1123 2314 1167 2347; x_wconf 92' lang='lat' dir='ltr'>et</span> <span class='ocrx_word' id='word_1_164' title='bbox 1196 2307 1410 2347; x_wconf 86' lang='lat' dir='ltr'>doctrina</span> <span class='ocrx_word' id='word_1_165' title='bbox 1435 2306 1694 2358; x_wconf 88' lang='lat' dir='ltr'>provectis,</span> <span class='ocrx_word' id='word_1_166' title='bbox 1726 2305 1805 2357; x_wconf 89' lang='lat' dir='ltr'>qui</span> 
     </span>
     <span class='ocr_line' id='line_1_24' title="bbox 175 2376 1803 2429; baseline -0.001 -11"><span class='ocrx_word' id='word_1_167' title='bbox 175 2379 325 2418; x_wconf 89' lang='lat' dir='ltr'>nostri</span> <span class='ocrx_word' id='word_1_168' title='bbox 345 2379 528 2429; x_wconf 90' lang='lat' dir='ltr'>collegii</span> <span class='ocrx_word' id='word_1_169' title='bbox 562 2378 918 2418; x_wconf 87' lang='lat' dir='ltr'>contubernales</span> <span class='ocrx_word' id='word_1_170' title='bbox 945 2378 1044 2418; x_wconf 87' lang='lat' dir='ltr'>fieri</span> <span class='ocrx_word' id='word_1_171' title='bbox 1070 2378 1322 2429; x_wconf 90' lang='lat' dir='ltr'>postulant.</span> <span class='ocrx_word' id='word_1_172' title='bbox 1351 2376 1438 2418; x_wconf 86' lang='lat' dir='ltr'>Sec</span> <span class='ocrx_word' id='word_1_173' title='bbox 1468 2377 1650 2417; x_wconf 91' lang='lat' dir='ltr'>illorum</span> <span class='ocrx_word' id='word_1_174' title='bbox 1677 2376 1803 2416; x_wconf 91' lang='lat' dir='ltr'>dum-</span> 
     </span>
     <span class='ocr_line' id='line_1_25' title="bbox 175 2447 1804 2501; baseline -0.001 -12"><span class='ocrx_word' id='word_1_175' title='bbox 175 2455 308 2490; x_wconf 83' lang='lat' dir='ltr'>taxat</span> <span class='ocrx_word' id='word_1_176' title='bbox 329 2450 493 2490; x_wconf 91' lang='lat' dir='ltr'>electio</span> <span class='ocrx_word' id='word_1_177' title='bbox 515 2449 639 2489; x_wconf 89' lang='lat' dir='ltr'>facta</span> <span class='ocrx_word' id='word_1_178' title='bbox 660 2455 743 2499; x_wconf 88' lang='lat' dir='ltr'>est,</span> <span class='ocrx_word' id='word_1_179' title='bbox 768 2449 845 2501; x_wconf 88' lang='lat' dir='ltr'>qui</span> <span class='ocrx_word' id='word_1_180' title='bbox 867 2449 1017 2500; x_wconf 88' lang='lat' dir='ltr'>magis</span> <span class='ocrx_word' id='word_1_181' title='bbox 1046 2460 1070 2488; x_wconf 90' lang='lat' dir='ltr'>e</span> <span class='ocrx_word' id='word_1_182' title='bbox 1101 2449 1384 2489; x_wconf 85' lang='lat' dir='ltr'>christianae</span> <span class='ocrx_word' id='word_1_183' title='bbox 1410 2448 1597 2500; x_wconf 88' lang='lat' dir='ltr'>pietatis</span> <span class='ocrx_word' id='word_1_184' title='bbox 1628 2460 1678 2488; x_wconf 93' lang='lat' dir='ltr'>re</span> <span class='ocrx_word' id='word_1_185' title='bbox 1705 2447 1804 2487; x_wconf 86' lang='lat' dir='ltr'>fore</span> 
     </span>
     <span class='ocr_line' id='line_1_26' title="bbox 176 2520 409 2560; baseline 0.004 -1"><span class='ocrx_word' id='word_1_186' title='bbox 176 2520 267 2560; x_wconf 85' lang='lat' dir='ltr'>visi</span> <span class='ocrx_word' id='word_1_187' title='bbox 288 2526 409 2560; x_wconf 89' lang='lat' dir='ltr'>sunt.</span> 
     </span>
    </p>

    <p class='ocr_par' dir='ltr' id='par_1_6' title="bbox 176 2589 1808 2784">
     <span class='ocr_line' id='line_1_27' title="bbox 256 2589 1806 2642; baseline -0.001 -11"><span class='ocrx_word' id='word_1_188' title='bbox 256 2591 361 2642; x_wconf 88' lang='lat' dir='ltr'>Est,</span> <span class='ocrx_word' id='word_1_189' title='bbox 387 2597 436 2631; x_wconf 94' lang='lat' dir='ltr'>ut</span> <span class='ocrx_word' id='word_1_190' title='bbox 462 2603 599 2631; x_wconf 90' lang='lat' dir='ltr'>nosse</span> <span class='ocrx_word' id='word_1_191' title='bbox 636 2597 679 2631; x_wconf 91' lang='lat' dir='ltr'>te</span> <span class='ocrx_word' id='word_1_192' title='bbox 708 2591 932 2641; x_wconf 87' lang='lat' dir='ltr'>arbitror,</span> <span class='ocrx_word' id='word_1_193' title='bbox 971 2590 1204 2641; x_wconf 90' lang='lat' dir='ltr'>Compluti</span> <span class='ocrx_word' id='word_1_194' title='bbox 1240 2589 1521 2641; x_wconf 86' lang='lat' dir='ltr'>Collegium,</span> <span class='ocrx_word' id='word_1_195' title='bbox 1559 2590 1637 2630; x_wconf 91' lang='lat' dir='ltr'>ubi</span> <span class='ocrx_word' id='word_1_196' title='bbox 1667 2590 1806 2630; x_wconf 89' lang='lat' dir='ltr'>trium</span> 
     </span>
     <span class='ocr_line' id='line_1_28' title="bbox 176 2659 1808 2713; baseline -0.001 -12"><span class='ocrx_word' id='word_1_197' title='bbox 176 2662 443 2713; x_wconf 88' lang='lat' dir='ltr'>linguarum</span> <span class='ocrx_word' id='word_1_198' title='bbox 484 2663 633 2702; x_wconf 88' lang='lat' dir='ltr'>cultus</span> <span class='ocrx_word' id='word_1_199' title='bbox 672 2661 861 2702; x_wconf 88' lang='lat' dir='ltr'>nitidior</span> <span class='ocrx_word' id='word_1_200' title='bbox 903 2661 1034 2702; x_wconf 86' lang='lat' dir='ltr'>reddi</span> <span class='ocrx_word' id='word_1_201' title='bbox 1073 2662 1330 2702; x_wconf 81' lang='lat' dir='ltr'>consuevit.</span> <span class='ocrx_word' id='word_1_202' title='bbox 1373 2661 1477 2701; x_wconf 91' lang='lat' dir='ltr'>Huc</span> <span class='ocrx_word' id='word_1_203' title='bbox 1513 2672 1572 2700; x_wconf 85' lang='lat' dir='ltr'>ex</span> <span class='ocrx_word' id='word_1_204' title='bbox 1608 2659 1808 2701; x_wconf 86' lang='lat' dir='ltr'>diversis</span> 
     </span>
     <span class='ocr_line' id='line_1_29' title="bbox 176 2730 1805 2784; baseline -0.001 -11"><span class='ocrx_word' id='word_1_205' title='bbox 176 2732 432 2784; x_wconf 88' lang='lat' dir='ltr'>Hispaniae</span> <span class='ocrx_word' id='word_1_206' title='bbox 462 2732 720 2784; x_wconf 79' lang='lat' dir='ltr'>provinciis</span> <span class='ocrx_word' id='word_1_207' title='bbox 754 2733 932 2784; x_wconf 90' lang='lat' dir='ltr'>aliquot</span> <span class='ocrx_word' id='word_1_208' title='bbox 967 2738 1287 2773; x_wconf 78' lang='lat' dir='ltr'>convenerunt</span> <span class='ocrx_word' id='word_1_209' title='bbox 1323 2732 1379 2772; x_wconf 90' lang='lat' dir='ltr'>de</span> <span class='ocrx_word' id='word_1_210' title='bbox 1418 2743 1568 2783; x_wconf 88' lang='lat' dir='ltr'>more,</span> <span class='ocrx_word' id='word_1_211' title='bbox 1607 2730 1805 2783; x_wconf 78' lang='lat' dir='ltr'>juvenes</span> 
     </span>
    </p>
   </div>
   <div class='ocr_carea' id='block_1_5' title="bbox 180 2866 1806 2997">
    <p class='ocr_par' dir='ltr' id='par_1_7' title="bbox 180 2866 1806 2997">
     <span class='ocr_line' id='line_1_30' title="bbox 230 2866 1800 2904; baseline -0.002 -7"><span class='ocrx_word' id='word_1_212' title='bbox 230 2869 240 2889; x_wconf 82' lang='lat'>¹</span> <span class='ocrx_word' id='word_1_213' title='bbox 280 2869 545 2904; x_wconf 87' lang='lat' dir='ltr'>Transumptum</span> <span class='ocrx_word' id='word_1_214' title='bbox 561 2877 579 2896; x_wconf 82' lang='lat' dir='ltr'>a</span> <span class='ocrx_word' id='word_1_215' title='bbox 595 2869 630 2896; x_wconf 88' lang='lat' dir='ltr'>P.</span> <span class='ocrx_word' id='word_1_216' title='bbox 647 2868 820 2896; x_wconf 70' lang='lat' dir='ltr'>Rei-nardo</span> <span class='ocrx_word' id='word_1_217' title='bbox 837 2867 985 2896; x_wconf 87' lang='lat' dir='ltr'>Oliverio</span> <span class='ocrx_word' id='word_1_218' title='bbox 1001 2868 1191 2895; x_wconf 78' lang='lat' dir='ltr'>confectum</span> <span class='ocrx_word' id='word_1_219' title='bbox 1203 2868 1235 2895; x_wconf 89' lang='lat' dir='ltr'>in</span> <span class='ocrx_word' id='word_1_220' title='bbox 1251 2867 1341 2900; x_wconf 85' lang='lat' dir='ltr'>solio,</span> <span class='ocrx_word' id='word_1_221' title='bbox 1356 2867 1408 2894; x_wconf 88' lang='lat' dir='ltr'>cui</span> <span class='ocrx_word' id='word_1_222' title='bbox 1420 2874 1578 2894; x_wconf 84' lang='lat' dir='ltr'>numerus</span> <span class='ocrx_word' id='word_1_223' title='bbox 1591 2866 1670 2894; x_wconf 87' lang='lat' dir='ltr'>olim</span> <span class='ocrx_word' id='word_1_224' title='bbox 1682 2867 1745 2894; x_wconf 87' lang='lat' dir='ltr'>fuit</span> <span class='ocrx_word' id='word_1_225' title='bbox 1757 2866 1800 2898; x_wconf 83' lang='lat'>59,</span> 
     </span>
     <span class='ocr_line' id='line_1_31' title="bbox 180 2917 454 2944; baseline 0.004 -1"><span class='ocrx_word' id='word_1_226' title='bbox 180 2924 266 2943; x_wconf 86' lang='lat' dir='ltr'>nunc</span> <span class='ocrx_word' id='word_1_227' title='bbox 281 2921 397 2944; x_wconf 83' lang='lat' dir='ltr'>autem</span> <span class='ocrx_word' id='word_1_228' title='bbox 412 2917 454 2944; x_wconf 81' lang='lat'>19.</span> 
     </span>
     <span class='ocr_line' id='line_1_32' title="bbox 230 2961 1806 2997; baseline -0.002 -6"><span class='ocrx_word' id='word_1_229' title='bbox 230 2965 245 2983; x_wconf 75' lang='lat'>2&#39;</span> <span class='ocrx_word' id='word_1_230' title='bbox 281 2964 370 2992; x_wconf 89' lang='lat' dir='ltr'>Loco</span> <span class='ocrx_word' id='word_1_231' title='bbox 383 2965 475 2993; x_wconf 79' lang='lat' dir='ltr'>vocis</span> <span class='ocrx_word' id='word_1_232' title='bbox 488 2965 617 2992; x_wconf 73' lang='lat' dir='ltr'>Petrus</span> <span class='ocrx_word' id='word_1_233' title='bbox 628 2963 838 2997; x_wconf 79' lang='lat' dir='ltr'>suspicamur</span> <span class='ocrx_word' id='word_1_234' title='bbox 850 2963 882 2990; x_wconf 91' lang='lat' dir='ltr'>in</span> <span class='ocrx_word' id='word_1_235' title='bbox 896 2962 1110 2996; x_wconf 83' lang='lat' dir='ltr'>autographo</span> <span class='ocrx_word' id='word_1_236' title='bbox 1123 2961 1278 2996; x_wconf 78' lang='lat' dir='ltr'>Dionysii</span> <span class='ocrx_word' id='word_1_237' title='bbox 1291 2961 1449 2996; x_wconf 83' lang='lat' dir='ltr'>Vazquez</span> <span class='ocrx_word' id='word_1_238' title='bbox 1465 2961 1564 2989; x_wconf 80' lang='lat' dir='ltr'>fuisse</span> <span class='ocrx_word' id='word_1_239' title='bbox 1578 2961 1675 2989; x_wconf 89' lang='lat' dir='ltr'>hane:</span> <span class='ocrx_word' id='word_1_240' title='bbox 1690 2961 1806 2988; x_wconf 83' lang='lat' dir='ltr'>Pater.</span> 
     </span>
    </p>
   </div>
  </div>
 </body>
</html>
