1987 3260
842 192 925 230 AN.
956 192 1048 230 1552
1699 195 1771 230 517

133 289 368 339 quivimus
389 300 608 329 recusare
630 289 811 329 honesti
838 300 996 329 causa.
1030 288 1204 330 Omnes
1232 289 1345 329 fiunt
1371 289 1584 329 benevoli
1615 290 1764 340 nobis,

134 360 336 399 maxime
358 366 618 409 magnates,
638 372 722 399 nec
744 359 881 400 modo
898 359 1221 410 ferrarienseS,
1240 359 1320 399 sed
1343 360 1482 400 etiam
1503 361 1670 410 exteri,
1689 362 1767 411 qui

136 436 312 470 tantam
333 430 389 470 de
409 431 542 470 nobis
563 437 877 482 conceperunt
898 431 1164 482 opinionem
1190 431 1282 478 (det
1302 430 1429 471 Deus
1450 437 1498 471 ut
1520 442 1624 471 eam
1646 431 1766 471 tucri

133 507 357 551 quantum
376 501 434 540 ad
456 501 599 552 ipsius
621 502 819 551 gloriam
840 501 1025 553 expedit
1046 501 1312 552 possimus),
1337 508 1384 541 ut
1405 502 1538 541 nobis
1559 514 1586 542 a
1609 513 1766 553 supre-

133 583 206 611 mo
228 571 453 611 donatore
474 573 695 623 specialia
717 572 947 624 quaedam
967 571 1091 612 dona
1114 584 1338 612 concessa
1355 571 1576 623 judicent,
1600 573 1766 624 quibus

133 643 236 682 aliis
257 649 300 682 ct
321 643 538 682 maximis
559 643 744 694 quidem
764 644 810 683 in
831 643 970 684 rebus
993 643 1214 694 opitulari
1236 644 1493 683 valeamus.

209 712 345 763 Hinc,
366 713 411 752 in
434 714 602 765 oppido
620 714 789 764 vicino,
810 714 1049 765 Argenteo
1071 714 1258 754 nomine
1283 713 1308 763 ¹,
1329 714 1579 764 collegium
1599 715 1762 764 nostri,

130 784 169 823 si
187 783 245 823 V.
266 783 314 823 P.
336 784 515 824 admitti
531 785 770 835 voluisset,
786 785 1081 836 offe1·ebatur;
1102 785 1226 835 hinc,
1247 783 1474 836 sidejecto
1489 785 1644 825 animo
1662 785 1765 836 quis

129 855 282 902 fuerit,
303 855 361 894 ad
383 867 467 895 nos
488 855 684 905 ducitur;
704 856 743 895 si
759 855 1044 907 perturbato,
1066 856 1239 907 itidem;
1260 856 1298 895 si
1316 868 1342 895 a
1360 856 1586 896 daemone
1609 856 1762 895 obses-

130 937 202 975 so,
229 926 352 977 quod
373 938 466 966 non
487 938 596 966 raro
627 927 875 977 contingit,
906 927 965 967 ad
993 939 1077 967 nos
1107 928 1393 977 accurritur;
1424 928 1464 967 si
1491 927 1600 979 quid
1627 939 1763 979 quae-

128 997 308 1043 stionis,
330 997 522 1047 dissidii,
543 998 762 1049 scrupuli,
782 998 837 1038 de
856 998 911 1037 iis
929 998 1207 1038 sententiam
1225 998 1380 1038 dicere
1401 998 1629 1048 cogimur;
1653 998 1761 1037 huc-

130 1079 289 1118 usque,
325 1067 447 1119 quod
481 1068 641 1118 sciam,
676 1079 781 1107 cum
816 1069 1022 1108 omnium
1056 1068 1392 1109 satisfactione.
1425 1067 1678 1120 Speramus
1714 1069 1760 1109 in

128 1137 328 1177 Domino
346 1138 482 1189 quod,
502 1150 607 1178 cum
624 1150 708 1190 pro
725 1138 979 1190 fragilitate
995 1146 1157 1180 nostra
1173 1140 1543 1190 plantaverimus
1561 1152 1617 1179 ac
1638 1140 1759 1190 riga-

131 1208 354 1258 verimus,
378 1209 717 1248 incrementum
738 1210 837 1260 ipse
858 1210 999 1250 dabit.

213 1278 392 1327 Habes,
416 1278 470 1319 R.
494 1278 560 1329 R,
586 1291 703 1331 quae
724 1279 858 1328 mihi,
882 1281 1056 1332 alioqui
1082 1286 1336 1332 occupato,
1372 1292 1619 1321 occurrere
1648 1281 1757 1320 scri-

130 1349 302 1399 benda,
327 1360 445 1400 quae
472 1349 552 1390 tibi
579 1350 731 1400 magis
758 1362 897 1401 quam
923 1351 1009 1391 sibi
1037 1351 1347 1392 adscribenda
1374 1357 1565 1391 censent
1598 1363 1759 1391 omnes

128 1420 305 1470 merito,
326 1426 374 1460 ut
391 1421 468 1471 qui
484 1420 695 1472 Moysem
713 1432 829 1472 agas
841 1421 950 1461 dum
966 1422 1265 1473 praeliantur,
1286 1429 1422 1473 teque
1436 1422 1606 1462 obnixe
1623 1428 1757 1462 orant

128 1502 185 1530 nc
213 1503 239 1530 a
267 1502 488 1531 manuum
514 1492 774 1532 elevatione
802 1492 1023 1543 desistas,
1061 1505 1166 1533 cum
1194 1494 1399 1545 quotidie
1426 1493 1515 1533 illis
1543 1499 1622 1533 aut
1652 1504 1758 1533 cum

128 1561 224 1601 suis
265 1568 343 1601 aut
382 1574 487 1602 cum
525 1563 690 1602 alienis
724 1562 979 1604 defectibus
1014 1564 1413 1614 congrediendum
1447 1564 1519 1603 sit.
1559 1563 1758 1603 Tamdiu

127 1638 283 1671 autem
300 1644 348 1672 se
365 1633 562 1673 victoria
579 1633 811 1684 potituros
828 1630 1079 1685 confidunt,
1095 1635 1315 1686 quamdiu
1332 1635 1378 1674 in
1395 1636 1573 1675 coelum
1591 1646 1759 1674 manus

128 1703 370 1743 sustuleris
391 1710 510 1744 tuas.

204 1773 465 1824 Ferrariae,
489 1775 552 1814 4.0
572 1775 679 1815 Idus
698 1775 923 1828 Januarii,
949 1789 1072 1817 anno
1093 1777 1428 1828 redemptionis
1452 1776 1567 1816 1552.

206 1843 563 1896 Indignissimus
583 1845 701 1886 filius
722 1846 770 1886 P.
791 1847 934 1898 Tuae,

1068 1991 1172 2043 JOA.
1204 1991 1543 2031 PELLETARIUS.

206 2200 574 2251 Superscrzptz'o.
607 2200 638 2252 “1-
664 2200 723 2240 Al
745 2203 886 2241 molto
908 2201 1010 2242 R.d0
1032 2202 1079 2241 in
1099 2202 1183 2242 X.0
1202 2201 1352 2242 Padre
1373 2203 1404 2242 il
1426 2202 1498 2242 Re
1520 2202 1604 2242 M.⁰
1626 2203 1758 2253 Igna-

127 2271 198 2311 cio
220 2272 275 2311 de
295 2272 488 2323 Loyola,
513 2271 754 2323 Preposito
777 2272 1006 2312 Generale
1028 2273 1083 2313 de
1105 2274 1149 2313 la
1170 2272 1464 2325 Compagnia
1486 2274 1542 2314 de
1561 2275 1687 2327 Jesu,
1713 2274 1758 2314 in

131 2341 290 2381 Roma.

206 2413 268 2452 Et
289 2424 432 2451 mann
454 2413 664 2464 Jocmm's
684 2413 774 2453 Pla.
807 2413 924 2454 Vt'to:
948 2414 1061 2454 1552.
1088 2414 1236 2465 Quad.
1262 2415 1495 2456 Ferraria.
1521 2428 1552 2456 Χ
1574 2416 1620 2456 di
1639 2414 1759 2455 Gen-

127 2495 256 2523 naro.

181 2641 191 2661 ¹
231 2642 397 2676 Argenta.
