1987 3260
220 159 291 196 510
723 160 948 196 LITTERAE
974 169 1328 201 QUADRIMESTRES

941 608 1128 663 CXXI

288 835 335 872 P.
357 835 549 882 Joannes
569 835 831 872 Pelletarius

336 900 455 936 Patri
474 900 643 946 Ignatio
663 899 715 937 de
734 900 918 948 Loyola.

382 964 603 1009 Ferraria,
628 965 673 1001 10
690 965 888 1011 Januarii
908 965 999 1002 1552
1016 966 1040 1001 ¹.

854 1140 976 1216 IHS÷
987 1175 1201 1216 MARIA.

296 1317 412 1358 Cum
433 1330 491 1358 ex
508 1319 720 1358 omnibus
737 1318 833 1359 fere
850 1319 975 1358 orbis
997 1319 1197 1369 sedibus,
1218 1319 1263 1358 in
1280 1319 1445 1369 quibus
1461 1317 1526 1357 tui
1548 1317 1699 1368 sparsi
1715 1322 1836 1366 sunt,

214 1389 273 1428 ad
295 1394 339 1428 te
364 1389 546 1429 litterae
576 1390 886 1441 perferantur,
919 1390 1210 1430 observande
1236 1390 1387 1435 Pater,
1420 1389 1583 1440 quibus
1613 1393 1838 1439 quantum

213 1471 383 1510 operae
404 1461 451 1500 in
471 1472 555 1500 suo
576 1461 769 1512 quisque
790 1473 981 1501 munere
1002 1462 1210 1511 collocet,
1230 1467 1494 1511 quantaque
1516 1458 1759 1498 sedulitate
1782 1470 1836 1498 ac

213 1531 367 1570 studio
388 1542 552 1571 sacrae
571 1532 678 1584 Jesu
712 1531 960 1571 Societatis
980 1543 1149 1571 nomen
1170 1531 1405 1582 operibus,
1434 1529 1663 1580 majorum
1689 1540 1833 1578 more,

213 1607 423 1651 exornet,
447 1608 601 1641 certus
622 1602 854 1642 reddaris:
883 1602 1047 1642 merito
1069 1602 1273 1641 animum
1294 1607 1424 1640 tuum
1445 1601 1617 1640 subiret
1638 1598 1836 1639 admira-

212 1672 276 1711 tio
299 1672 337 1711 si
358 1672 413 1712 de
446 1685 606 1712 eorum
627 1674 791 1723 gestis,
816 1685 932 1724 quos
951 1673 1218 1712 Ferrariam
1250 1684 1274 1712 a
1303 1679 1346 1711 te
1375 1671 1602 1721 ablegasti
1630 1682 1712 1710 sex
1739 1669 1836 1721 jam

213 1743 391 1783 exactis
412 1744 670 1793 mensibus,
694 1744 807 1783 nihil
830 1745 888 1783 ad
912 1743 1241 1783 paternitatem
1271 1742 1419 1782 Tuam
1450 1741 1831 1792 perscriberetur.

215 1812 348 1864 Quod
370 1825 483 1853 sane
499 1826 584 1853 nec
606 1814 688 1853 tibi
705 1814 973 1865 jucundum,
998 1826 1083 1853 nec
1105 1815 1194 1853 illis
1215 1813 1536 1861 honorificum,
1555 1823 1640 1852 nec
1663 1812 1733 1861 iis,
1758 1811 1835 1862 qui

212 1884 385 1924 Christi
405 1885 541 1924 rebus
562 1896 784 1936 prospere
805 1885 1052 1924 fluentibus
1082 1885 1287 1924 recreari
1315 1884 1561 1935 plurimum
1588 1889 1633 1922 et
1663 1882 1722 1922 ad
1753 1893 1835 1921 eas

209 1954 565 2005 pertractandas
587 1956 779 1995 accendi
802 1956 998 1995 aliorum
1020 1956 1231 2006 exemplo
1259 1965 1565 2004 consuevere,
1595 1953 1705 1992 utile
1734 1953 1832 1992 fore

211 2026 502 2065 crediderim.
526 2026 658 2066 Unde
680 2026 801 2066 enim
822 2038 966 2077 prope
988 2026 1172 2065 divinus
1193 2031 1298 2065 tuus
1321 2025 1501 2065 animus
1527 2024 1703 2063 laetitia
1732 2035 1833 2074 per—

212 2096 430 2147 funditur,
455 2097 545 2136 nisi
566 2108 671 2136 cum
703 2097 855 2147 audis,
886 2097 1050 2148 quibus
1077 2102 1121 2136 te
1149 2096 1327 2136 suffecit
1357 2108 1491 2135 suum
1519 2097 1565 2135 in
1585 2096 1739 2134 locum
1760 2105 1830 2133 su-

210 2179 397 2216 premus
418 2168 686 2219 imperator,
705 2168 888 2219 milites,
913 2169 1002 2220 ipsi
1017 2168 1190 2219 tibique
1211 2168 1352 2207 semel
1374 2167 1531 2206 datam
1552 2165 1688 2205 fidem
1703 2166 1830 2204 nullo

210 2244 345 2288 pacto
368 2238 586 2289 frangere
608 2245 745 2290 atque
765 2240 960 2289 violare,
991 2251 1076 2279 nec
1106 2250 1309 2290 unquam
1341 2250 1367 2278 a
1394 2237 1626 2288 praesidio
1656 2248 1709 2276 ac
1741 2242 1829 2275 sta-

208 2309 332 2348 tione
354 2308 611 2359 discedere,
636 2310 858 2349 excubias
880 2321 1040 2361 agere,
1064 2310 1220 2349 hostes
1243 2320 1333 2360 qua
1353 2315 1547 2359 possunt
1567 2307 1827 2357 vigilantia,

209 2380 371 2429 armis,
402 2379 601 2429 viribus,
630 2381 925 2431 propulsare,
957 2390 1249 2431 oppugnare,
1279 2389 1570 2429 expugnare,
1601 2388 1832 2416 memores

207 2450 327 2489 illius
361 2450 485 2501 quod
517 2450 734 2500 singulis,
773 2451 851 2501 qui
882 2451 990 2490 huic
1023 2450 1212 2490 militiae
1246 2461 1413 2489 nomen
1441 2448 1622 2498 dedere,
1656 2447 1829 2487 dictum

208 2521 358 2560 ausim
390 2532 622 2560 asserere:
652 2524 702 2560 tu
725 2533 836 2560 vero
865 2521 1044 2571 vigila,
1072 2521 1121 2560 in
1149 2520 1361 2560 omuibus
1388 2519 1573 2565 labora,
1600 2523 1719 2569 opus
1739 2518 1829 2567 fac

214 2591 562 2641 evangelistae,
583 2591 897 2631 ministerium
924 2595 1058 2631 tuum
1083 2591 1246 2642 imple,·
1272 2597 1316 2630 et
1344 2590 1482 2629 illius:
1514 2589 1678 2628 labora
1704 2588 1824 2627 sicut

210 2662 356 2701 bonus
383 2661 516 2701 miles
544 2662 722 2701 Christi
737 2662 858 2713 sesu
885 2673 938 2701 ac
966 2662 1144 2702 solicite
1173 2673 1288 2701 cnm
1314 2661 1515 2711 teipsmu
1539 2658 1828 2710 probabilem

207 2731 425 2771 exhibere
463 2733 560 2772 Deo
600 2732 871 2783 operarium
887 2765 897 2781 ,
936 2731 1335 2782 incoltfztsz'bslem,
1375 2734 1495 2770 recte
1543 2732 1827 2769 tractantem

259 2869 269 2888 ¹
311 2868 557 2901 Autographae
572 2869 707 2895 litterae
722 2873 798 2894 sunt
813 2869 845 2894 in
866 2868 1075 2902 quadruplici
1091 2867 1180 2899 solio,
1203 2867 1254 2894 cui
1278 2875 1331 2893 nn.
1346 2867 1436 2892 50:30.
1455 2866 1674 2899 Subscriptae
1690 2865 1824 2898 quidem

206 2919 283 2942 sunt
298 2923 318 2942 a
333 2914 367 2941 P.
382 2914 509 2947 Joanne
525 2914 718 2947 Pelletario,
735 2915 792 2941 sed
807 2922 925 2941 manus
938 2914 1074 2941 videtur
1089 2913 1227 2946 Joannis
1242 2913 1415 2947 Baptistae
1434 2914 1471 2939 de
1488 2912 1575 2945 Jesu,
1593 2919 1612 2938 a
1628 2918 1702 2945 quo,
1723 2911 1751 2937 si
1766 2910 1825 2937 sti-

205 2964 273 2990 ]um
289 2962 489 2994 consideres,
506 2961 676 2988 consectas
692 2962 826 2989 litteras
838 2962 1016 2996 judicabis.
