1987 3260
834 182 871 219 A
881 193 916 218 x.
947 181 1038 218 1552
1673 175 1744 213 593

198 280 267 319 En
288 277 486 329 Gaudia,
506 284 717 329 postrero
735 278 790 318 de
808 277 943 317 Abril
962 277 1018 316 de
1043 274 1157 315 1552.

202 350 291 389 Por
313 349 540 389 comision
562 349 618 389 de
639 353 828 389 nuestro
851 347 901 387 P.
930 346 1157 396 Ramista,

207 420 277 460 Dc
298 420 356 460 V.
381 419 430 459 P.
455 419 647 469 indigno
670 417 762 470 hijo
783 431 813 470 y
830 418 998 467 sicrv0‚

1370 625 1400 646 A.

1242 647 1475 752 NAvsiRRo
1505 676 1537 728 †

1381 753 1388 782 1

207 948 557 999 &perscriptio
586 949 636 988 in
664 953 837 1000 quarta
860 947 1074 999 pagina:
1101 946 1162 987 Al
1189 946 1300 997 Muy
1326 944 1426 985 R.‘10
1454 956 1511 984 en
1535 943 1674 985 Chro.
1698 942 1748 983 P.

127 1020 168 1059 el
185 1019 234 1059 P.
260 1017 465 1059 Maestro
487 1018 678 1069 Ignacio
701 1019 756 1059 de
773 1018 968 1070 Loona,
992 1017 1232 1069 Preposito
1263 1016 1464 1057 General
1482 1015 1537 1055 de
1558 1016 1602 1054 la
1621 1014 1751 1055 Com-

128 1091 266 1141 pafiia
288 1088 344 1128 de
364 1088 513 1141 Jesus,
538 1096 643 1140 etc.‚
667 1101 723 1129 en
740 1089 902 1129 Roma.

210 1159 320 1199 Alia
342 1171 504 1200 manu:
536 1159 649 1199 1552.
674 1160 903 1200 Navarro.

555 1509 834 1536 Praecedentium
848 1509 1042 1536 litterarum
1062 1507 1171 1535 latina
1187 1507 1301 1534 versio
1319 1507 1339 1533 ¹.

894 1685 993 1761 nis

215 1934 480 1976 Admodum
502 1935 548 1974 in
570 1933 755 1975 Christo
775 1933 874 1974 R.de
896 1933 1051 1974 Pater.

214 2005 380 2047 Gratia
401 2011 446 2045 et
466 2017 560 2056 pax
580 2004 770 2044 Domini
791 2004 950 2044 Nostri
969 2004 1080 2057 Jesu
1102 2003 1277 2044 Christi
1298 2003 1356 2043 sit
1382 2014 1565 2054 semper
1591 2002 1638 2042 in
1666 2003 1760 2042 ani-

135 2078 223 2117 mis
243 2076 429 2116 nostris.
448 2075 614 2115 Amen.

214 2147 390 2187 Partim
411 2145 519 2197 quia
539 2145 588 2185 P.
612 2144 668 2184 N.
690 2157 784 2185 non
811 2151 937 2185 recte
963 2145 1143 2195 Valeat,
1175 2145 1347 2196 partim
1375 2149 1567 2196 propter
1593 2145 1764 2183 multas

136 2218 234 2270 ejus
257 2217 612 2268 occupationes,
632 2215 789 2267 jussus
811 2227 914 2255 sum
935 2215 992 2255 ab
1013 2227 1068 2255 eo
1090 2214 1148 2255 ad
1169 2221 1214 2255 te
1234 2215 1399 2255 litteris
1420 2214 1644 2254 mandare
1668 2215 1760 2264 illa,

137 2290 192 2330 de
214 2289 380 2341 quibus
401 2287 573 2327 certior
593 2286 692 2326 fieri
713 2286 921 2336 deberes,
946 2298 1064 2338 quae
1083 2286 1304 2326 nimirum
1324 2286 1413 2326 hoc
1435 2285 1766 2337 quadrimestri

137 2360 368 2400 Dominus
390 2358 513 2409 apud
533 2369 619 2397 nos
642 2357 826 2408 operari
848 2356 1068 2408 dignatus
1089 2363 1158 2397 est
1177 2369 1260 2408 per
1276 2357 1475 2397 famulos
1497 2368 1621 2397 SUOS.

217 2431 448 2481 Egressus
470 2435 538 2468 est
559 2428 608 2467 P.
632 2433 792 2467 noster
812 2428 1023 2479 Baptista
1045 2428 1269 2468 natalitiis
1289 2428 1469 2478 diebus,
1493 2434 1542 2467 ut
1562 2427 1768 2478 peregri-

139 2508 329 2541 naretur
364 2506 407 2539 et
442 2499 664 2539 inviseret
699 2498 927 2549 quaedam
958 2498 1128 2549 oppida
1155 2505 1198 2538 et
1223 2499 1351 2549 loca,
1381 2510 1500 2550 quae
1523 2497 1656 2549 juxta
1682 2509 1770 2537 nos

140 2573 228 2612 sita
245 2577 365 2620 sunt3
386 2569 607 2621 quoniam
627 2575 783 2608 tamen
799 2569 986 2620 scripsit
1003 2567 1101 2619 jam
1116 2567 1256 2609 Pater
1277 2569 1336 2609 ad
1356 2575 1400 2609 te
1417 2569 1473 2608 de
1490 2569 1562 2608 his
1579 2569 1769 2619 copiose

195 2716 203 2736 ¹
244 2715 356 2742 Terna
379 2715 543 2742 habemus
568 2715 667 2749 hujus
690 2716 818 2742 latinae
844 2715 1011 2742 versionis
1035 2716 1255 2750 exemplaria.
1281 2716 1430 2743 Primum
1455 2716 1712 2750 autographum
1737 2716 1771 2743 in

143 2763 197 2790 sol.
213 2770 244 2789 n.
259 2762 320 2795 202,
337 2763 369 2789 in
389 2769 453 2796 quo
476 2766 587 2789 tamen
607 2763 715 2789 solum
737 2763 841 2789 verba
863 2762 923 2789 illa
945 2766 1134 2795 postrema:
1151 2765 1398 2790 commissione
1416 2765 1534 2798 patris
1551 2763 1618 2790 nri.
1640 2763 1765 2797 Bapti-

140 2811 230 2841 stae,
243 2811 325 2836 tuus
340 2809 738 2843 indignissimusfilins,
761 2808 938 2842 Navarra,
962 2814 1039 2836 sunt
1063 2817 1163 2836 manu
1188 2809 1292 2844 ipsius
1316 2810 1485 2837 Navarro.
1506 2811 1543 2837 In
1568 2819 1606 2838 eo
1631 2816 1679 2838 tot
1695 2815 1773 2838 sunt

142 2857 310 2884 vocabula
326 2856 423 2884 lineis
437 2862 497 2883 aut
513 2857 638 2883 circum
654 2857 771 2883 clausa
787 2861 846 2883 aut
861 2860 981 2890 operta
1002 2861 1035 2883 et
1055 2857 1160 2884 etiam
1181 2862 1376 2885 atramento
1399 2865 1554 2891 corrosa,
1570 2863 1606 2885 ut
1622 2858 1774 2893 impossi-

142 2904 208 2931 bile
233 2904 302 2930 sere
328 2903 371 2930 sit
396 2904 542 2936 litteras,
568 2908 667 2937 prout
690 2904 799 2937 primo
823 2903 972 2937 scriptae
997 2902 1110 2936 suere,
1136 2904 1377 2931 transcribere.
1402 2905 1480 2932 Ideo
1505 2913 1564 2933 nos
1591 2906 1772 2933 secundum

146 2951 361 2978 emendatum
377 2951 562 2985 exemplar,
578 2958 598 2978 a
612 2950 640 2983 J.
657 2950 717 2978 Ph.
734 2950 816 2977 Vito
832 2950 1032 2984 consectum,
1050 2951 1082 2977 in
1099 2951 1154 2977 fol.
1170 2950 1231 2985 ¹203,
1248 2952 1300 2979 hic
1314 2953 1592 2980 transcribemus.
1607 2953 1776 2984 Tertium,

144 2998 220 3025 huic
237 2998 269 3024 in
284 2997 437 3024 omnibus
452 2998 571 3031 simile,
591 3002 641 3024 est
658 2997 690 3024 in
707 2998 760 3024 sol.
773 2998 808 3024 5-1
824 2997 904 3024 Cod.
922 2997 1000 3023 1551.

333 3044 366 3052 ›v-

347 3061 380 3078 ι.
414 3057 435 3079 1.
1537 3047 1580 3092 38
