1987 3260
885 150 967 187 AN.
1005 151 1095 187 1550
1732 151 1804 189 215

895 600 1087 653 LXIV

245 809 426 846 Fratres
446 809 677 847 Societatis
693 811 800 857 Jesu
819 810 1003 847 Lovanii

296 874 418 911 Patri
436 874 604 920 Ignatio
624 875 677 912 de
696 875 877 923 Loyola.

339 938 551 985 Lovanio,
576 940 619 976 13
637 939 828 987 Augusti
850 940 940 977 1550
959 941 984 976 ¹.

976 1075 996 1108 ,ἰ-

943 1110 1040 1152 IHS

253 1236 305 1276 R.
331 1236 448 1277 Dne.
474 1238 767 1289 Praeposite:

253 1307 417 1348 Gratia
439 1308 625 1348 Domini
647 1309 807 1350 Nostri
825 1309 936 1362 Jesu
956 1310 1030 1351 X.i
1059 1311 1118 1350 sit
1139 1322 1322 1362 semper
1343 1322 1448 1351 cum
1470 1311 1518 1351 Ρ.
1543 1311 1601 1351 V.

251 1378 350 1418 ΕΑΘ
372 1379 418 1418 in
438 1379 522 1419 X.0
542 1379 701 1420 Pater:
726 1381 1015 1433 Quandoque
1035 1387 1199 1422 sancta
1229 1381 1490 1422 obedientia
1513 1382 1573 1422 ad
1602 1382 1689 1422 hoc
1716 1393 1806 1422 nos

173 1450 430 1501 compellit,
455 1451 708 1502 spiritualis
736 1463 918 1504 quoque
944 1452 1125 1493 fructus
1155 1464 1248 1492 non
1274 1453 1427 1492 minus
1456 1453 1629 1493 alliciat
1650 1459 1699 1493 ut
1730 1465 1802 1503 ea,

173 1532 292 1572 quae
312 1533 393 1572 per
414 1533 499 1561 nos
525 1522 741 1573 indignos
771 1522 999 1563 Dominus
1030 1534 1225 1575 operare
1253 1522 1488 1574 dignatur,
1521 1523 1569 1563 P.
1594 1524 1653 1564 V.
1677 1530 1804 1564 tran·

173 1592 452 1642 scribantur,
476 1592 584 1633 hinc
605 1592 653 1633 fit
673 1599 722 1634 ut
742 1593 952 1644 liberius,
984 1605 1102 1645 quae
1124 1599 1397 1645 occurrunt,
1429 1594 1699 1646 simpliciter
1728 1606 1804 1634 ex-

175 1663 415 1714 plicemus.

254 1734 310 1773 Et
332 1733 517 1785 quidem
537 1734 586 1774 P.
610 1734 847 1775 Adrianus
868 1747 985 1786 pene
1006 1736 1132 1776 solus
1153 1735 1228 1776 hic
1249 1736 1297 1775 in
1316 1736 1455 1776 vinea
1475 1735 1665 1775 Domini
1681 1736 1806 1776 labo·

175 1810 267 1853 rat;
292 1806 456 1856 reliqui
476 1817 589 1845 vero
611 1806 775 1846 studiis
795 1807 1082 1846 incumbunt.
1105 1807 1177 1846 De
1197 1806 1299 1858 ipso
1322 1806 1552 1858 quaedam
1582 1806 1802 1846 referam.

255 1875 464 1926 Contigit
490 1882 539 1916 ut
565 1876 675 1917 dum
700 1877 930 1917 Dominus
958 1877 1201 1918 Cornelius
1236 1877 1414 1918 Crocus
1440 1877 1591 1928 primo
1620 1877 1807 1917 adesset

174 1945 302 1986 Patri
323 1945 533 1986 Adriano
555 1947 803 1987 confitendi
824 1948 1001 1998 gratia,
1027 1947 1258 1999 quomodo
1287 1960 1336 1988 se
1363 1947 1587 1988 Societati
1615 1954 1806 1988 nostrae

175 2015 448 2067 adjungeret
469 2018 545 2058 &o
563 2050 570 2067 ,
594 2018 732 2058 Pater
753 2018 905 2058 dictus
926 2024 1035 2058 tunc
1058 2024 1101 2058 et
1123 2018 1419 2069 postmodum
1440 2017 1583 2059 doluit
1606 2030 1660 2058 eo
1682 2018 1807 2069 quod

175 2100 268 2127 non
303 2089 616 2128 amoeniorem
644 2090 844 2135 vultum,
875 2089 1214 2129 exhortationis
1248 2089 1671 2140 inflamationisque
1705 2100 1804 2129 ver—

174 2159 283 2198 bum
305 2160 480 2198 nullum
509 2159 658 2199 eidem
687 2159 873 2200 fecisset
900 2160 1299 2211 exhibuissetque;
1331 2171 1527 2211 cumque
1548 2160 1671 2200 idem
1697 2159 1809 2200 Cro·

177 2241 260 2269 cus
280 2229 451 2269 rediret
472 2231 733 2270 Lovanium
755 2242 808 2270 eo
836 2231 990 2270 animo
1015 2237 1063 2270 ut
1093 2242 1142 2270 se
1169 2230 1390 2271 Societati
1415 2230 1690 2282 adjungeret
1718 2231 1806 2270 Ro-

177 2311 391 2351 mamque
426 2308 662 2352 pergeret,
701 2300 875 2341 dictum
908 2301 992 2341 fuit
1023 2301 1063 2341 ei
1090 2313 1117 2341 a
1151 2301 1354 2353 quodam
1388 2301 1505 2353 juris
1541 2301 1809 2342 Licentiato

176 2372 299 2423 quod
320 2372 566 2411 amabilem
586 2372 816 2412 inveniret
843 2371 1146 2423 Societatem;
1178 2373 1418 2424 respondit
1443 2373 1642 2414 Crocus:
1675 2373 1806 2423 satis,

177 2443 348 2493 inquit,
372 2454 518 2493 nuper
541 2443 860 2493 consideravi;
883 2443 1048 2483 videns
1070 2444 1191 2484 enirn
1225 2443 1394 2484 faciem
1421 2444 1556 2495 Mgri.
1588 2443 1807 2494 Adriani,

176 2513 371 2553 videbar
392 2514 506 2553 mihi
526 2513 694 2553 faciem
717 2514 871 2565 angeli
892 2514 1067 2554 videre.

254 2583 473 2624 Similiter
504 2584 673 2624 accidit
700 2584 842 2635 quod,
872 2585 1114 2635 videlicet,
1144 2585 1332 2636 quidam
1362 2597 1456 2626 non
1484 2585 1687 2626 ferentes
1718 2586 1807 2625 fre—

176 2661 392 2705 quentem
414 2655 755 2695 confessionem
776 2661 820 2695 et
842 2657 1235 2707 communionem,
1265 2663 1564 2696 accesserunt
1591 2663 1808 2696 nostrum

175 2724 285 2765 Divi
308 2726 550 2766 Michaelis
570 2727 792 2777 templum
818 2738 872 2767 eo
900 2727 1055 2767 animo
1082 2733 1131 2767 ut
1159 2727 1485 2778 conspicerent
1515 2727 1636 2767 unde
1668 2728 1806 2767 confi—

232 2861 241 2880 ¹
285 2861 370 2888 Tota
395 2862 539 2896 epistola
563 2861 691 2895 scripta
713 2865 763 2888 est
787 2869 885 2889 manu
908 2862 1011 2896 ipsius
1033 2861 1146 2889 Patris
1168 2862 1310 2889 Adriani
1328 2862 1585 2891 Adriaenssens.
1602 2863 1633 2889 in
1650 2863 1729 2890 folio
1745 2863 1806 2889 du—

178 2908 268 2942 plici,
285 2917 314 2936 n.
330 2909 380 2936 102
394 2913 427 2936 et
444 2909 502 2935 103.
521 2908 557 2935 In
574 2915 613 2935 ea
628 2912 742 2936 autem
757 2910 854 2943 plura
869 2910 1008 2944 repetit,
1033 2917 1117 2943 quae
1134 2910 1165 2936 in
1180 2910 1416 2943 praecedenti,
1438 2909 1514 2943 Julii
1537 2910 1554 2935 8
1574 2911 1671 2943 data,
1689 2917 1811 2937 narra·

177 2960 287 2983 verat.
