1987 3260
293 222 362 259 566
800 220 1025 257 LITTERAE
1052 230 1407 263 QUADRIMESTRES

292 318 443 368 gentis
465 317 575 358 dicti
596 317 838 357 annuerim
858 317 989 365 bene,
1014 316 1137 367 quod
1163 317 1221 356 sit
1243 318 1565 357 controversia
1600 318 1828 369 quaedam
1849 318 1913 358 in-

292 395 363 429 ter
382 389 672 428 Facultatem
693 387 878 427 Artium
899 393 944 427 et
964 387 1115 438 ipsum
1130 387 1400 439 Regentem,
1422 388 1711 439 disputantes
1729 389 1848 429 inter
1864 401 1915 429 se

293 460 352 499 ad
386 470 631 511 quemnam
665 457 973 509 proprietarie
1007 457 1236 509 pertineat
1259 458 1410 509 ipsum
1432 458 1604 498 dictum
1640 459 1913 510 Collegium.

292 530 451 581 Itaque
472 541 576 569 cum
598 528 959 579 opportunitate,
986 528 1024 567 si
1044 529 1196 579 placet
1216 528 1265 568 P.
1289 528 1365 578 V.‚
1389 529 1527 568 latius
1544 529 1659 569 haec
1681 529 1916 581 inquiram

293 606 336 640 et
357 611 462 639 cum
483 600 689 649 Regente
709 599 887 650 loquar;
911 610 1194 650 quamquam
1214 598 1328 638 nihil
1349 599 1471 639 serio
1489 599 1545 639 de
1561 599 1699 639 rebus
1717 600 1915 651 Collegii

293 676 471 710 tentare
505 669 766 709 consultum
798 669 985 709 videtur
1012 675 1118 709 ante
1148 669 1320 709 dictam
1354 669 1653 720 Imperatoris
1681 671 1917 711 licentiam

293 752 581 781 concessam.
605 740 793 780 Utinam
814 746 857 779 et
884 739 1091 780 Societas
1120 741 1391 792 impetraret
1417 752 1444 780 a
1472 739 1662 780 Summo
1693 741 1916 782 Pontifice

291 818 339 851 ut
360 811 528 851 fratres
550 811 649 851 sine
669 811 773 851 ullis
790 810 1086 862 juramentiS,
1117 823 1236 862 quae
1263 811 1464 862 plurima
1492 818 1620 862 sunt,
1656 811 1713 852 ad
1741 813 1919 862 gradus

291 887 690 933 promoverentur.
709 881 832 922 Ante
848 892 961 933 ergo
979 881 1151 922 dictam
1162 882 1461 933 Imperatoris
1478 882 1726 933 licentiam,
1746 883 1916 923 Docto-

291 953 417 992 ribus
438 952 810 993 Lovaniensibus
831 953 878 992 in
895 952 1101 993 Concilio
1118 952 1232 992 nihil
1248 952 1464 992 scribam.
1484 953 1551 992 Ea
1570 953 1692 993 enim
1711 953 1917 1004 obtenta,

293 1035 509 1075 cuperem
521 1035 600 1063 eos
617 1023 820 1063 scribere
837 1023 895 1063 ad
911 1029 1120 1063 nostram
1139 1023 1331 1073 curiam,
1352 1023 1409 1063 ad
1426 1022 1577 1062 Rmum
1592 1023 1917 1075 Leodiensem,

292 1094 349 1134 ad
373 1094 738 1135 Universitatem
759 1100 803 1134 et
832 1095 890 1134 ad
919 1093 1159 1146 oppidum3
1190 1100 1233 1133 et
1263 1094 1440 1133 utinam
1462 1100 1571 1134 tunc
1593 1094 1823 1134 Dominus
1855 1095 1919 1135 ita

292 1166 556 1217 disponeret
577 1172 625 1206 ut
647 1166 722 1206 vel
738 1165 794 1205 D.
816 1165 1106 1206 Anthonium
1123 1164 1292 1215 Vinck,
1312 1166 1386 1205 vel
1406 1164 1454 1205 P.
1480 1164 1771 1205 Bernardum
1797 1164 1821 1216 ¹,
1844 1167 1919 1206 vel

292 1237 501 1286 similem,
520 1243 769 1288 utcumque
789 1237 835 1276 in
852 1236 990 1276 rebus
1008 1237 1192 1287 collegii
1211 1242 1254 1276 et
1271 1236 1477 1276 externis
1493 1242 1736 1286 expertum
1753 1242 1797 1276 et
1814 1248 1918 1288 pru-

292 1308 490 1358 dentem,
526 1307 660 1347 nobis
687 1308 870 1347 mittere
899 1307 1186 1358 dignaretur.
1224 1306 1315 1347 Sed
1348 1306 1578 1347 Dominus
1613 1312 1682 1346 est
1719 1307 1797 1358 qui
1832 1308 1920 1347 scit

296 1378 449 1418 omnia
472 1384 515 1418 et
537 1378 647 1430 quid
668 1378 900 1429 expediat.

374 1449 633 1489 Conciones
655 1460 736 1489 seu
756 1449 967 1500 privatas
988 1449 1090 1488 illas
1112 1448 1485 1499 exhortationes,
1510 1448 1565 1488 de
1588 1449 1754 1500 quibus
1775 1449 1821 1488 in
1842 1461 1919 1500 po-

295 1520 479 1559 stremis
499 1519 664 1559 litteris
684 1519 772 1570 egi,
802 1520 1063 1570 relinquere
1090 1519 1346 1559 consultius
1376 1519 1550 1569 visum,
1581 1524 1626 1559 et
1656 1520 1919 1559 consultum

296 1597 364 1630 est
384 1591 517 1630 nobis
539 1591 595 1630 ab
618 1590 781 1630 amicis
813 1590 999 1629 nostris.
1034 1588 1273 1629 Sensimus
1299 1589 1422 1629 enim
1450 1590 1592 1629 etiam
1619 1589 1743 1629 illinc
1770 1589 1920 1630 denuo

297 1662 560 1702 exorituras
581 1662 817 1701 mirabiles
838 1661 1128 1712 tragoedias;
1153 1661 1233 1700 sed
1253 1660 1367 1700 nihil
1387 1672 1581 1712 prorsus
1602 1667 1816 1700 exortum
1835 1666 1920 1700 est.

368 1732 623 1788 ,Confi-ater
645 1738 805 1772 noster
827 1732 992 1771 Petrus
1012 1731 1172 1782 Spiga,
1196 1730 1390 1781 Sardus,
1420 1743 1514 1770 non
1535 1731 1664 1771 visus
1685 1731 1770 1771 fuit
1791 1731 1924 1771 nobis

300 1809 434 1853 aptus
455 1804 513 1843 ad
533 1802 879 1854 philosophiam
900 1808 944 1842 et
960 1814 1126 1853 parum
1145 1807 1223 1842 aut
1239 1801 1354 1842 nihil
1369 1802 1415 1841 in
1433 1813 1486 1841 ea
1503 1801 1746 1852 proficere,
1766 1813 1923 1853 quam-

298 1886 437 1925 quam
457 1874 746 1924 diligentiam
767 1884 986 1924 magnam
1007 1873 1263 1923 adhibe1·et;
1287 1884 1429 1924 quare
1446 1871 1542 1923 jam
1563 1873 1714 1923 pergit
1738 1873 1924 1912 studere

298 1945 650 1985 humanioribus
684 1945 849 1984 litteris
877 1950 920 1984 et
955 1943 1232 1995 theologicis
1258 1943 1559 1993 lectionibuS,
1589 1949 1726 1994 prout
1756 1943 1804 1983 in
1833 1943 1923 1984 Do-

297 2017 421 2056 mino
438 2016 621 2067 poterit.
643 2015 905 2064 Praeterea,
926 2014 1298 2067 quandoquidem
1316 2020 1516 2054 aetatem
1533 2014 1671 2053 habet
1688 2019 1732 2054 et
1748 2014 1796 2054 in
1812 2020 1923 2054 tem-

298 2087 534 2137 poralibus
554 2098 613 2126 ex
629 2092 760 2137 parte
778 2092 1022 2137 parentum
1039 2085 1152 2124 satis
1172 2084 1354 2124 abunde
1373 2085 1461 2136 ipsi
1478 2085 1536 2124 sit
1552 2085 1810 2136 provisum,
1829 2086 1924 2124 nul-

298 2158 352 2197 lis
374 2169 554 2209 quoque
576 2157 778 2197 recreari
800 2156 945 2207 possit
966 2162 1296 2207 praeterquam
1323 2155 1508 2206 divinis,
1532 2161 1743 2195 maturus
1764 2155 1811 2195 in
1833 2167 1923 2195 mo-

297 2228 438 2278 ribus,
462 2228 596 2267 fortis
618 2229 664 2268 in.
684 2228 770 2268 Dei
792 2228 904 2277 zelo,
930 2226 1291 2267 conversatione
1314 2231 1358 2265 et
1380 2226 1623 2277 colloquiis
1652 2225 1926 2266 aedificatis—

300 2299 447 2347 simis,
480 2310 676 2349 corpore
703 2310 842 2349 saepe
869 2297 1253 2349 praelanguidus,
1283 2296 1456 2336 nullam
1491 2302 1646 2336 tamen
1672 2296 1926 2336 notabilem

299 2368 610 2409 infirmitatem
627 2380 830 2420 unquam
847 2369 1042 2420 patienS,
1065 2378 1247 2418 semper
1264 2366 1536 2406 desiderans
1553 2367 1747 2406 dissolvi
1764 2372 1807 2406 et
1824 2378 1927 2406 esse

301 2451 405 2479 cum
443 2439 627 2480 Christo
648 2472 655 2490 ‚
697 2440 763 2479 sic
797 2439 950 2479 visum
984 2444 1053 2478 est
1087 2438 1220 2477 nobis
1256 2437 1303 2477 in
1343 2436 1546 2476 Domino
1582 2438 1843 2477 consultum
1876 2444 1926 2476 ut

302 2510 522 2550 sacerdos
542 2510 685 2559 fieret,
710 2511 748 2549 si
769 2510 890 2550 idem
911 2510 1064 2549 visum
1084 2508 1221 2548 fuerit
1238 2507 1287 2547 P.
1309 2506 1386 2557 V.‚
1409 2507 1468 2546 ad
1486 2506 1607 2558 quod
1625 2507 1723 2558 ipse
1741 2508 1927 2558 quidem

304 2581 543 2631 indignum
564 2592 613 2620 se
635 2581 863 2631 agnoscit,
888 2580 968 2619 sed
989 2586 1143 2619 tamen
1165 2589 1347 2628 semper
1370 2588 1476 2616 cum
1496 2577 1583 2616 Dei
1611 2578 1766 2628 gratia
1787 2584 1831 2617 et
1852 2577 1926 2617 de-

309 2652 531 2692 sideravit
553 2657 596 2691 et
617 2651 866 2691 desiderat.

362 2882 370 2901 ¹
409 2883 443 2909 P.
460 2882 652 2908 Bernardus
668 2881 846 2914 oliverius,
862 2885 938 2907 tunc
953 2879 1115 2914 temporis
1131 2880 1256 2907 Romae
1272 2886 1387 2913 agens.
1410 2879 1458 2905 De
1483 2887 1520 2906 eo
1544 2879 1626 2906 haec
1651 2879 1824 2913 Delplace,
1841 2879 1865 2906 1.
1884 2886 1924 2906 c.:

308 2929 476 2955 '‘Bernard
492 2929 683 2959 Olivier,ne'
700 2930 718 2954 a
734 2928 883 2961 Antoing
906 2935 946 2954 en
971 2928 1047 2961 15233
1072 2928 1180 2954 admis
1205 2929 1224 2953 a
1248 2927 1350 2953 Rome
1375 2933 1415 2952 en
1440 2926 1516 2960 1549,
1542 2930 1629 2953 mort
1655 2928 1674 2953 a
1695 2926 1842 2953 Tournai
1865 2926 1895 2952 le
1911 2926 1927 2952 4

309 2976 504 3009 Septembre
522 2976 598 3008 1556,
612 2978 740 3002 nomme
757 2975 900 3008 premier
915 2975 1102 3008 provincial
1118 2975 1156 3000 de
1173 2973 1487 3007 Belgique.—-Plura
1503 2973 1542 3000 de
1558 2981 1596 3000 eo
1611 2974 1643 3000 in
1658 2973 1781 3000 Cartas
1796 2973 1838 2999 de
1852 2973 1924 2999 San

315 3023 460 3054 Jgnacto.
