1987 3260
253 192 324 229 518
764 194 989 233 LurERAE
1015 207 1371 239 QUADRIMESTRES

955 684 1178 738 CXXII

321 948 513 993 Joannes
534 948 716 992 Cancer.

370 1011 438 1048 Ex
456 1014 777 1051 commissione
798 1015 939 1053 Patris
958 1017 1167 1055 Andreae
1188 1018 1452 1063 Galvanelli,

416 1077 538 1114 Patri
556 1079 725 1125 Ignatio
745 1080 797 1117 de
816 1081 1000 1128 Loyola.

463 1142 660 1189 Patavio,
685 1145 729 1181 15
745 1145 943 1190 januarii
967 1147 1058 1184 1552
1076 1148 1099 1183 ¹.

1022 1321 1119 1397 11515

333 1495 498 1536 Gratia
520 1504 563 1536 et
584 1510 678 1549 pax
706 1498 896 1540 Domini
922 1501 1070 1540 nostri
1094 1501 1204 1554 Jesu
1236 1501 1409 1541 Christi
1434 1502 1492 1541 sit
1522 1513 1704 1553 semper
1731 1507 1775 1541 et
1803 1514 1878 1541 au·

251 1572 418 1615 geatur
439 1567 484 1607 in
507 1575 780 1609 cunctorum
802 1571 1034 1611 cordibus.
1058 1571 1223 1612 Amen.

335 1637 613 1679 Venerande
634 1639 786 1680 Pater.
810 1640 1021 1692 Spatium
1041 1643 1378 1693 quadrimestre
1399 1649 1640 1694 peractum
1667 1642 1762 1694 jam
1793 1650 1876 1694 est,

256 1719 361 1748 cum
394 1708 442 1749 P.
481 1710 689 1761 Elpidius
723 1712 736 1730 ‘²
775 1713 832 1752 ab
866 1713 1056 1764 hujusce
1092 1714 1493 1754 administratione
1529 1713 1744 1765 Collegii,
1786 1726 1879 1754 non

254 1779 391 1829 plane
413 1780 529 1820 citra
551 1782 757 1822 dolorem
778 1789 1005 1835 nostrum,
1029 1796 1056 1823 a
1077 1784 1129 1824 T.
1153 1784 1202 1824 P.
1222 1791 1448 1825 avocatus
1465 1785 1725 1836 decederet,
1745 1786 1878 1837 eique

253 1850 540 1892 sufficeretur
561 1853 610 1892 P.
634 1854 850 1894 Andreas
872 1854 1195 1906 Galvanellus,
1221 1857 1312 1907 qui,
1342 1863 1390 1896 ut
1422 1857 1632 1896 omittam
1659 1868 1797 1908 quam
1820 1857 1877 1896 ab

254 1920 519 1972 hujusmodi
538 1924 782 1974 provincia
805 1925 983 1965 alienus
1008 1926 1145 1966 fuerit
1175 1926 1440 1976 subeunda,
1471 1926 1559 1966 Dei
1588 1927 1875 1978 benignitate

252 1998 297 2031 et
319 1994 642 2034 sanctissimae
666 1995 955 2036 obedientiae
981 1997 1153 2036 Virtute
1181 1997 1243 2037 ita
1272 2009 1355 2037 suo
1382 1997 1652 2048 perfunctus
1680 2003 1749 2037 est
1778 2009 1872 2037 rnu-

252 2074 362 2102 nere
396 2069 460 2114 ut,
493 2076 585 2104 una
621 2066 825 2105 omnium
855 2073 1067 2107 nostrum
1094 2068 1338 2118 sententia,
1375 2068 1489 2107 nihil
1522 2068 1748 2108 hactenus
1782 2074 1879 2108 tum

253 2133 377 2173 domi
398 2140 495 2174 tum
516 2135 652 2186 forn,
678 2137 800 2187 quod
828 2138 868 2177 ei
890 2149 973 2189 per
1001 2138 1313 2178 obedientiam
1341 2139 1488 2190 licuit,
1523 2138 1580 2178 ad
1611 2151 1690 2178 eas
1720 2145 1880 2190 partes

252 2204 298 2243 in
327 2204 428 2255 ipso
459 2205 727 2256 diligentiae
758 2207 958 2247 defuisse
986 2208 1136 2248 videri
1165 2209 1326 2260 possit.
1357 2208 1447 2249 Pro
1479 2221 1607 2249 more
1638 2215 1794 2249 tamen
1823 2221 1878 2248 ac

253 2276 586 2316 consuetudine
623 2278 954 2328 quadrimestri
986 2280 1184 2330 epistola
1214 2280 1407 2330 dignum
1436 2291 1599 2331 parum
1632 2279 1879 2319 admodum

254 2352 392 2396 atque
420 2346 536 2386 adeo
565 2347 678 2387 nihil
707 2349 781 2388 hic
813 2355 881 2388 est
912 2349 1148 2400 effectum,
1178 2356 1228 2389 ut
1258 2350 1317 2389 ad
1344 2362 1573 2390 summam
1603 2350 1877 2390 consolatio-

251 2427 357 2455 nem
379 2416 511 2456 dolor
532 2429 624 2457 non
651 2419 899 2458 mediocris
929 2420 1153 2460 accedere
1182 2420 1412 2469 videatur,
1447 2432 1551 2460 cum
1581 2425 1648 2460 tot
1675 2420 1877 2460 diversa-

252 2497 355 2526 rum
405 2489 824 2539 congregationum
863 2490 998 2542 hujus
1043 2497 1234 2531 sanctae
1279 2491 1524 2532 Societatis
1569 2491 1879 2542 spiritualium

312 2621 322 2640 ¹
364 2623 611 2656 Autographae
627 2623 764 2650 litterae
780 2624 813 2651 in
828 2625 906 2652 folio
923 2626 1056 2659 duplici,
1079 2634 1132 2652 nn.
1154 2626 1188 2652 AS
1210 2630 1242 2653 et
1266 2626 1468 2654 49.-Mirum
1484 2633 1563 2653 vere
1589 2630 1639 2653 est
1664 2626 1696 2652 in
1721 2625 1880 2659 Collegiis

262 2668 429 2696 Patavino
445 2674 476 2696 et
491 2669 634 2701 Veneto,
651 2674 721 2697 tam
737 2671 849 2705 exigui
865 2672 967 2706 spatii
982 2673 1164 2700 intervallo
1180 2673 1393 2707 distantibus,
1419 2674 1460 2700 ab
1484 2681 1547 2699 uno
1569 2672 1748 2700 Trinitatis
1762 2672 1879 2699 Priore

254 2715 379 2742 erectis
394 2720 427 2743 et
441 2717 497 2743 uni
513 2717 693 2750 aliquando
710 2717 880 2752 Superiori
903 2719 1075 2754 subjectis,
1101 2720 1183 2747 duos
1206 2728 1270 2747 uno
1295 2721 1474 2754 eodemque
1499 2724 1649 2754 tempore
1670 2720 1770 2746 fuisse
1786 2719 1879 2746 scho-

254 2762 403 2796 lasticos,
421 2771 561 2797 quorum
582 2764 635 2790 uni
651 2771 770 2791 nomen
786 2770 859 2792 erat
876 2766 1023 2798 joannes
1040 2766 1182 2799 Cancer)
1197 2768 1296 2794 alteri
1319 2775 1401 2794 vero
1424 2767 1570 2800 Joannes
1591 2767 1793 2799 Gambarus,
1818 2766 1879 2793 ita-

255 2809 317 2834 lice
333 2809 513 2842 Gambero,
529 2811 633 2837 latine
650 2812 752 2838 etiam
766 2812 905 2839 Cancer.
922 2813 1013 2840 Duos
1028 2817 1143 2841 autem
1157 2814 1226 2843 hos.
1240 2822 1305 2841 non
1320 2822 1421 2841 unum
1436 2815 1653 2847 eumdemque
1669 2814 1770 2840 fuisse
1786 2817 1878 2840 certo

255 2860 400 2882 constat.
416 2857 475 2883 Ait
491 2858 577 2884 enim
595 2857 725 2884 Cancer
742 2859 805 2885 hic:
823 2859 999 2886 Dominus
1009 2860 1169 2894 joannes
1183 2860 1382 2887 Lusitanus
1397 2867 1429 2888 et
1445 2869 1508 2888 EGO
1523 2862 1663 2895 coeptae
1680 2860 1806 2887 abhinc
1819 2861 1879 2886 tri-

255 2902 319 2927 hus
335 2904 515 2929 mensibus
529 2904 660 2937 logicae
675 2909 818 2939 operam
834 2907 962 2933 damus
978 2907 1151 2941 (Patavii),
1167 2912 1201 2934 et
1225 2908 1254 2934 in
1271 2908 1397 2935 litteris
1412 2908 1500 2935 infra
1516 2916 1545 2934 n.
1563 2907 1705 2934 CXXIV
1721 2906 1866 2934 transcri

255 2948 381 2975 hendis:
400 2949 542 2976 Sclzolae
557 2951 664 2978 alteri
677 2952 889 2984 (VenetiisJ...
903 2953 1108 2988 praefectus
1123 2956 1175 2981 est
1187 2954 1347 2988 ,Ioannes
1363 2955 1573 2985 Gamharus,
1594 2954 1707 2981 Teuto.

309 2996 323 3014 2
361 2996 397 3023 P.
413 2996 566 3031 Elpidius
578 2998 742 3032 Ugoletti.
