1987 3260
217 196 287 232 (330
727 195 948 231 LirTEaAE
975 205 1330 238 QUADR1MEsrREs

219 291 329 342 quid
358 292 515 342 agam?
542 290 798 341 Praecipua
825 291 1009 341 quidem
1034 290 1183 330 virtus
1210 296 1300 340 est,
1324 296 1373 329 ut
1392 290 1562 340 legisse
1595 291 1844 341 aliquando

219 361 332 401 mihi
352 361 536 411 videor,
560 361 714 400 facere
742 361 1001 400 scribenda.
1031 360 1094 400 At
1124 361 1239 400 haec
1270 361 1308 400 si
1340 360 1558 410 abfuerit,
1582 350 1846 411 proximum

218 437 287 471 est
308 432 511 471 scribere
533 436 577 470 et
598 430 821 469 admirari
840 430 979 470 facta.
1003 431 1121 470 Nam
1138 442 1336 482 quorum
1351 442 1436 470 nos
1453 428 1699 470 admiratio
1720 436 1845 470 tenet

219 507 355 553 atque
377 502 537 550 allicit,
563 512 617 539 ea
638 500 821 540 facilius
842 502 1193 552 promptiusque
1213 501 1384 541 imitari
1405 501 1656 541 studemus.
1681 501 1738 540 Et
1767 501 1846 552 qui

219 572 369 611 aliena
403 571 527 610 facta
561 571 726 610 litteris
765 571 976 621 mandat,
1018 583 1179 611 eorum
1213 578 1257 612 et
1290 572 1388 623 ipse
1423 571 1763 623 quodammodo
1797 571 1845 610 fit

216 642 462 692 particeps.
495 640 629 691 Quod
657 653 762 680 cum
784 641 847 681 ita
870 642 948 691 sit,
979 642 1066 681 Dei
1088 643 1308 693 primum,
1332 642 1497 682 deinde
1517 641 1608 681 Rdi
1632 641 1680 681 P.
1704 641 1847 681 Anto-

216 713 281 752 nii
305 711 315 729 ¹
338 713 581 752 clementia
604 718 647 752 et
668 713 956 763 benignitate
973 713 1039 752 sic
1057 713 1255 764 partitas
1278 713 1394 752 inter
1416 724 1500 752 nos
1521 712 1663 752 fuisse
1681 723 1848 763 operas

218 783 498 833 existimem,
523 789 570 822 ut
592 795 710 834 quae
732 784 812 823 alii
832 783 1076 833 fecissent,
1101 795 1189 834 ego
1210 795 1349 833 unus,
1375 783 1581 822 omnium
1601 783 1684 822 tibi
1705 782 1846 822 nomi-

217 865 293 903 ne,
336 865 648 905 recenserem,
691 866 747 893 ne
786 855 972 905 horum,
1015 855 1369 905 qualiacumque
1408 854 1523 893 haec
1562 854 1716 893 futura
1757 853 1847 893 sint

216 936 334 974 quae
370 924 591 973 scribam,
634 926 760 964 solus
795 937 963 975 expers
997 925 1298 976 relinquerer.
1337 925 1544 975 Quorum
1573 935 1658 975 ego
1688 935 1846 963 narra-

215 996 339 1034 tione
374 1006 497 1034 nunc
533 995 830 1046 ingressurus
866 996 1018 1046 longis
1052 1002 1095 1035 te
1132 995 1497 1047 praefationibus
1532 995 1608 1035 diu
1643 995 1847 1035 detinere

215 1077 308 1104 non
342 1065 539 1116 institui,
584 1066 697 1105 satis
738 1066 944 1117 alioquin
979 1073 1278 1118 occupatum,
1317 1072 1361 1106 et
1397 1066 1473 1117 qui
1508 1078 1662 1105 rerum
1696 1065 1847 1116 magis

215 1147 355 1186 quam
381 1136 631 1175 verborum
662 1137 795 1187 copia
831 1136 1090 1176 delecteris.
1123 1136 1238 1177 Illud
1268 1149 1411 1176 unum
1439 1137 1647 1188 profecto
1678 1135 1843 1185 dicam,

216 1207 253 1245 si
275 1206 467 1246 idoneus
493 1208 692 1258 scriptor
724 1208 797 1247 his
827 1208 965 1247 rebus
997 1208 1292 1258 contigisset,
1327 1207 1527 1258 majores
1555 1207 1738 1258 quidem
1758 1207 1845 1246 for-

216 1283 362 1327 tasse,
388 1283 512 1317 certe
534 1285 689 1318 autem
710 1278 941 1328 gratiores
963 1285 1006 1318 et
1026 1278 1326 1329 jucundiores
1348 1279 1497 1318 videri
1512 1278 1731 1329 potuisse.
1756 1277 1846 1318 Sed

216 1347 274 1386 ad
295 1354 358 1397 te,
382 1354 431 1387 ut
453 1347 569 1398 dixi,
594 1349 710 1388 haec
731 1349 1019 1396 scribuntur,
1045 1349 1119 1388 cui
1140 1349 1253 1388 nihil
1280 1361 1479 1400 parvum
1500 1356 1590 1395 est,
1615 1348 1737 1399 quod
1758 1349 1846 1388 Dei

214 1418 435 1458 beneficio
457 1419 632 1458 factum
659 1420 736 1469 sit;
762 1420 873 1459 nihil
895 1420 1035 1459 etiam
1052 1432 1144 1459 non
1162 1420 1462 1459 vehementer
1479 1426 1667 1470 gratum
1684 1418 1843 1470 jucun-

214 1488 427 1540 dumque,
460 1489 580 1540 quod
603 1502 629 1529 a
649 1490 772 1540 filiis,
804 1491 1136 1541 quantumlibet
1163 1491 1361 1541 ingratis
1382 1497 1425 1530 et
1446 1491 1759 1541 negligentiae
1774 1482 1843 1529 la-

215 1560 343 1610 queis
378 1561 590 1611 irretitis,
613 1562 777 1612 loquar
808 1562 930 1601 enim
959 1561 1081 1612 quod
1111 1562 1319 1612 singulos
1350 1562 1405 1601 de
1435 1574 1484 1601 se
1514 1561 1685 1601 sentire
1716 1568 1843 1601 certo

214 1631 324 1681 scio,
349 1631 429 1670 tibi
450 1638 605 1671 tamen
628 1632 914 1671 charissimis
943 1632 1146 1672 offertur.
1178 1632 1490 1683 Quamobrem
1511 1643 1702 1672 securus
1729 1632 1844 1672 haec

214 1701 295 1739 tibi
317 1708 509 1752 accepta
536 1703 656 1752 fore,
689 1703 1012 1754 quoquomodo
1035 1715 1060 1742 a
1082 1715 1152 1742 me
1174 1703 1406 1753 dicantur,
1438 1714 1536 1742 rem
1565 1703 1714 1753 ipsam
1750 1708 1843 1742 sta-

212 1771 295 1810 tim
324 1773 576 1822 aggrediar
595 1772 622 1813 ⁴².

297 1842 449 1893 Atque
470 1849 518 1883 ut
540 1844 596 1883 ab
619 1856 672 1883 eo
696 1856 877 1884 sumam
898 1844 1101 1893 initium,
1131 1845 1253 1896 quod
1281 1845 1483 1884 maxime
1510 1856 1647 1884 nosse
1669 1843 1842 1884 deside-

214 1924 315 1963 ras,
347 1914 590 1954 domestici
618 1927 778 1954 omnes
808 1916 853 1954 in
883 1915 980 1954 dies
1013 1915 1280 1966 proficiunt,
1314 1927 1407 1954 non
1442 1921 1621 1954 tantum
1655 1915 1843 1966 spiritus

214 1983 420 2032 fervore,
445 1985 525 2024 sed
547 1985 805 2025 litterarum
836 1986 975 2025 etiam
1002 1986 1154 2025 studio
1182 1986 1232 2033 ii,
1263 1986 1427 2037 quibus
1459 1986 1734 2025 studendum
1756 1991 1839 2025 est.

214 2054 461 2095 Caeterum
490 2055 546 2095 de
576 2056 772 2107 singulis
800 2057 953 2096 dicere
988 2057 1100 2096 nihil
1135 2057 1323 2107 attinet,
1362 2057 1497 2096 sicuti
1531 2068 1617 2096 nec
1651 2057 1706 2096 de
1740 2056 1842 2096 aliis

214 2125 351 2164 rebus
372 2127 633 2177 permultis,
659 2139 774 2178 quas
796 2128 841 2166 in
863 2128 1133 2167 universum
1164 2127 1245 2166 tibi
1272 2134 1407 2167 notas
1429 2139 1530 2167 esse
1550 2139 1643 2167 non
1665 2127 1837 2176 dubitO,

214 2202 261 2234 ut
284 2196 360 2246 qui
382 2197 565 2245 orandi,
595 2197 802 2248 legendi,
834 2198 1068 2247 studendi,
1099 2204 1143 2237 et
1174 2198 1360 2237 omnino
1389 2198 1466 2249 qui
1492 2198 1624 2237 nobis
1651 2197 1840 2237 vivendi

213 2266 271 2305 sit
301 2267 477 2306 modus.
511 2266 670 2318 Neque
701 2268 823 2307 enim
855 2268 1101 2318 quicquam
1130 2269 1205 2308 vel
1239 2268 1446 2308 additum
1476 2269 1551 2307 vel
1580 2268 1839 2308 detractum

213 2343 283 2375 est
304 2337 345 2376 ei
365 2337 556 2387 rationi,
580 2349 699 2389 quae
726 2344 835 2378 tunc
863 2338 1072 2378 instituta
1101 2344 1170 2378 est
1200 2350 1305 2378 cum
1331 2339 1515 2378 adesset
1539 2338 1593 2378 R.
1622 2339 1670 2378 Ρ.
1701 2338 1837 2378 Nata-

213 2407 288 2457 lis;
312 2419 450 2457 quae,
483 2408 589 2447 licet
617 2410 860 2459 praeclara
888 2420 1071 2460 semper
1098 2416 1141 2449 et
1169 2408 1419 2460 prudenter
1440 2410 1707 2460 excogitata
1734 2410 1837 2449 visa

214 2478 271 2516 sit
301 2478 532 2527 omnibus,
568 2484 724 2518 tamen
758 2485 931 2530 quanto
967 2479 1195 2520 desiderio
1229 2480 1501 2520 universum
1534 2480 1656 2519 istud
1692 2479 1836 2520 Colle-

212 2548 340 2597 gium
380 2549 587 2588 instituta
624 2550 721 2599 illa,
764 2562 881 2601 quae
917 2562 943 2589 a
977 2550 1080 2590 Rda
1112 2550 1396 2590 Paternitate
1431 2557 1509 2590 tua
1543 2551 1663 2590 idem
1698 2550 1836 2590 Pater

214 2618 378 2657 afferre
399 2619 586 2669 dicitur,
610 2626 863 2670 exspectet,
885 2621 964 2660 vix
987 2620 1077 2660 dici
1105 2627 1257 2672 potest
1278 2620 1305 2661 ⁵.
1339 2621 1691 2661 Emendatiores
1712 2622 1834 2661 enim

268 2800 276 2817 ¹
318 2799 353 2825 Ρ.
369 2800 507 2827 Antonii
522 2801 649 2833 Vinck,
666 2801 871 2828 Messanensi
888 2802 1036 2835 Collegio
1051 2804 1226 2836 praefecti,
1244 2804 1320 2830 dum
1335 2805 1454 2830 aberat
1474 2803 1509 2830 P.
1527 2803 1752 2839 Hieronymus
1767 2803 1832 2830 Na-

215 2845 303 2871 talis.

267 2893 280 2910 *-‘
318 2892 420 2926 Quae,
436 2901 455 2919 a
470 2895 584 2921 verbis
600 2896 781 2928 imprimis
795 2897 1024 2927 observande,
1045 2897 1214 2931 hucusque
1236 2897 1372 2931 scripsit
1394 2897 1558 2930 Annibal,
1580 2904 1620 2924 ea
1642 2897 1829 2931 suppressit

214 2939 323 2965 omnia
339 2939 513 2966 Polancus.

268 2985 280 3001 ⁵
319 2984 403 3011 Vide
420 2985 584 3018 PorANco,
603 2987 735 3016 Cllt'on..
751 2993 772 3015 t.
790 2996 822 3022 11,
837 2996 914 3023 pag.
932 2990 999 3020 5¹29,
1017 2997 1045 3015 n.
1062 2990 1122 3016 277.
