1987 3260
807 243 886 279 AN.
920 243 1004 280 1551
1231 215 1234 221 ’
1547 281 1549 284 ,
1648 245 1718 281 419

98 340 295 380 caeteris
323 340 624 388 antecellunt,
654 351 793 391 quam
824 340 900 390 qui
922 339 1046 380 facili
1073 340 1275 391 quadam
1296 340 1618 391 tractabilique
1641 353 1717 380 na-

97 416 201 450 tura
217 410 428 462 praediti,
448 409 594 450 divini
609 411 760 450 cultus
777 410 954 450 incensi
969 410 1214 460 desiderio,
1235 421 1396 450 sacras
1412 411 1565 461 potius
1581 422 1717 462 quarn

96 481 319 533 profanas
341 482 521 521 litteras
550 482 907 533 amplectuntur:
928 494 985 521 ex
1002 482 1167 532 quibus
1179 487 1284 521 sunt
1299 481 1430 522 multi
1446 482 1523 532 qui
1540 493 1719 521 summo

98 563 247 601 mane,
271 553 543 603 priusquam
562 552 785 592 lectiones
807 551 1009 592 audituri
1027 552 1213 592 scholas
1229 558 1405 604 petant,
1429 552 1475 591 in
1495 552 1552 592 D.
1577 552 1718 593 Anto-

96 623 174 673 nii,
204 634 228 662 e
256 623 578 663 remotissimis
600 623 739 663 etiam
761 623 966 663 civitatis
987 624 1212 674 partibus,
1241 629 1291 664 ut
1312 623 1380 663 rei
1398 634 1562 663 sacrae
1584 624 1719 664 inter-

95 705 196 733 esse
224 694 417 745 possint,
449 695 711 734 accelerato
743 694 904 734 itinere
931 696 1204 745 convolant,
1230 701 1273 734 et
1295 694 1456 734 diebus
1477 693 1720 734 dominicis

97 765 392 815 concionem,
418 777 535 816 quae
564 765 610 804 in
644 765 807 804 eadem
838 765 951 805 aede
986 777 1011 804 a
1041 765 1243 805 Domino
1273 765 1410 805 Petro
1437 764 1493 804 de
1523 764 1719 805 Rivade-

98 835 243 884 neira,
269 847 440 885 magna
466 836 705 876 hominum
733 837 874 876 etiam
902 836 1180 876 nobiliorum
1208 836 1484 887 frequentia,
1507 836 1719 885 habetur,

99 906 380 946 avidissimis
403 907 591 946 auribus
612 919 705 946 non
726 914 822 947 tam
841 906 1057 947 Videntur
1079 908 1343 947 auscultare
1360 919 1499 958 quam
1516 907 1718 947 haurire.

101 976 272 1017 Omnes
295 978 490 1029 singulis
512 978 762 1028 mensibus,
786 978 918 1018 multi
934 979 1075 1018 etiam
1092 978 1292 1029 saepius,
1318 978 1609 1028 confitentum
1628 979 1723 1030 qui-

97 1047 181 1087 bus
204 1048 438 1088 exercitiis
459 1060 662 1099 eousque
685 1049 923 1099 progressi
945 1055 1066 1098 sunt,
1090 1054 1139 1088 ut
1159 1049 1366 1089 nonnulli
1387 1047 1521 1099 hujus
1543 1048 1723 1088 fallacis

96 1119 256 1158 mundi
284 1119 474 1159 delicias
502 1125 545 1159 et
581 1119 824 1159 illecebras
858 1120 1034 1171 perosi,
1068 1120 1127 1159 ad
1161 1125 1310 1159 tutum
1344 1131 1653 1171 securumque
1680 1127 1723 1159 et

99 1190 232 1229 unice
267 1191 567 1241 tranquillum
597 1191 836 1241 religionis
870 1197 1056 1242 portum
1090 1190 1405 1241 confugerint,
1444 1197 1488 1230 et
1522 1196 1724 1231 mentem

99 1260 404 1310 obedientiae,
429 1261 660 1300 castitatis
679 1268 723 1300 et
744 1261 1034 1312 paupertatis
1055 1261 1277 1300 anchoris
1298 1260 1537 1301 fundarint
1558 1273 1614 1301 ac
1635 1267 1723 1301 sta-

98 1332 316 1380 bilierint;
341 1332 419 1371 alii
440 1331 506 1371 sic
524 1343 682 1371 amore
700 1332 939 1382 religionis
960 1331 1182 1382 flagrant,
1209 1332 1275 1371 sic
1296 1331 1659 1383 inflammantur,
1677 1339 1726 1372 ut

100 1402 213 1442 nihil
243 1408 484 1453 expetant,
524 1402 637 1441 nihil
671 1403 897 1452 cogitent,
927 1402 1041 1442 nihil
1075 1402 1347 1453 moliantur,
1386 1414 1526 1454 quam
1560 1403 1726 1454 quibus

100 1473 187 1512 viis
210 1479 288 1513 aut
310 1473 460 1513 modis
477 1485 578 1513 sese
599 1473 646 1512 in
662 1478 930 1513 nostrorum
946 1473 1125 1524 possint
1144 1473 1381 1513 insinuare
1398 1474 1615 1523 gratiam,
1635 1485 1726 1525 quo

98 1543 282 1583 facilius
300 1544 345 1583 in
367 1542 650 1584 Societatem
671 1549 962 1595 cooptentur,
987 1550 1031 1583 et
1057 1549 1106 1583 ut
1132 1543 1405 1583 Horatianis
1426 1545 1582 1584 verbis
1603 1550 1722 1584 utar:

290 1696 374 1733 illis
394 1696 519 1733 tarda
537 1697 675 1733 fluunt
693 1697 955 1743 ingrataque
974 1702 1186 1743 tempora,
1208 1707 1321 1743 quae
1341 1707 1464 1743 spem

289 1761 604 1808 consiliumque
635 1767 863 1798 morantur
894 1760 1053 1808 agendi
1085 1761 1302 1808 gnaviter,
1336 1761 1379 1798 id
1410 1762 1526 1809 quod

289 1837 427 1873 aeque
447 1827 712 1873 pauperibus
731 1825 924 1873 prodest,
947 1826 1239 1874 locupletibus
1260 1836 1402 1873 aeque
1420 1827 1443 1872 ¹,

102 1969 165 2008 ita
188 1976 236 2009 ut
257 1970 392 2020 quasi
413 1970 702 2021 importunis,
726 1970 814 2021 piis
835 1976 991 2010 tamen
1013 1977 1057 2010 et
1077 1970 1227 2020 gratis
1248 1970 1481 2020 precibus,
1501 1977 1551 2010 ut
1569 1970 1728 2010 admit-

102 2046 259 2080 tantur
282 2041 578 2080 contendant.
602 2041 842 2081 Hactenus
864 2041 919 2080 de
941 2040 1194 2091 discipulis.

182 2110 315 2150 Nunc
337 2111 633 2151 sacerdotum
655 2112 701 2151 in
723 2113 974 2151 multorum
1005 2111 1373 2151 confessionibus
1395 2111 1637 2151 audiendis
1660 2124 1730 2151 oc-

104 2182 380 2232 cupationes
415 2182 634 2232 intellige.
673 2182 789 2222 Cum
817 2182 1035 2222 Summus
1069 2182 1285 2222 Pontifex
1315 2182 1528 2222 omnibus
1562 2183 1639 2234 qui
1674 2183 1732 2222 ab

106 2252 277 2301 animo,
302 2252 404 2291 labe
426 2253 632 2292 omnium
652 2253 877 2293 vitiorum
899 2259 943 2293 et
964 2259 1265 2304 peccatorum
1287 2264 1370 2304 per
1393 2253 1734 2293 confessionem

105 2329 307 2374 purgata
344 2331 387 2362 et
423 2324 606 2374 penitus
641 2324 873 2373 abstersa,
904 2329 1258 2363 sacrosanctam
1286 2325 1505 2375 synaxim
1532 2324 1733 2375 recepis-

107 2400 223 2443 sent,
263 2394 469 2433 omnium
502 2400 804 2446 peccatorum
834 2394 1171 2444 remissionem,
1209 2406 1348 2445 quam
1371 2393 1625 2445 jubilaeum
1654 2406 1732 2434 vo*

107 2471 228 2515 cant,
254 2465 542 2515 indulsisset,
567 2470 723 2505 tantus
750 2465 1088 2516 poenitentium
1115 2476 1337 2505 numerus
1365 2464 1424 2504 ad
1451 2477 1537 2505 nos
1564 2465 1734 2505 conflu-

106 2535 172 2574 xit
194 2541 242 2575 ut
262 2536 371 2575 totis
392 2536 656 2586 quindecim
684 2535 846 2576 diebus
873 2536 933 2576 ad
964 2537 1158 2576 multam
1187 2547 1333 2587 usque
1355 2542 1540 2575 noctem
1561 2537 1608 2576 in
1629 2548 1735 2576 con-

106 2605 383 2646 fessionibus
406 2606 650 2646 audiendis
679 2606 903 2647 fuerimus
937 2607 1173 2657 occupati,
1205 2607 1268 2646 ita
1301 2612 1350 2646 ut
1380 2613 1562 2658 tempus
1593 2607 1735 2646 ullum

106 2675 248 2716 libere
270 2677 532 2728 respirandi
553 2683 596 2716 et
619 2677 824 2716 animum
847 2677 1097 2727 colligendi
1112 2677 1248 2716 nobis
1268 2689 1364 2717 non
1386 2677 1735 2725 concederetur;

109 2751 152 2785 et
174 2757 280 2786 cum
299 2747 387 2798 piis
408 2748 615 2787 omnium
636 2747 879 2788 desideriis
901 2747 1174 2788 satisfacere
1195 2760 1288 2787 non
1306 2759 1563 2799 possemus,
1588 2748 1736 2794 multi,

111 2818 324 2867 quamvis
356 2828 519 2868 aegre,
557 2831 583 2858 a
619 2819 752 2858 nobis
780 2824 976 2869 urgente
1003 2819 1284 2858 necessitate
1314 2818 1499 2869 divulsi,
1524 2819 1614 2857 alio
1637 2830 1739 2858 sese

111 2893 304 2936 peccata
327 2888 586 2928 confessuri
608 2890 909 2941 recipiebant,
946 2900 1168 2929 numerus
1197 2900 1373 2939 eorum,
1404 2889 1481 2939 qui
1512 2901 1537 2928 a
1566 2889 1740 2929 nostris

168 3047 176 3066 ¹
219 3047 358 3076 Ηυιυι..
379 3049 507 3082 Epist„
525 3050 544 3076 1.
562 3056 581 3082 1,
598 3050 694 3083 epist.
713 3052 737 3077 1.
