1987 3260
237 163 305 198 7⁴24
741 157 968 194 LITTERAE
995 164 1351 198 QUADRIMESTRES

939 602 1177 656 CLXIV

308 835 501 880 ,loannes
519 832 738 879 Rogerius

358 898 479 935 Patri
496 897 665 945 Ignatio
685 896 739 933 de
760 896 942 943 Loyola.

406 964 638 1008 Panormo,
658 961 706 999 28
722 960 917 1008 Augusti
941 961 1033 998 1552
1053 960 1077 998 ¹.

1047 1100 1075 1145 ,L

321 1246 390 1286 Ex
413 1257 502 1296 quo
524 1250 590 1293 te,
615 1243 667 1283 R.
683 1243 722 1269 de
744 1244 791 1283 in
812 1242 997 1282 Christo
1024 1241 1185 1287 Pater,
1215 1239 1271 1280 de
1299 1240 1377 1287 iis,
1412 1250 1530 1290 quae
1558 1237 1870 1278 observando-

242 1329 345 1358 rum
366 1316 557 1356 Patrum
578 1314 1052 1363 charissimorumque
1072 1312 1271 1352 fratrum
1282 1309 1539 1350 ministerio
1551 1308 1779 1349 Dominus
1795 1307 1870 1347 hic

240 1388 427 1440 operari
462 1386 679 1437 dignatus
713 1391 805 1434 est,
838 1384 1024 1424 ineunte
1056 1381 1178 1433 Majo
1208 1382 1456 1421 certiorem
1482 1379 1701 1430 fecimus,
1735 1378 1868 1427 aliae,

243 1459 513 1510 porrigente
540 1457 763 1506 Domino,
795 1455 1082 1507 spirituales,
1111 1453 1276 1504 quibus
1309 1456 1562 1501 vacarent,
1592 1461 1685 1490 non
1721 1448 1872 1489 defue-

243 1538 348 1570 runt
372 1528 726 1579 occupationes;
750 1526 832 1566 sed
854 1536 1014 1565 omnes
1034 1523 1180 1564 variis
1200 1529 1245 1563 et
1271 1522 1590 1574 frequentibus
1617 1519 1868 1567 exercitiis,

242 1600 431 1651 quidam
463 1598 756 1647 lectionibus,
794 1596 870 1636 alii
904 1594 1226 1642 concionibus,
1264 1593 1470 1634 nonnulli
1500 1590 1872 1632 confessionibus

243 1670 509 1719 audiendis,
533 1680 695 1709 eorum
716 1667 846 1708 multi
867 1667 1047 1707 duobus
1067 1667 1142 1706 vel
1163 1665 1308 1705 tribus
1330 1664 1431 1704 istis
1457 1663 1645 1703 intentis
1675 1661 1872 1701 muneri-

243 1743 328 1781 bus
349 1740 553 1781 desidiae
575 1741 648 1779 vel
669 1739 889 1789 ignaviae
910 1739 1065 1778 locum
1084 1737 1261 1776 nullum
1288 1735 1586 1786 reliquerunt.
1616 1732 1707 1773 Sed
1743 1743 1873 1782 supe-

244 1812 392 1852 riores
426 1810 639 1859 sudores,
676 1810 750 1849 vel
786 1808 922 1848 novis
957 1806 1382 1856 succrescentibus,
1420 1805 1495 1844 vel
1525 1804 1711 1854 iisdem,
1747 1802 1875 1842 velut

243 1882 433 1933 Sisyphi
454 1893 593 1931 saxo,
618 1891 800 1931 semper
822 1878 985 1918 eodem
1011 1877 1323 1917 recidentibus
1351 1875 1588 1915 laboribus
1622 1873 1875 1924 diligentis-

245 1953 360 1992 sime
381 1952 689 1991 cumularunt.
716 1949 848 1990 Unde
871 1961 964 1988 non
985 1947 1175 1988 inferior
1195 1947 1283 1987 Dei
1302 1946 1456 1997 gratia
1474 1945 1672 1995 fructus,
1695 1956 1790 1984 non
1806 1955 1873 1983 so-

245 2023 326 2063 lito
347 2023 498 2062 minor
520 2021 718 2070 utilitas,
752 2019 833 2059 sed
864 2020 1102 2069 aliquanto
1132 2017 1387 2068 copiosior,
1417 2016 1537 2056 sicut
1563 2015 1610 2055 in
1636 2020 1877 2066 posterum

247 2105 429 2144 semper
450 2093 495 2132 in
515 2091 716 2132 Domino
738 2090 943 2130 futurum
969 2089 1262 2138 confidimus,
1285 2087 1536 2127 emanavit.
1568 2086 1698 2136 Quae
1726 2085 1878 2137 qualis

248 2170 482 2215 quantave
503 2163 662 2210 fuerit,
686 2162 871 2213 paucis,
895 2167 943 2200 ut
965 2160 1254 2200 obedientiae
1281 2159 1330 2199 P.
1359 2158 1418 2199 V.
1450 2168 1721 2209 pareamus,
1755 2157 1877 2196 exol-

252 2246 434 2274 vemus.
1867 2232 1870 2235 ⁴

331 2305 381 2345 In
415 2304 613 2344 ecclesia
638 2309 799 2343 nostra
829 2315 853 2342 a
883 2301 1255 2353 quamplurimiS,
1289 2304 1568 2350 augescente
1597 2299 1644 2338 in
1674 2298 1772 2338 dies
1800 2309 1878 2337 nu-

254 2388 402 2426 mero,
439 2374 746 2415 confessionis
781 2384 962 2413 necnon
997 2370 1334 2412 communionis
1367 2375 1683 2420 sacramenta,
1722 2368 1880 2408 multis

255 2459 362 2487 cum
382 2445 719 2486 admirantibus
742 2451 841 2484 tum
860 2443 1177 2495 probantibus,
1202 2441 1386 2481 assidue
1404 2440 1770 2492 frequentantur.
1790 2438 1879 2478 Ve-

257 2529 359 2557 rum
379 2516 659 2568 praecipuus
681 2515 870 2567 quidam
892 2524 1163 2563 concursus,
1187 2511 1431 2563 cujuslibet
1458 2511 1697 2551 hominum
1726 2508 1882 2549 condi-

259 2588 395 2627 tionis
416 2599 471 2627 ac
493 2592 656 2637 status,
679 2586 726 2626 in
743 2585 960 2637 jubilaeo,
985 2595 1121 2636 quem
1141 2594 1350 2623 summus
1369 2581 1583 2622 Pontifex
1608 2593 1692 2633 pro
1721 2581 1883 2632 implo-

258 2658 406 2698 randa
428 2657 790 2697 christianorum
806 2656 1067 2707 principum
1083 2666 1198 2705 pace
1214 2653 1413 2704 benigne
1431 2658 1741 2701 concesserat,
1762 2650 1883 2702 apud

261 2740 346 2767 nos
367 2728 556 2767 exstitit.
581 2727 759 2766 Tantus
780 2727 902 2766 enim
926 2726 1009 2766 fuit
1036 2732 1085 2765 ut
1114 2724 1404 2776 apertissime
1432 2728 1606 2774 quanta
1632 2728 1754 2761 esset
1781 2733 1883 2772 ope-

318 2909 327 2926 ¹
368 2908 609 2942 Apographum
626 2909 658 2935 in
674 2910 728 2936 fol.
744 2910 774 2935 ⁴1
794 2909 872 2935 Cod.
890 2908 1108 2935 woh-Aliud
1123 2915 1185 2934 non
1199 2911 1274 2934 sunt
1287 2907 1351 2933 hae
1365 2906 1501 2939 Rogerii
1516 2905 1655 2932 litterae
1670 2905 1732 2931 nisi
1747 2912 1884 2938 praece-

262 2955 413 2981 dentium
430 2955 521 2981 Petri
538 2955 575 2981 tle
595 2955 825 2982 Rivadeneira
848 2956 879 2982 in
894 2956 1010 2989 paucis
1025 2955 1280 2982 emendatarum
1294 2954 1489 2980 litterarum
1505 2952 1611 2979 latina
1626 2952 1748 2979 versio.
