1987 3260
922 137 1001 173 Ax.
1034 136 1124 173 1550
1764 139 1840 194 5205

943 587 1084 640 LXI

271 812 403 849 Pater
421 813 645 850 Adrianus
668 813 991 852 Adriaenss'ens

316 877 434 914 Patri
455 877 623 925 Ignatio
644 879 697 916 de
719 879 905 926 Loona.

362 942 574 988 Lovanio,
596 944 619 980 8
637 944 742 990 Julii
765 944 856 981 1550
871 944 895 981 ¹.

960 1117 1057 1193 Iffls

274 1285 328 1325 R.
352 1286 552 1327 Domine
573 1287 858 1339 Praeposite.

272 1346 435 1397 Gratia
458 1358 646 1398 Domini
667 1359 824 1399 Nostri
843 1359 953 1412 Jesu
975 1358 1147 1399 Christi
1169 1360 1227 1398 sit
1249 1371 1431 1410 semper
1450 1360 1707 1401 nobiscum.

270 1427 604 1469 Amantissime
637 1429 797 1471 Pater:
835 1429 1219 1481 Quandoquidem
1255 1436 1415 1470 sancta
1452 1431 1713 1472 obedientia
1753 1433 1816 1473 ita

191 1497 249 1537 ad
276 1498 481 1550 singula,
514 1512 632 1552 quae
661 1501 786 1541 circa
814 1512 900 1541 nos
927 1507 1006 1541 aut
1037 1513 1095 1540 ex
1125 1499 1212 1540 Dei
1242 1511 1431 1540 munere
1454 1508 1680 1553 aguntur,
1706 1503 1818 1543 scri-

189 1568 340 1610 benda
381 1571 525 1622 cingit
560 1578 604 1611 et
643 1572 783 1623 cogit,
820 1578 870 1612 ut
903 1572 1030 1612 nulla
1062 1571 1242 1611 ratione
1271 1571 1592 1622 subterfugere
1622 1575 1814 1625 possim,

186 1639 373 1681 liberius
393 1648 435 1681 et
457 1642 638 1693 plenius
659 1654 799 1694 quam
816 1648 954 1683 antea
975 1641 1162 1682 obedire
1176 1653 1280 1682 cum
1298 1641 1386 1682 Dei
1401 1643 1572 1693 gratia,
1595 1650 1638 1683 et
1655 1651 1819 1685 vestro·

185 1717 380 1761 paterno
403 1712 632 1753 desiderio
653 1713 926 1754 satisfacere
948 1713 1171 1753 conabor.

261 1781 437 1834 Scripsi
456 1795 537 1834 per
558 1784 861 1835 penultimum
881 1789 1066 1836 postam
1087 1795 1332 1824 romanum
1351 1795 1541 1824 causam
1561 1785 1812 1836 profectio-

182 1852 253 1891 nis
274 1864 440 1893 versus
461 1854 779 1905 Hollandiam‚
804 1855 1021 1895 nimirum
1043 1853 1140 1906 jam
1170 1854 1249 1894 diu
1275 1860 1474 1894 vocatus
1504 1861 1548 1894 et
1576 1855 1811 1896 desidera·

182 1930 269 1974 tus,
294 1925 544 1976 praecipue
566 1937 593 1965 a
614 1926 816 1977 quodam
837 1926 974 1966 docto
991 1925 1348 1965 honestissimae
1365 1925 1569 1966 familiae
1591 1932 1635 1966 et
1656 1926 1813 1967 famae

181 2003 224 2034 et
254 2002 445 2035 sanctae
477 1997 597 2036 Vitae
629 1996 854 2037 canonico
885 2003 929 2036 et
960 2008 1069 2036 sene
1096 1995 1124 2035 ².
1157 1995 1385 2035 Postridie
1418 1996 1574 2048 itaque
1609 1996 1810 2038 Sanctae

182 2065 424 2106 Trinitatis
459 2068 691 2107 transiens
724 2067 1056 2118 Antuerpiam,
1087 2078 1204 2117 quae
1234 2072 1304 2106 est
1338 2067 1490 2118 patria
1517 2079 1620 2107 mea
1649 2079 1810 2108 secun-

183 2138 291 2177 dum
326 2149 534 2188 carnem,
569 2138 773 2178 intellexi
805 2144 995 2189 propter
1030 2149 1103 2177 me
1138 2137 1252 2177 satis
1279 2137 1465 2177 turbata
1502 2138 1656 2178 omnia
1683 2138 1807 2190 apud

179 2215 377 2248 matrem
403 2217 446 2248 et
475 2209 666 2248 amicos.
697 2208 848 2249 Causa
876 2208 982 2248 fuit:
1011 2214 1117 2247 ante
1143 2219 1351 2248 mensem
1385 2208 1452 2248 sic
1487 2208 1602 2248 satis
1635 2220 1805 2249 conve-

178 2290 341 2318 neram
362 2290 466 2319 cum
488 2286 637 2319 matre
657 2286 704 2319 ut
718 2278 1018 2319 succederem
1034 2279 1080 2318 in
1100 2278 1390 2318 haereditate
1412 2279 1805 2330 quemadmodum

178 2350 297 2389 aliae
317 2351 492 2401 proles,
517 2356 561 2390 et
583 2350 704 2401 quod
732 2361 836 2390 cum
862 2349 1151 2389 haereditate
1169 2361 1273 2389 mea
1295 2349 1583 2390 intenderem
1610 2349 1806 2390 fundare

177 2421 424 2471 collegium
444 2432 529 2471 pro
551 2419 805 2471 Societate‚
829 2426 878 2460 ut
900 2421 1067 2472 scripsi
1088 2419 1217 2460 Patri
1238 2419 1459 2460 Polanco.
1483 2419 1665 2461 Interea
1687 2433 1803 2461 vero

177 2491 300 2542 quod
327 2491 589 2531 Lovanium
616 2491 873 2542 redieram,
902 2492 1019 2531 haec
1046 2491 1259 2542 probatio
1290 2497 1334 2530 et
1363 2496 1617 2541 tempestas
1638 2498 1802 2531 exorta

175 2561 281 2612 fuit;
310 2562 446 2614 idque
474 2561 645 2613 duplici
671 2561 728 2602 de
763 2573 920 2602 causa.
960 2562 1009 2602 In
1042 2561 1226 2613 primis,
1258 2568 1305 2601 ut
1333 2561 1446 2601 mihi
1474 2562 1680 2613 Videtur,
1710 2574 1803 2602 non

175 2632 368 2672 libenter
390 2633 446 2672 ab
468 2632 680 2672 omnibus
701 2632 814 2672 meis
835 2632 968 2672 bonis
990 2632 1352 2683 separabantur,
1376 2638 1532 2672 tamen
1553 2632 1803 2673 offerentes

176 2704 316 2743 corde
348 2704 502 2744 omnia
531 2702 734 2743 Domino
768 2702 869 2743 Deo
909 2714 1201 2755 quocumque
1237 2703 1473 2754 dirigeret.
1512 2702 1726 2744 Secundo
1757 2709 1802 2743 et

228 2885 238 2904 ¹
279 2885 365 2913 Tota
379 2887 522 2920 epistola
540 2892 589 2913 est
605 2893 704 2912 manu
722 2886 833 2913 Patris
849 2885 1003 2917 Adriani,
1021 2886 1052 2912 in
1069 2886 1147 2912 folio
1162 2886 1286 2919 duplici
1304 2893 1333 2911 n.
1355 2884 1404 2912 100
1421 2890 1453 2912 et
1473 2886 1531 2912 101.

227 2932 240 2950 ²
280 2932 366 2960 Vide
379 2941 480 2967 supra
497 2941 573 2967 pag.
589 2933 648 2960 198.
