1987 3260
886 206 968 242 AN.
1001 206 1086 243 1551
1733 207 1804 245 383

176 309 341 344 contra
362 314 467 343 eum
488 303 651 354 reliqui
672 313 832 342 omnes
853 307 1253 353 argumentantur.
1278 301 1446 341 Cuncti
1467 302 1666 342 orationi
1696 310 1802 343 sunt

177 374 464 415 deditissimi.
488 373 677 413 Summo
696 384 832 412 mane
854 373 1130 423 congregati
1151 383 1311 412 omnes
1332 372 1467 412 simul
1489 379 1639 413 orant.
1664 373 1801 414 Pater

178 445 354 485 Doctor
393 444 508 483 hora
549 449 716 495 quarta
756 444 905 494 surgit
944 443 1205 494 fratresque
1244 443 1361 483 hora
1406 443 1580 483 excitat
1625 444 1799 495 quinta,

177 526 429 565 omnesque
464 515 510 554 in
539 515 761 554 sacellum
782 526 830 553 se
860 514 1119 564 conferunt,
1156 513 1231 553 ubi
1265 525 1411 565 usque
1445 514 1504 553 ad
1538 519 1719 554 sextam
1757 515 1802 554 in

177 585 388 625 oratione
411 590 612 631 manent3
637 590 770 624 sexta
793 591 949 624 autem
966 584 1062 635 jam
1071 584 1236 635 finita,
1259 584 1527 624 scholastici
1546 585 1724 624 vadunt
1742 586 1800 624 le-

177 657 356 696 ctiones
377 656 594 706 audituri;
618 655 791 695 caeteri
812 667 925 695 vero
954 655 1180 706 imperata
1209 660 1463 706 praestant.
1489 655 1667 706 Quibus
1688 666 1800 695 vero

178 738 270 766 non
300 730 453 776 nocet,
476 726 803 777 pomeridiano
832 730 1039 777 tempore
1062 731 1149 777 per
1169 725 1314 765 alsam
1343 726 1510 765 horam
1532 725 1803 766 incumbenti·

176 797 394 837 orationi.
420 797 609 837 Praeter
626 797 758 847 haec,
778 797 867 836 duo
885 802 990 836 sunt
1007 797 1210 848 quotidie
1226 797 1458 847 examina,
1478 797 1679 847 primum
1695 804 1803 836 ante

177 868 436 919 prandium,
460 867 715 907 secundum
735 879 848 907 vero
868 868 1006 919 paulo
1029 873 1136 906 ante
1158 879 1298 918 quam
1319 867 1501 907 cubent.

255 939 347 978 Sed
381 939 504 990 qnod
537 939 649 978 nihil
684 938 808 978 aliud
836 938 1133 978 scribendum
1160 948 1284 977 nunc
1310 938 1538 989 temporis
1565 946 1801 989 occurrat,

174 1009 435 1060 colofonem
451 1010 639 1049 addam.
660 1009 992 1049 Paternitatem
1014 1014 1142 1048 tuam
1164 1009 1298 1049 unice
1315 1021 1397 1049 oro
1414 1014 1464 1049 ut
1479 1010 1570 1049 tuis
1588 1009 1801 1049 Patrum-

177 1092 263 1131 que
285 1081 574 1120 orationibus
595 1080 695 1120 Deo
718 1080 1111 1120 commendemur.

254 1151 408 1191 Pridie
443 1151 620 1191 calend.
659 1150 958 1202 Septembris,
997 1162 1119 1190 anno
1154 1151 1398 1191 millesimo
1430 1151 1802 1203 quingentesimo

176 1222 565 1273 quinquagesimo
587 1222 752 1271 primo.
776 1221 951 1261 Datum
973 1220 1301 1261 Salmanticae.

255 1292 608 1343 Indignis-simus
629 1291 749 1332 filius
773 1300 893 1340 tuus,

1152 1434 1387 1475 NICOLAUS
1410 1435 1640 1475 GRAZIDA.

257 1613 794 1700 Superscmptz·0.—Ifils.
827 1648 1093 1688 Admodum
1119 1647 1396 1687 Reverendo
1426 1647 1511 1688 M.0
1539 1647 1719 1699 Ignatio
1753 1647 1808 1687 de

176 1721 370 1771 Loona,
394 1719 667 1770 Praeposito
691 1719 911 1759 Generali
933 1718 1179 1759 Societatis
1199 1718 1324 1772 Jesu,
1344 1718 1535 1759 Romae.
