1987 3260
222 212 296 249 348
734 213 960 249 LITTERAE
987 223 1344 255 QUADRIMEsrREs

226 309 319 348 cati
336 314 456 359 sunt,
480 309 559 359 qui
574 308 621 348 in
637 309 902 360 praeceptis
923 308 1111 348 Domini
1132 315 1176 348 et
1198 309 1300 348 aliis
1322 309 1442 349 scitu
1461 308 1740 348 necessariis
1758 307 1855 360 jam

223 379 440 419 instructi
460 385 579 419 sunt.
603 379 840 419 Laudetur
855 379 1083 418 bonorum
1099 379 1304 419 omnium
1325 385 1487 419 auctor
1504 379 1646 419 Deus.

304 449 356 490 In
378 450 590 500 collegio,
615 455 800 500 praeter
821 449 1069 489 conciones
1090 449 1300 500 publicas
1318 455 1362 489 et
1379 449 1662 489 christianae
1683 448 1851 489 doctri-

226 532 314 560 nae
336 521 717 571 explicationem,
751 519 807 559 de
829 520 995 571 quibus
1016 520 1299 559 mentionem
1320 519 1430 570 feci,
1452 519 1676 559 virtutum
1706 519 1854 571 profe-

226 591 323 630 ctui
352 590 589 630 ferventer
616 590 860 640 insistitur,
892 595 936 630 et
965 589 1257 629 obedientiae
1284 589 1617 641 perfectionem
1646 589 1801 641 (quam
1829 602 1856 629 a

225 661 275 701 P.
298 661 356 702 V.
382 652 889 701 commendatissimam
910 672 1011 700 esse
1032 660 1310 711 intelligunt)
1333 661 1538 700 maximo
1567 660 1719 700 studio
1749 672 1855 700 con-

226 737 464 771 sectantur
499 736 558 781 et,
589 731 779 782 proprio
808 742 948 770 sensu
978 742 1033 770 ac
1059 729 1233 782 judicio
1262 731 1507 781 abnegato,
1540 736 1583 770 et
1613 731 1857 770 voluntate

225 802 417 853 propria
437 801 715 841 omnimodis
737 801 1019 841 conterenda
1042 807 1086 841 et
1109 801 1450 851 conculcanda,
1475 813 1576 841 sese
1598 806 1646 841 ut
1675 801 1858 851 integra

226 873 501 912 holocausta
530 872 630 912 Deo
660 872 903 912 immolare
931 872 1223 922 adnituntur3
1257 872 1532 923 corporibus
1559 877 1713 912 autem
1739 871 1859 911 male

224 944 490 983 consultum
511 948 632 982 esset
653 954 765 994 prae
785 943 975 982 fervore
1003 943 1214 994 spiritus,
1244 943 1283 982 si
1309 942 1463 982 Patris
1491 942 1727 994 Baptistae
1755 953 1859 992 pru-

226 1014 385 1054 dentia
420 1025 514 1053 non
540 1012 722 1064 juberet
750 1013 965 1053 sanitatis
1000 1013 1230 1053 rationem
1265 1013 1452 1053 omnino
1482 1013 1664 1053 haberi:
1697 1018 1860 1064 suapte

229 1085 353 1125 enim
375 1085 433 1124 ad
457 1084 660 1124 studium
680 1083 1054 1124 mortificationis
1074 1084 1211 1124 valde
1228 1083 1398 1124 fratres
1418 1084 1639 1135 propensi
1659 1089 1780 1123 sunt.

309 1155 360 1195 In
381 1155 545 1195 studiis
566 1155 828 1194 litterarum
850 1154 1194 1204 humaniorum,
1218 1154 1470 1194 latinarum
1491 1160 1535 1194 et
1564 1165 1859 1204 graecarum,

226 1232 327 1266 tum
346 1226 515 1266 artium
532 1226 793 1265 liberalium
810 1231 854 1265 et
871 1237 1037 1265 sacrae
1055 1225 1320 1275 theologiae
1336 1225 1516 1275 studiis,
1536 1237 1629 1264 non
1645 1224 1692 1264 in
1706 1225 1861 1264 lectio-

225 1297 362 1336 nibus
384 1297 533 1335 solum
555 1296 636 1335 sed
667 1302 711 1335 et
733 1296 780 1335 in
801 1295 1096 1335 scholasticis
1125 1295 1558 1346 exercitationibus,
1588 1296 1735 1335 solers
1765 1294 1860 1335 dili-

227 1367 387 1418 gentia
408 1378 435 1406 a
456 1367 695 1417 magistris
716 1372 761 1406 et
782 1366 1022 1417 discipulis
1044 1366 1309 1417 adhibetur3
1335 1366 1522 1417 ingenia
1543 1366 1657 1405 satis
1688 1365 1857 1416 felicia,

223 1438 399 1489 judicia
421 1444 618 1487 matura,
644 1437 841 1477 eruditio
862 1448 956 1476 non
978 1436 1226 1477 mediocris
1258 1437 1357 1488 (pro
1379 1436 1600 1488 cujusque
1622 1436 1788 1487 gradu>
1812 1436 1859 1476 in

230 1508 452 1548 fratribus
474 1508 886 1548 animadvertitur:
917 1507 1098 1547 externi
1126 1519 1240 1548 vero
1269 1507 1557 1558 scholastici,
1591 1507 1745 1558 quoad
1765 1505 1865 1558 ejus

227 1579 327 1619 fieri
348 1585 514 1630 potest,
537 1579 595 1618 ad
615 1584 827 1618 nostrum
847 1590 1024 1618 morem
1043 1589 1188 1629 prope
1206 1578 1447 1617 accedunt.

308 1648 396 1689 Die
418 1649 650 1689 dominica
677 1649 799 1688 infra
827 1654 1046 1689 octavam
1074 1648 1296 1699 Corporis
1325 1647 1498 1688 Christi
1526 1648 1658 1701 Jesu,
1688 1660 1859 1700 pompa

226 1720 531 1760 devotissima
552 1720 763 1759 instituta
784 1726 876 1770 est,
900 1731 1018 1771 quae.
1039 1719 1098 1759 ad
1116 1719 1364 1759 ecclesiam
1383 1726 1595 1759 nostram
1615 1719 1758 1770 venit,
1783 1719 1859 1759 cui

227 1802 380 1830 novus
401 1790 611 1830 Gandiae
642 1789 751 1830 Dux
781 1790 790 1808 ¹
820 1789 1027 1830 interfuit
1054 1796 1097 1829 et
1124 1790 1503 1841 frequentissima
1529 1790 1688 1841 populi
1708 1790 1858 1829 multi-

226 1861 352 1912 tudo,
373 1861 447 1901 cui
467 1861 736 1901 concionari
757 1860 913 1900 debuit
933 1872 1017 1912 pro
1034 1872 1163 1900 more
1180 1860 1227 1900 P.
1250 1860 1476 1912 Baptista,
1501 1859 1858 1900 Sanctissimum

226 1927 583 1972 'Sacramentum
617 1931 942 1971 Eucharistiae
972 1931 1203 1971 inclusum
1233 1931 1444 1971 sacrario
1479 1931 1525 1971 in
1555 1931 1769 1971 manibus
1796 1936 1857 1971 te-

228 2003 405 2053 nendo;
447 2002 570 2053 quod
609 2014 720 2042 sane
760 2013 866 2042 cum
906 2002 1109 2041 maxima
1152 2002 1358 2041 omnium
1397 2001 1720 2041 aedificatione
1758 2013 1858 2053 per·

228 2079 387 2113 actum
407 2078 490 2112 est.

310 2143 418 2183 Alia
439 2155 532 2183 non
552 2155 703 2194 pauca
725 2143 784 2182 ad
804 2143 1005 2194 gloriam
1025 2143 1113 2182 Dei
1134 2143 1338 2194 quotidie
1359 2142 1471 2183 fiunt
1489 2175 1496 2193 ,
1527 2143 1583 2183 de
1614 2143 1780 2194 quibus
1803 2143 1858 2182 si-

230 2214 428 2263 gillatim
449 2213 666 2263 scribere,
686 2214 875 2263 longum
897 2219 1031 2253 esset.

287 2395 297 2414 ¹
337 2395 478 2422 Carolus
494 2396 532 2422 de
547 2395 660 2429 Borja.
677 2396 731 2429 qui
747 2397 846 2429 paulo
864 2400 940 2422 ante
965 2396 1055 2430 patri
1077 2403 1148 2429 suo,
1166 2395 1347 2424 Francisco
1363 2397 1401 2423 de
1418 2396 1532 2432 Borja,
1556 2397 1588 2423 in
1612 2396 1764 2423 Gandiae
1789 2395 1857 2422 Du·

231 2447 311 2470 catu
326 2446 550 2469 successerat.
