1987 3260
190 188 262 226 678
702 183 927 220 LlTTERAE
952 192 1310 225 QUADRIMESTRES

194 288 351 332 autem
372 281 619 321 lectionem
641 277 977 329 aggrederetur
997 283 1076 317 aut
1097 276 1346 328 quicquam
1365 274 1421 315 de
1441 274 1605 315 studiis
1634 274 1814 314 ordina-

194 358 279 403 ret,
311 351 636 403 praesentibus
669 348 826 388 multis
857 360 915 388 ex
949 347 1213 399 praecipuis
1238 347 1394 397 legum
1420 351 1464 385 et
1496 343 1816 396 philosophiae

194 422 553 474 professoribus,
577 419 913 468 sacerdotibus,
935 417 1181 468 religiosis,
1215 417 1415 467 itemque
1441 415 1660 455 studiosis
1679 414 1817 466 pluri-

195 493 298 544 mis,
323 492 484 532 habuit
505 490 765 531 orationem
791 489 837 529 in
858 488 1043 528 laudem
1069 487 1328 527 studiorum
1353 485 1647 537 optimorum,
1677 490 1721 524 et
1740 485 1814 524 bo-

194 574 362 603 norum
382 573 564 601 morum
584 566 723 612 atque
743 559 1013 609 Societatis,
1032 570 1125 598 non
1141 558 1293 597 minus
1313 557 1438 608 piam
1455 567 1594 607 quam
1614 554 1814 605 doctam,

196 645 301 673 cum
322 643 494 682 magna
521 631 827 682 plurimorum
858 628 1181 669 aedificatione
1209 627 1510 677 utilitateque.
1541 625 1660 666 Nam
1686 625 1734 665 in
1754 625 1814 664 di-

196 704 343 744 cendo
373 703 487 743 satis
507 700 806 742 manifestum
826 699 1078 751 singularis
1098 698 1354 738 modestiae
1375 704 1418 736 et
1438 695 1721 748 praestantis
1741 695 1817 735 do-

195 775 373 814 ctrinae
390 784 502 813 suae
519 778 846 823 argumentum
864 770 1002 810 dedit.
1018 769 1265 810 Caeterum
1281 768 1449 807 fratres
1459 767 1562 818 pari
1579 766 1819 817 diligentia

194 856 330 885 suum
352 855 521 884 munus
543 843 893 891 administrant,
919 852 1025 881 cum
1046 840 1093 880 in
1113 839 1276 879 studiis
1296 838 1508 890 privatis,
1532 842 1629 877 tum
1648 837 1696 876 in
1711 847 1816 888 pue-

195 927 355 955 rorum
383 913 706 962 instructione,
739 912 893 963 quoad
922 911 1126 963 postulat
1151 909 1398 950 Societatis
1423 914 1614 948 nostrae
1641 907 1817 947 institu-

194 993 305 1025 tum.
338 984 552 1035 Quotidie
581 983 715 1035 pueri
739 981 948 1022 nonnihil
975 980 1187 1021 ediscunt
1214 992 1271 1020 ex
1298 978 1512 1020 doctrina
1544 977 1816 1027 christiana,

196 1067 336 1108 quam
358 1055 521 1095 diebus
541 1054 671 1094 festis
692 1065 719 1093 a
739 1053 936 1105 prandio
963 1051 1076 1104 ipsis
1097 1057 1140 1091 et
1164 1050 1335 1102 populo
1357 1049 1415 1089 ad
1441 1048 1715 1089 concionem
1741 1060 1818 1088 ve-

194 1127 339 1167 nienti
361 1127 584 1177 explano,
607 1124 804 1175 singulis
825 1123 986 1163 diebus
1009 1122 1068 1162 ad
1088 1122 1311 1172 templum
1332 1120 1399 1160 ire
1419 1120 1592 1169 solent,
1616 1118 1819 1158 audituri

193 1209 396 1246 sacrum,
420 1197 515 1236 bini
546 1196 708 1235 ordine
735 1196 895 1245 longo;
926 1194 1119 1245 quisque
1147 1191 1342 1242 singulis
1371 1190 1606 1230 mensibus
1634 1189 1818 1229 confite-

194 1275 285 1319 tur,
310 1267 469 1318 etjam
500 1265 777 1318 grandiores
804 1271 1007 1315 natuque
1035 1262 1236 1314 majores
1263 1262 1430 1302 devote
1457 1259 1816 1309 communicant,

195 1350 472 1391 perversam
482 1339 607 1377 illam
621 1336 945 1377 educationem
954 1340 1192 1384 exuentes,
1211 1338 1255 1373 et
1269 1345 1295 1372 a
1303 1331 1593 1383 juramentis,
1607 1330 1819 1381 blasphe-

191 1410 296 1450 miis
317 1417 361 1450 et
383 1409 486 1449 aliis
507 1407 733 1459 ejusmodi
753 1407 899 1457 vitiis,
924 1405 1089 1457 quibus
1110 1416 1222 1444 sane
1238 1404 1340 1455 plus
1360 1403 1475 1442 satis
1493 1407 1816 1448 assueverant,

195 1481 383 1521 omnino
406 1480 706 1520 abstinentes.
731 1477 885 1529 Quare
908 1476 1130 1516 commoti
1156 1474 1363 1514 nonnulli
1387 1478 1632 1525 parentum
1655 1471 1713 1512 ad
1733 1482 1819 1511 nos

192 1557 436 1601 venerunt,
461 1556 505 1590 et
525 1550 811 1589 immortales
838 1548 1018 1598 gratias
1045 1551 1241 1596 egerunt
1260 1556 1344 1596 pro
1374 1544 1624 1583 liberorum
1653 1543 1813 1582 educa-

192 1623 334 1671 tione,
371 1628 415 1661 et
452 1620 643 1671 egregia
675 1619 817 1659 animi
847 1617 1188 1669 significatione
1223 1627 1324 1655 sese
1351 1620 1395 1654 et
1426 1625 1536 1654 suas
1568 1613 1817 1653 facultates

194 1692 417 1733 Societati
451 1692 733 1738 obtulerunt,
770 1690 938 1741 quippe
969 1688 1045 1739 qui
1071 1693 1199 1727 tanto
1228 1684 1323 1737 ejus
1355 1684 1578 1725 beneficio
1610 1683 1815 1723 devincti

190 1765 297 1814 sint,
321 1769 371 1803 ut
391 1762 565 1802 nemini
585 1773 634 1801 se
656 1761 807 1811 magis
834 1760 1001 1800 debere
1024 1758 1322 1798 arbitrentur.
1351 1754 1630 1795 Benedictus
1657 1753 1813 1794 Domi-

190 1847 279 1874 nus
310 1833 452 1883 Deus,
477 1845 503 1873 a
525 1844 615 1883 quo
637 1843 774 1871 omne
800 1831 974 1870 bonum
1001 1828 1179 1877 defluit,
1210 1828 1287 1879 qui
1315 1826 1426 1866 talia
1452 1837 1535 1877 per
1561 1836 1668 1876 nos,
1705 1824 1814 1864 licet

192 1905 502 1944 instrumenta
520 1902 763 1952 vilissima,
787 1901 1007 1952 dignatus
1029 1906 1097 1939 est
1129 1898 1328 1950 operari.
1358 1896 1610 1947 Hucusque
1637 1894 1692 1934 de
1713 1905 1813 1946 pro—

192 1987 360 2026 gressu
389 1974 577 2014 scholae
603 1972 778 2012 dictum
803 1972 877 2011 sit.

270 2045 403 2086 Nunc
425 2056 539 2084 vero
562 2044 617 2084 de
638 2043 776 2083 rebus
799 2042 857 2082 ad
877 2041 965 2082 Dei
986 2041 1146 2092 optimi
1167 2038 1358 2079 maximi
1378 2038 1554 2078 cultum
1575 2042 1620 2076 et
1641 2036 1812 2075 anima-

192 2128 295 2156 rum
321 2115 583 2167 profectum
610 2113 948 2166 pertinentibus
976 2110 1142 2152 dicam.
1171 2110 1298 2150 R.<¹us
1331 2109 1380 2149 P.
1409 2108 1626 2148 Andreas
1656 2112 1700 2146 et
1728 2117 1815 2156 ego

191 2188 334 2227 multa
365 2186 700 2238 poenitentium
727 2183 987 2235 frequentia
1017 2192 1316 2233 occupamur,
1346 2179 1423 2231 qui
1445 2184 1568 2218 certe
1595 2187 1817 2217 numerus

192 2258 240 2297 in
266 2257 365 2297 dies
387 2256 540 2307 magis
561 2267 616 2295 ac
638 2255 789 2306 magis
810 2259 1022 2304 augetur,
1046 2252 1292 2302 multisque
1313 2248 1572 2301 spiritualia
1595 2247 1817 2287 exercitia

197 2328 377 2368 damus.
414 2326 628 2367 Infirmos
657 2337 837 2377 quoque
872 2324 1067 2364 visimus
1102 2328 1239 2374 atque
1273 2320 1584 2361 consolamur.
1621 2317 1819 2358 Adimus

194 2397 442 2449 aliquando
490 2396 738 2447 hospitalia
778 2395 837 2435 ad
875 2393 1169 2434 invisendum
1207 2397 1446 2442 aegrotos,
1489 2389 1655 2440 quibus
1691 2388 1815 2439 grati

193 2468 445 2508 admodum
467 2478 640 2517 sumus,
669 2478 755 2506 nec
777 2466 925 2505 solum
953 2465 1066 2516 ipsis
1086 2474 1251 2503 verum
1286 2460 1684 2502 xenodochiorum
1716 2469 1818 2509 pro-

194 2539 413 2578 curatori.

272 2609 402 2649 Istud
428 2620 543 2648 vero
573 2607 756 2647 silentio
790 2605 1181 2658 praetereundum
1206 2615 1300 2643 non
1327 2602 1511 2642 videtur
1542 2599 1678 2652 quod,
1715 2610 1819 2638 cum

196 2679 284 2718 hoc
305 2685 514 2730 tempore
534 2677 738 2729 hyemali
758 2677 964 2716 maxima
982 2682 1118 2726 atque
1140 2680 1348 2714 extrema
1365 2677 1574 2722 egestate
1590 2680 1819 2722 pauperes

196 2749 344 2799 premi
368 2748 813 2797 animadverterem,
836 2747 900 2787 ita
921 2753 971 2786 ut
991 2745 1175 2796 plurimi
1197 2754 1357 2784 eorum
1373 2742 1495 2782 fame
1512 2746 1816 2788 morerentur,

199 2819 522 2858 misericordia
543 2818 730 2866 ductus,
749 2823 799 2857 ut
815 2818 980 2857 saltem
996 2817 1082 2867 his,
1104 2816 1182 2867 qui
1204 2820 1310 2855 sunt
1338 2818 1528 2854 nostrae
1551 2810 1817 2863 parochiae,

199 2888 539 2939 subveniretur,
580 2888 753 2928 contuli
783 2899 856 2927 me
886 2887 945 2926 ad
975 2886 1226 2927 nobiliores
1258 2890 1301 2924 et
1338 2882 1651 2934 opulentiores
1687 2891 1818 2931 paro·

200 2958 394 2997 chianos
414 2964 614 3007 nostros,
640 2970 756 3008 quos
777 2969 857 3008 per
886 2957 1044 3010 Jesum
1072 2956 1309 2996 Christum
1335 2953 1529 2994 exoravi
1555 2958 1604 2991 ut
1633 2961 1816 2991 succur—
