1987 3260
209 194 281 232 342
719 194 945 232 LITTERAE
972 205 1326 238 ‹QUADRiMEsrREs

210 291 299 330 lem
321 302 447 341 sane,
463 302 519 330 ac
536 290 744 330 divinum
760 290 1006 341 quemdam
1023 290 1238 331 affectum
1255 290 1314 331 ad
1330 290 1610 332 Societatem
1625 297 1837 332 nostram

211 360 473 401 ostendens.

290 430 529 471 Summam
563 438 717 471 autem
748 430 884 482 hujus
915 432 1158 471 concionis
1184 443 1441 483 prosequar
1471 432 1498 471 ¹.
1526 434 1702 473 Thema
1729 432 1829 473 fuit:

210 503 487 542 mandatum
509 513 683 541 novum
703 502 761 541 do
783 502 931 552 vobz's,
952 506 1005 542 ut
1033 501 1254 552 diligatis
1279 502 1500 554 invicem,
1521 504 1643 543 sicut
1669 507 1713 543 et
1741 514 1831 554 ego

209 572 364 612 dilexi
393 584 493 612 vos.
530 573 664 625 Joan.
706 572 765 612 13.
803 572 854 612 In
888 573 991 623 lege
1025 573 1290 613 carnalibus
1324 573 1606 625 rudibusque
1640 574 1832 626 Judaeis

210 644 479 683 mandatum
508 644 612 683 fuit:
645 642 822 694 diliges
843 644 1124 694 p7‘0.i·z'mum
1155 647 1288 684 tumn
1315 643 1437 684 sicut
1467 648 1510 684 te
1540 644 1723 695 z'psumj
1743 644 1831 685 hoc

208 726 322 754 vero
342 726 466 754 novo
487 714 560 754 X.i
588 713 775 753 Domini
797 715 945 754 nostri
966 714 1187 754 mandato
1206 713 1420 765 jubemur
1447 714 1613 754 debere
1641 714 1832 766 diligere

208 785 471 836 proximum
493 785 612 824 sicut
632 796 718 824 nos
739 785 885 835 ipsos,
918 784 1154 835 videlicet,
1186 785 1304 824 sicut
1334 785 1437 825 X.us
1463 785 1623 825 dilexit
1648 797 1754 836 nos,
1783 791 1832 825 ut

209 856 400 906 pulchre
422 856 612 905 exponit
634 855 691 894 D.
715 855 917 906 Cyrillus
936 855 1011 895 lib.
1036 856 1073 894 9.
1098 856 1145 895 111
1164 856 1424 908 Johannem
1446 868 1484 895 c.
1513 855 1577 895 23.
1601 855 1837 896 Doctores

210 926 390 975 docent,
411 931 454 965 et
470 931 611 976 recte,
631 926 909 966 charitatem
927 938 1028 965 esse
1047 926 1324 977 ordinatam,
1349 932 1393 966 et
1413 926 1561 977 primo
1581 926 1784 978 incipere
1805 938 1832 966 a

209 997 330 1047 Deo,
356 996 559 1036 secundo
588 1009 614 1036 a
640 1009 689 1036 se
717 997 838 1048 ipso,
869 1003 980 1048 etc.;
1010 997 1090 1037 sed
1111 997 1213 1048 ipsa
1233 1003 1402 1037 natura
1429 997 1684 1047 charitatis,
1708 997 1755 1037 in
1781 1009 1831 1037 se

210 1068 519 1118 considerata,
538 1067 678 1107 alium
696 1067 792 1118 jam
813 1067 988 1107 dictum
1008 1068 1220 1107 ordinem
1239 1074 1412 1108 servat.
1431 1068 1560 1107 Haec
1581 1079 1706 1108 nova
1721 1068 1833 1121 Jesu

207 1137 416 1178 Societas
433 1138 585 1178 studet
600 1150 693 1177 non
709 1139 857 1178 solum
876 1138 1109 1178 communi
1125 1138 1261 1178 modo
1279 1139 1394 1178 bene
1411 1139 1587 1188 vivere,
1606 1144 1655 1178 ut
1672 1150 1833 1178 omnes

206 1210 378 1261 Xpiani
400 1215 631 1260 tenentur,
655 1221 740 1249 nec
761 1215 941 1249 tantum
961 1210 1204 1249 excellenti
1225 1210 1382 1260 modo,
1407 1216 1454 1249 ut
1476 1210 1701 1260 religiosi,
1732 1210 1828 1261 sed,

205 1280 460 1320 secundum
486 1292 660 1320 novum
687 1280 811 1320 istud
838 1279 912 1319 X.i
940 1280 1225 1331 mandatum,
1256 1280 1647 1320 excellentissimo
1675 1281 1833 1328 modo;

204 1351 316 1391 nihil
347 1351 582 1391 dilectioni
616 1351 813 1390 fratrum
841 1356 1143 1402 anteponere,
1174 1351 1245 1391 sui
1272 1352 1447 1392 nullum
1477 1352 1649 1391 habere
1678 1364 1829 1403 respe-

204 1427 347 1472 ctum,
374 1433 422 1461 se
445 1422 595 1473 ipsum
615 1422 881 1472 exinanire,
912 1433 1052 1473 seque
1074 1418 1222 1461 totum
1245 1421 1302 1462 ad
1324 1421 1412 1462 Dei
1432 1422 1656 1462 honorem
1676 1423 1829 1473 proxi-

202 1504 474 1543 morumque
505 1494 699 1532 salutem
731 1492 988 1543 effundere,
1018 1493 1165 1532 vitam
1190 1492 1430 1543 propriam
1457 1505 1540 1543 pro
1568 1493 1829 1533 animarum

201 1564 349 1603 salute
385 1569 703 1613 contemnere,
734 1575 918 1603 omnem
946 1563 1142 1614 denique
1162 1563 1369 1603 laborem
1397 1575 1624 1614 omneque
1650 1564 1828 1614 pericu-

200 1635 293 1674 lum
314 1634 468 1674 subire
489 1645 573 1685 pro
595 1634 679 1674 X.0
699 1634 1052 1685 animarumque
1074 1634 1235 1674 salute.
1260 1633 1422 1673 Novus
1443 1645 1555 1673 sane
1577 1640 1621 1673 et
1652 1634 1828 1674 inaudi—

200 1710 274 1745 tus
294 1710 365 1744 est
385 1705 458 1744 hic
477 1705 739 1744 dilectionis
755 1705 935 1754 modus,
955 1716 1092 1755 quem
1108 1704 1210 1744 X.¹1S
1228 1704 1455 1753 110111111115,
1476 1717 1533 1744 ex
1550 1705 1639 1745 1100
1656 1705 1829 1745 mundo

199 1775 257 1816 ad
274 1775 460 1816 Patrem
477 1776 772 1825 transiturus,
793 1776 916 1815 serio
934 1775 1173 1827 discipulis
1193 1774 1552 1815 commendavit.
1571 1776 1700 1816 Haec
1717 1775 1828 1816 San-

202 1853 278 1887 cta
304 1845 515 1886 Societas
542 1858 715 1886 novum
744 1847 867 1886 istud
901 1846 973 1886 X.i
1008 1846 1281 1886 mandatum
1315 1858 1399 1898 pro
1434 1846 1735 1886 fundamento
1773 1859 1828 1887 ac

198 1917 355 1957 radice
372 1917 523 1957 habet.
543 1916 647 1956 Non
669 1916 727 1956 ad
743 1917 1026 1968 particulare
1049 1917 1235 1967 aliquod
1253 1917 1496 1957 charitatis
1514 1929 1594 1956 seu
1616 1917 1827 1957 obedien-

199 1989 290 2029 tiae
325 1987 523 2028 officium
558 1999 607 2027 se
637 1987 934 2038 adstringunt
970 1988 1047 2039 qui
1083 1988 1138 2027 de
1176 1988 1263 2027 hac
1292 1987 1523 2027 Societate
1551 1994 1679 2038 sunt,
1709 1988 1827 2028 sicut

198 2059 402 2110 reliquae
422 2059 673 2109 religiones
694 2058 885 2107 faciunt,
905 2058 986 2098 sed
1009 2059 1067 2098 ad
1088 2070 1143 2098 ea
1161 2059 1331 2108 omnia,
1352 2059 1410 2098 ad
1431 2070 1549 2109 quae
1566 2059 1824 2108 mittuntur,

197 2141 377 2181 quaeve
398 2135 636 2181 tamquam
658 2128 717 2168 ad
738 2130 934 2169 salutem
962 2129 1223 2169 animarum
1251 2129 1402 2180 magis
1431 2129 1562 2169 utilia
1590 2140 1691 2169 sese
1722 2129 1827 2169 offe-

198 2206 319 2240 runt.
343 2199 465 2240 Sane
486 2200 608 2240 istud
630 2206 699 2239 est
721 2205 817 2239 tam
839 2200 1072 2239 excellens
1094 2211 1150 2239 ac
1172 2205 1400 2250 sanctum,
1424 2206 1473 2239 ut
1495 2211 1678 2239 omnem
1698 2199 1825 2239 intel-

197 2272 367 2311 lectum
389 2282 609 2321 superare
630 2270 859 2309 videatur.
883 2269 986 2310 Non
1008 2270 1177 2310 mirum
1207 2281 1319 2320 ergo
1348 2270 1385 2309 si
1414 2270 1531 2310 haec
1557 2269 1768 2310 Societas
1799 2282 1825 2309 a

203 2341 365 2392 paucis
401 2347 726 2392 cognoscatur.
764 2341 930 2380 Merito
959 2352 1071 2381 sane
1101 2347 1297 2381 Vocatur
1332 2340 1541 2381 Societas
1567 2340 1700 2392 Jesu,
1732 2352 1825 2380 non

198 2412 320 2464 quod
355 2423 441 2451 nos
475 2412 619 2451 simus
654 2423 711 2451 ex
747 2412 969 2451 societate
1006 2412 1197 2461 diaboli,
1233 2412 1314 2451 sed
1349 2412 1456 2462 quia
1490 2411 1823 2460 excellentiori,

198 2483 337 2522 immo
360 2482 747 2522 excellentissimo
769 2482 922 2533 modo,
947 2488 1169 2533 sequatur
1190 2482 1441 2522 Dominum
1458 2482 1616 2535 Jesum
1634 2481 1825 2532 eJ'usque

199 2558 389 2593 sanctos
410 2552 675 2603 Apostolos
700 2553 800 2602 Ego
822 2564 982 2592 omnes
1010 2564 1169 2592 eorum
1196 2553 1365 2604 bullas,
1397 2552 1750 2592 constitutiones
1780 2558 1823 2591 et

199 2623 423 2663 exercitia
450 2623 543 2673 legi
571 2623 829 2673 approbata
857 2629 900 2662 et
927 2623 1200 2662 confirmata
1228 2635 1311 2674 per
1338 2623 1610 2663 modernum
1638 2622 1824 2662 Pontifi—

199 2705 299 2733 cem
321 2692 510 2744 ejusque
530 2692 953 2744 praedecessorem.
986 2693 1036 2732 In
1058 2694 1217 2733 habitu
1239 2699 1495 2745 sequuntur
1524 2705 1700 2732 morem
1729 2693 1823 2744 pio-

200 2775 301 2803 rum
322 2763 618 2803 sacerdotum
638 2763 931 2815 provinciae,
956 2763 1001 2802 in
1022 2763 1135 2803 cibis
1157 2769 1200 2803 et
1229 2764 1453 2803 similibus
1479 2763 1604 2802 nulla
1632 2768 1824 2803 utuntur

252 2897 262 2917 ¹
303 2897 451 2932 Sequens
465 2897 593 2924 Ruardi
615 2898 727 2932 Taper
749 2898 859 2925 oratio
884 2898 975 2925 edita
997 2898 1068 2932 jam
1089 2898 1120 2924 in
1145 2899 1253 2925 lucem
1277 2902 1328 2925 051
1352 2898 1385 2925 111
1407 2897 1526 2926 Clzron.
1553 2897 1624 2924 Soc.
1645 2896 1731 2932 ses„
1745 2901 1769 2924 t.
1788 2904 1822 2928 11,

197 2952 274 2978 pag.
288 2944 349 2979 284,
366 2952 396 2971 n.
412 2945 473 2976 2⁴3,
490 2948 523 2971 et
539 2945 674 2971 dubium
689 2953 754 2972 non
769 2949 819 2972 est
834 2953 875 2971 ex
891 2945 941 2972 his
957 2945 1050 2972 illam
1066 2945 1189 2971 litteris
1205 2945 1306 2972 fuisse
1323 2945 1544 2979 desumptam.
1560 2945 1622 2971 Est
1640 2948 1753 2971 tamen
1769 2944 1823 2970 hic

199 2991 328 3024 plenior
344 2994 376 3017 et
393 2991 611 3018 emendatior.
