<?xml version="1.0" encoding="UTF-8"?>
<!DOCTYPE html PUBLIC "-//W3C//DTD XHTML 1.0 Transitional//EN"
    "http://www.w3.org/TR/xhtml1/DTD/xhtml1-transitional.dtd">
<html xmlns="http://www.w3.org/1999/xhtml" xml:lang="en" lang="en">
 <head>
  <title>
</title>
<meta http-equiv="Content-Type" content="text/html;charset=utf-8" />
  <meta name='ocr-system' content='tesseract 3.04.00' />
  <meta name='ocr-capabilities' content='ocr_page ocr_carea ocr_par ocr_line ocrx_word'/>
</head>
<body>
  <div class='ocr_page' id='page_1' title='image "./litteraequadrime1301lain_0295.png"; bbox 0 0 1987 3260; ppageno 0'>
   <div class='ocr_carea' id='block_1_1' title="bbox 817 200 1736 238">
    <p class='ocr_par' dir='ltr' id='par_1_1' title="bbox 817 200 1736 238">
     <span class='ocr_line' id='line_1_1' title="bbox 817 200 1736 238; baseline -0.002 -1"><span class='ocrx_word' id='word_1_1' title='bbox 817 200 899 238; x_wconf 76' lang='lat' dir='ltr'>AN.</span> <span class='ocrx_word' id='word_1_2' title='bbox 934 201 1017 237; x_wconf 74' lang='lat'>1551</span> <span class='ocrx_word' id='word_1_3' title='bbox 1663 200 1736 236; x_wconf 66' lang='lat'>280</span> 
     </span>
    </p>
   </div>
   <div class='ocr_carea' id='block_1_2' title="bbox 110 297 1748 1053">
    <p class='ocr_par' dir='ltr' id='par_1_2' title="bbox 110 297 1748 1053">
     <span class='ocr_line' id='line_1_2' title="bbox 112 297 1735 348; baseline -0.002 -9"><span class='ocrx_word' id='word_1_4' title='bbox 112 300 160 339; x_wconf 84' lang='lat' dir='ltr'>P.</span> <span class='ocrx_word' id='word_1_5' title='bbox 190 298 248 338; x_wconf 91' lang='lat' dir='ltr'>V.</span> <span class='ocrx_word' id='word_1_6' title='bbox 280 297 614 347; x_wconf 78' lang='lat' dir='ltr'>transmittam,</span> <span class='ocrx_word' id='word_1_7' title='bbox 645 297 762 337; x_wconf 89' lang='lat' dir='ltr'>inter</span> <span class='ocrx_word' id='word_1_8' title='bbox 798 308 912 348; x_wconf 91' lang='lat' dir='ltr'>quos</span> <span class='ocrx_word' id='word_1_9' title='bbox 944 309 1062 338; x_wconf 91' lang='lat' dir='ltr'>unus</span> <span class='ocrx_word' id='word_1_10' title='bbox 1097 297 1142 337; x_wconf 91' lang='lat' dir='ltr'>in</span> <span class='ocrx_word' id='word_1_11' title='bbox 1174 297 1349 337; x_wconf 87' lang='lat' dir='ltr'>artibus</span> <span class='ocrx_word' id='word_1_12' title='bbox 1388 302 1633 346; x_wconf 86' lang='lat' dir='ltr'>promotus</span> <span class='ocrx_word' id='word_1_13' title='bbox 1667 303 1735 336; x_wconf 87' lang='lat' dir='ltr'>est</span> 
     </span>
     <span class='ocr_line' id='line_1_3' title="bbox 110 366 1741 420; baseline -0.002 -10"><span class='ocrx_word' id='word_1_14' title='bbox 110 368 328 419; x_wconf 88' lang='lat' dir='ltr'>Lovanii,</span> <span class='ocrx_word' id='word_1_15' title='bbox 354 369 430 420; x_wconf 90' lang='lat' dir='ltr'>qui</span> <span class='ocrx_word' id='word_1_16' title='bbox 450 367 629 419; x_wconf 79' lang='lat' dir='ltr'>primae</span> <span class='ocrx_word' id='word_1_17' title='bbox 651 367 971 408; x_wconf 79' lang='lat' dir='ltr'>hebdomadae</span> <span class='ocrx_word' id='word_1_18' title='bbox 1002 367 1227 408; x_wconf 86' lang='lat' dir='ltr'>exercitia</span> <span class='ocrx_word' id='word_1_19' title='bbox 1256 377 1427 417; x_wconf 88' lang='lat' dir='ltr'>magno</span> <span class='ocrx_word' id='word_1_20' title='bbox 1456 378 1564 406; x_wconf 94' lang='lat' dir='ltr'>cum</span> <span class='ocrx_word' id='word_1_21' title='bbox 1589 366 1741 406; x_wconf 91' lang='lat' dir='ltr'>fructu</span> 
     </span>
     <span class='ocr_line' id='line_1_4' title="bbox 114 437 1737 489; baseline -0.002 -11"><span class='ocrx_word' id='word_1_22' title='bbox 114 439 334 489; x_wconf 80' lang='lat' dir='ltr'>absolvit,</span> <span class='ocrx_word' id='word_1_23' title='bbox 360 445 403 478; x_wconf 89' lang='lat' dir='ltr'>et</span> <span class='ocrx_word' id='word_1_24' title='bbox 426 443 555 478; x_wconf 88' lang='lat' dir='ltr'>tanta</span> <span class='ocrx_word' id='word_1_25' title='bbox 577 438 805 478; x_wconf 76' lang='lat' dir='ltr'>charitate</span> <span class='ocrx_word' id='word_1_26' title='bbox 829 449 1056 478; x_wconf 87' lang='lat' dir='ltr'>accensus</span> <span class='ocrx_word' id='word_1_27' title='bbox 1077 444 1166 489; x_wconf 89' lang='lat' dir='ltr'>est,</span> <span class='ocrx_word' id='word_1_28' title='bbox 1192 443 1241 477; x_wconf 88' lang='lat' dir='ltr'>ut</span> <span class='ocrx_word' id='word_1_29' title='bbox 1261 437 1500 488; x_wconf 79' lang='lat' dir='ltr'>quiescere</span> <span class='ocrx_word' id='word_1_30' title='bbox 1521 443 1737 488; x_wconf 77' lang='lat' dir='ltr'>nequeat,</span> 
     </span>
     <span class='ocr_line' id='line_1_5' title="bbox 116 507 1740 560; baseline -0.002 -10"><span class='ocrx_word' id='word_1_31' title='bbox 116 511 261 550; x_wconf 86' lang='lat' dir='ltr'>donec</span> <span class='ocrx_word' id='word_1_32' title='bbox 284 508 555 560; x_wconf 85' lang='lat' dir='ltr'>parentibus</span> <span class='ocrx_word' id='word_1_33' title='bbox 583 520 638 548; x_wconf 91' lang='lat' dir='ltr'>ac</span> <span class='ocrx_word' id='word_1_34' title='bbox 667 509 830 549; x_wconf 83' lang='lat' dir='ltr'>amicis</span> <span class='ocrx_word' id='word_1_35' title='bbox 860 515 903 549; x_wconf 90' lang='lat' dir='ltr'>et</span> <span class='ocrx_word' id='word_1_36' title='bbox 933 509 1034 548; x_wconf 89' lang='lat' dir='ltr'>aliis</span> <span class='ocrx_word' id='word_1_37' title='bbox 1055 508 1192 548; x_wconf 89' lang='lat' dir='ltr'>rebus</span> <span class='ocrx_word' id='word_1_38' title='bbox 1213 507 1426 547; x_wconf 89' lang='lat' dir='ltr'>omnibus</span> <span class='ocrx_word' id='word_1_39' title='bbox 1455 507 1740 558; x_wconf 81' lang='lat' dir='ltr'>postpositis,</span> 
     </span>
     <span class='ocr_line' id='line_1_6' title="bbox 118 577 1743 629; baseline -0.002 -9"><span class='ocrx_word' id='word_1_40' title='bbox 118 580 310 620; x_wconf 87' lang='lat' dir='ltr'>Romam</span> <span class='ocrx_word' id='word_1_41' title='bbox 335 591 384 619; x_wconf 92' lang='lat' dir='ltr'>se</span> <span class='ocrx_word' id='word_1_42' title='bbox 405 579 617 619; x_wconf 86' lang='lat' dir='ltr'>conferat</span> <span class='ocrx_word' id='word_1_43' title='bbox 641 591 745 619; x_wconf 91' lang='lat' dir='ltr'>cum</span> <span class='ocrx_word' id='word_1_44' title='bbox 767 580 884 619; x_wconf 90' lang='lat' dir='ltr'>aliis.</span> <span class='ocrx_word' id='word_1_45' title='bbox 910 579 1033 619; x_wconf 86' lang='lat' dir='ltr'>Alibi</span> <span class='ocrx_word' id='word_1_46' title='bbox 1047 579 1189 629; x_wconf 88' lang='lat' dir='ltr'>enim,</span> <span class='ocrx_word' id='word_1_47' title='bbox 1212 578 1489 629; x_wconf 90' lang='lat' dir='ltr'>ubicumque</span> <span class='ocrx_word' id='word_1_48' title='bbox 1509 577 1558 617; x_wconf 89' lang='lat' dir='ltr'>P.</span> <span class='ocrx_word' id='word_1_49' title='bbox 1577 577 1628 617; x_wconf 94' lang='lat' dir='ltr'>T.</span> <span class='ocrx_word' id='word_1_50' title='bbox 1648 578 1743 628; x_wconf 86' lang='lat' dir='ltr'>pla-</span> 
     </span>
     <span class='ocr_line' id='line_1_7' title="bbox 116 647 1742 702; baseline -0.002 -12"><span class='ocrx_word' id='word_1_51' title='bbox 116 651 255 699; x_wconf 90' lang='lat' dir='ltr'>cebit,</span> <span class='ocrx_word' id='word_1_52' title='bbox 279 651 383 702; x_wconf 87' lang='lat' dir='ltr'>plus</span> <span class='ocrx_word' id='word_1_53' title='bbox 405 650 451 689; x_wconf 92' lang='lat' dir='ltr'>in</span> <span class='ocrx_word' id='word_1_54' title='bbox 474 650 636 690; x_wconf 83' lang='lat' dir='ltr'>studiis</span> <span class='ocrx_word' id='word_1_55' title='bbox 657 656 701 690; x_wconf 87' lang='lat' dir='ltr'>et</span> <span class='ocrx_word' id='word_1_56' title='bbox 719 650 889 701; x_wconf 85' lang='lat' dir='ltr'>pietate</span> <span class='ocrx_word' id='word_1_57' title='bbox 911 661 1051 701; x_wconf 90' lang='lat' dir='ltr'>quam</span> <span class='ocrx_word' id='word_1_58' title='bbox 1072 649 1294 690; x_wconf 83' lang='lat' dir='ltr'>Coloniae</span> <span class='ocrx_word' id='word_1_59' title='bbox 1311 647 1538 700; x_wconf 87' lang='lat' dir='ltr'>proficere</span> <span class='ocrx_word' id='word_1_60' title='bbox 1559 649 1742 699; x_wconf 90' lang='lat' dir='ltr'>poterit.</span> 
     </span>
     <span class='ocr_line' id='line_1_8' title="bbox 118 718 1746 773; baseline -0.002 -12"><span class='ocrx_word' id='word_1_61' title='bbox 118 721 271 772; x_wconf 87' lang='lat' dir='ltr'>Nepos</span> <span class='ocrx_word' id='word_1_62' title='bbox 294 720 531 770; x_wconf 87' lang='lat' dir='ltr'>Balduini,</span> <span class='ocrx_word' id='word_1_63' title='bbox 557 721 633 773; x_wconf 91' lang='lat' dir='ltr'>qui</span> <span class='ocrx_word' id='word_1_64' title='bbox 655 721 870 761; x_wconf 87' lang='lat' dir='ltr'>studendi</span> <span class='ocrx_word' id='word_1_65' title='bbox 890 720 1045 771; x_wconf 85' lang='lat' dir='ltr'>gratia</span> <span class='ocrx_word' id='word_1_66' title='bbox 1061 719 1119 760; x_wconf 88' lang='lat' dir='ltr'>ad</span> <span class='ocrx_word' id='word_1_67' title='bbox 1136 731 1221 760; x_wconf 91' lang='lat' dir='ltr'>nos</span> <span class='ocrx_word' id='word_1_68' title='bbox 1236 725 1455 769; x_wconf 86' lang='lat' dir='ltr'>venerat,</span> <span class='ocrx_word' id='word_1_69' title='bbox 1481 730 1586 758; x_wconf 92' lang='lat' dir='ltr'>cum</span> <span class='ocrx_word' id='word_1_70' title='bbox 1607 718 1746 759; x_wconf 88' lang='lat' dir='ltr'>valde</span> 
     </span>
     <span class='ocr_line' id='line_1_9' title="bbox 119 788 1747 841; baseline -0.001 -10"><span class='ocrx_word' id='word_1_71' title='bbox 119 792 177 831; x_wconf 84' lang='lat' dir='ltr'>ad</span> <span class='ocrx_word' id='word_1_72' title='bbox 207 791 489 831; x_wconf 82' lang='lat' dir='ltr'>Societatem</span> <span class='ocrx_word' id='word_1_73' title='bbox 517 791 799 841; x_wconf 85' lang='lat' dir='ltr'>afficeretur,</span> <span class='ocrx_word' id='word_1_74' title='bbox 831 803 935 831; x_wconf 89' lang='lat' dir='ltr'>eum</span> <span class='ocrx_word' id='word_1_75' title='bbox 964 789 1249 830; x_wconf 87' lang='lat' dir='ltr'>admisimus.</span> <span class='ocrx_word' id='word_1_76' title='bbox 1279 788 1423 841; x_wconf 84' lang='lat' dir='ltr'>Spero</span> <span class='ocrx_word' id='word_1_77' title='bbox 1453 801 1546 829; x_wconf 87' lang='lat' dir='ltr'>non</span> <span class='ocrx_word' id='word_1_78' title='bbox 1576 789 1747 829; x_wconf 90' lang='lat' dir='ltr'>medio-</span> 
     </span>
     <span class='ocr_line' id='line_1_10' title="bbox 119 859 1745 912; baseline -0.001 -11"><span class='ocrx_word' id='word_1_79' title='bbox 119 862 216 902; x_wconf 84' lang='lat' dir='ltr'>cria</span> <span class='ocrx_word' id='word_1_80' title='bbox 238 862 403 902; x_wconf 85' lang='lat' dir='ltr'>dehoc</span> <span class='ocrx_word' id='word_1_81' title='bbox 429 860 618 912; x_wconf 80' lang='lat' dir='ltr'>juvene,</span> <span class='ocrx_word' id='word_1_82' title='bbox 658 873 819 912; x_wconf 88' lang='lat' dir='ltr'>quem,</span> <span class='ocrx_word' id='word_1_83' title='bbox 844 862 1056 912; x_wconf 83' lang='lat' dir='ltr'>exemplo</span> <span class='ocrx_word' id='word_1_84' title='bbox 1087 872 1189 911; x_wconf 90' lang='lat' dir='ltr'>suo,</span> <span class='ocrx_word' id='word_1_85' title='bbox 1221 860 1337 900; x_wconf 86' lang='lat' dir='ltr'>alios</span> <span class='ocrx_word' id='word_1_86' title='bbox 1364 860 1503 900; x_wconf 89' lang='lat' dir='ltr'>etiarn</span> <span class='ocrx_word' id='word_1_87' title='bbox 1531 859 1591 900; x_wconf 89' lang='lat' dir='ltr'>ad</span> <span class='ocrx_word' id='word_1_88' title='bbox 1620 859 1745 900; x_wconf 88' lang='lat' dir='ltr'>Chri-</span> 
     </span>
     <span class='ocr_line' id='line_1_11' title="bbox 118 930 1748 982; baseline -0.001 -11"><span class='ocrx_word' id='word_1_89' title='bbox 118 939 239 972; x_wconf 69' lang='lat' dir='ltr'>stum</span> <span class='ocrx_word' id='word_1_90' title='bbox 275 939 534 973; x_wconf 86' lang='lat' dir='ltr'>tracturum</span> <span class='ocrx_word' id='word_1_91' title='bbox 571 932 822 972; x_wconf 89' lang='lat' dir='ltr'>verisimile</span> <span class='ocrx_word' id='word_1_92' title='bbox 852 938 935 972; x_wconf 91' lang='lat' dir='ltr'>est.</span> <span class='ocrx_word' id='word_1_93' title='bbox 973 932 1088 972; x_wconf 86' lang='lat' dir='ltr'>Tres</span> <span class='ocrx_word' id='word_1_94' title='bbox 1122 931 1199 971; x_wconf 91' lang='lat' dir='ltr'>alii</span> <span class='ocrx_word' id='word_1_95' title='bbox 1234 931 1446 981; x_wconf 88' lang='lat' dir='ltr'>studiosi,</span> <span class='ocrx_word' id='word_1_96' title='bbox 1471 931 1551 982; x_wconf 92' lang='lat' dir='ltr'>qui</span> <span class='ocrx_word' id='word_1_97' title='bbox 1577 930 1635 970; x_wconf 89' lang='lat' dir='ltr'>ad</span> <span class='ocrx_word' id='word_1_98' title='bbox 1663 942 1748 970; x_wconf 87' lang='lat' dir='ltr'>nos</span> 
     </span>
     <span class='ocr_line' id='line_1_12' title="bbox 121 1001 1572 1053; baseline -0.001 -10"><span class='ocrx_word' id='word_1_99' title='bbox 121 1003 247 1043; x_wconf 86' lang='lat' dir='ltr'>hisce</span> <span class='ocrx_word' id='word_1_100' title='bbox 269 1003 430 1043; x_wconf 85' lang='lat' dir='ltr'>diebus</span> <span class='ocrx_word' id='word_1_101' title='bbox 452 1008 701 1053; x_wconf 82' lang='lat' dir='ltr'>venerant,</span> <span class='ocrx_word' id='word_1_102' title='bbox 724 1015 772 1042; x_wconf 91' lang='lat' dir='ltr'>se</span> <span class='ocrx_word' id='word_1_103' title='bbox 794 1008 916 1042; x_wconf 93' lang='lat' dir='ltr'>totos</span> <span class='ocrx_word' id='word_1_104' title='bbox 937 1001 1159 1043; x_wconf 86' lang='lat' dir='ltr'>Societati</span> <span class='ocrx_word' id='word_1_105' title='bbox 1181 1002 1292 1043; x_wconf 88' lang='lat' dir='ltr'>dare</span> <span class='ocrx_word' id='word_1_106' title='bbox 1313 1001 1572 1042; x_wconf 89' lang='lat' dir='ltr'>intendunt.</span> 
     </span>
    </p>
   </div>
   <div class='ocr_carea' id='block_1_3' title="bbox 120 1166 1753 1531">
    <p class='ocr_par' dir='ltr' id='par_1_3' title="bbox 120 1166 1753 1531">
     <span class='ocr_line' id='line_1_13' title="bbox 176 1166 1751 1201; baseline -0.001 -7"><span class='ocrx_word' id='word_1_107' title='bbox 176 1167 351 1194; x_wconf 86' lang='lat' dir='ltr'>Hactenus</span> <span class='ocrx_word' id='word_1_108' title='bbox 365 1167 530 1201; x_wconf 81' lang='lat' dir='ltr'>magister</span> <span class='ocrx_word' id='word_1_109' title='bbox 545 1166 753 1198; x_wconf 78' lang='lat' dir='ltr'>Leonardus,</span> <span class='ocrx_word' id='word_1_110' title='bbox 770 1166 835 1200; x_wconf 80' lang='lat' dir='ltr'>qui,</span> <span class='ocrx_word' id='word_1_111' title='bbox 852 1166 922 1193; x_wconf 84' lang='lat' dir='ltr'>fere</span> <span class='ocrx_word' id='word_1_112' title='bbox 938 1166 1112 1194; x_wconf 87' lang='lat' dir='ltr'>duodecim</span> <span class='ocrx_word' id='word_1_113' title='bbox 1133 1167 1319 1200; x_wconf 82' lang='lat' dir='ltr'>mensibus,</span> <span class='ocrx_word' id='word_1_114' title='bbox 1336 1166 1459 1201; x_wconf 81' lang='lat' dir='ltr'>viginti</span> <span class='ocrx_word' id='word_1_115' title='bbox 1474 1167 1643 1194; x_wconf 86' lang='lat' dir='ltr'>studiosos</span> <span class='ocrx_word' id='word_1_116' title='bbox 1656 1167 1751 1201; x_wconf 87' lang='lat' dir='ltr'>juve-</span> 
     </span>
     <span class='ocr_line' id='line_1_14' title="bbox 120 1213 1751 1248; baseline -0.001 -6"><span class='ocrx_word' id='word_1_117' title='bbox 120 1223 180 1242; x_wconf 89' lang='lat' dir='ltr'>nes</span> <span class='ocrx_word' id='word_1_118' title='bbox 197 1215 338 1242; x_wconf 83' lang='lat' dir='ltr'>Romam</span> <span class='ocrx_word' id='word_1_119' title='bbox 353 1215 453 1247; x_wconf 83' lang='lat' dir='ltr'>misit,</span> <span class='ocrx_word' id='word_1_120' title='bbox 470 1219 504 1241; x_wconf 88' lang='lat' dir='ltr'>et</span> <span class='ocrx_word' id='word_1_121' title='bbox 518 1221 583 1240; x_wconf 93' lang='lat' dir='ltr'>non</span> <span class='ocrx_word' id='word_1_122' title='bbox 599 1213 759 1240; x_wconf 87' lang='lat' dir='ltr'>mediocri</span> <span class='ocrx_word' id='word_1_123' title='bbox 776 1213 984 1240; x_wconf 83' lang='lat' dir='ltr'>dexteritate</span> <span class='ocrx_word' id='word_1_124' title='bbox 1000 1213 1033 1240; x_wconf 90' lang='lat' dir='ltr'>in</span> <span class='ocrx_word' id='word_1_125' title='bbox 1045 1213 1225 1248; x_wconf 88' lang='lat' dir='ltr'>juventute</span> <span class='ocrx_word' id='word_1_126' title='bbox 1248 1214 1290 1240; x_wconf 86' lang='lat' dir='ltr'>ad</span> <span class='ocrx_word' id='word_1_127' title='bbox 1312 1213 1485 1241; x_wconf 74' lang='lat' dir='ltr'>Christum</span> <span class='ocrx_word' id='word_1_128' title='bbox 1500 1213 1669 1241; x_wconf 83' lang='lat' dir='ltr'>trahenda</span> <span class='ocrx_word' id='word_1_129' title='bbox 1684 1215 1751 1248; x_wconf 85' lang='lat' dir='ltr'>pol—</span> 
     </span>
     <span class='ocr_line' id='line_1_15' title="bbox 123 1260 1753 1296; baseline -0.001 -7"><span class='ocrx_word' id='word_1_130' title='bbox 123 1263 178 1296; x_wconf 81' lang='lat' dir='ltr'>let,</span> <span class='ocrx_word' id='word_1_131' title='bbox 194 1270 255 1289; x_wconf 91' lang='lat' dir='ltr'>nec</span> <span class='ocrx_word' id='word_1_132' title='bbox 271 1266 382 1288; x_wconf 70' lang='lat' dir='ltr'>tamen</span> <span class='ocrx_word' id='word_1_133' title='bbox 397 1261 585 1295; x_wconf 86' lang='lat' dir='ltr'>promiscue</span> <span class='ocrx_word' id='word_1_134' title='bbox 600 1261 659 1288; x_wconf 87' lang='lat' dir='ltr'>sed</span> <span class='ocrx_word' id='word_1_135' title='bbox 674 1268 749 1288; x_wconf 91' lang='lat' dir='ltr'>cum</span> <span class='ocrx_word' id='word_1_136' title='bbox 763 1261 898 1287; x_wconf 89' lang='lat' dir='ltr'>delectu</span> <span class='ocrx_word' id='word_1_137' title='bbox 913 1268 980 1295; x_wconf 79' lang='lat' dir='ltr'>cos,</span> <span class='ocrx_word' id='word_1_138' title='bbox 997 1260 1051 1295; x_wconf 92' lang='lat' dir='ltr'>qui</span> <span class='ocrx_word' id='word_1_139' title='bbox 1068 1261 1211 1293; x_wconf 51' lang='lat' dir='ltr'>ingenio,</span> <span class='ocrx_word' id='word_1_140' title='bbox 1227 1261 1375 1288; x_wconf 86' lang='lat' dir='ltr'>moribus</span> <span class='ocrx_word' id='word_1_141' title='bbox 1390 1265 1422 1288; x_wconf 88' lang='lat' dir='ltr'>et</span> <span class='ocrx_word' id='word_1_142' title='bbox 1435 1261 1512 1288; x_wconf 89' lang='lat' dir='ltr'>aliis</span> <span class='ocrx_word' id='word_1_143' title='bbox 1524 1261 1628 1288; x_wconf 82' lang='lat' dir='ltr'>etiam</span> <span class='ocrx_word' id='word_1_144' title='bbox 1642 1264 1753 1288; x_wconf 85' lang='lat' dir='ltr'>exter-</span> 
     </span>
     <span class='ocr_line' id='line_1_16' title="bbox 125 1307 1753 1343; baseline -0.001 -6"><span class='ocrx_word' id='word_1_145' title='bbox 125 1311 174 1337; x_wconf 86' lang='lat' dir='ltr'>nis</span> <span class='ocrx_word' id='word_1_146' title='bbox 189 1309 283 1336; x_wconf 81' lang='lat' dir='ltr'>donis</span> <span class='ocrx_word' id='word_1_147' title='bbox 298 1308 359 1335; x_wconf 89' lang='lat' dir='ltr'>Dei</span> <span class='ocrx_word' id='word_1_148' title='bbox 375 1308 522 1342; x_wconf 83' lang='lat' dir='ltr'>praediti</span> <span class='ocrx_word' id='word_1_149' title='bbox 537 1313 625 1341; x_wconf 83' lang='lat' dir='ltr'>sunt,</span> <span class='ocrx_word' id='word_1_150' title='bbox 641 1308 777 1334; x_wconf 81' lang='lat' dir='ltr'>retinet.</span> <span class='ocrx_word' id='word_1_151' title='bbox 802 1307 848 1334; x_wconf 91' lang='lat' dir='ltr'>Ut</span> <span class='ocrx_word' id='word_1_152' title='bbox 872 1312 905 1334; x_wconf 87' lang='lat' dir='ltr'>et</span> <span class='ocrx_word' id='word_1_153' title='bbox 929 1315 989 1334; x_wconf 90' lang='lat' dir='ltr'>nos</span> <span class='ocrx_word' id='word_1_154' title='bbox 1013 1308 1076 1342; x_wconf 86' lang='lat' dir='ltr'>ipsi</span> <span class='ocrx_word' id='word_1_155' title='bbox 1092 1315 1132 1334; x_wconf 80' lang='lat' dir='ltr'>ex</span> <span class='ocrx_word' id='word_1_156' title='bbox 1154 1309 1212 1342; x_wconf 85' lang='lat' dir='ltr'>eis,</span> <span class='ocrx_word' id='word_1_157' title='bbox 1226 1308 1281 1343; x_wconf 90' lang='lat' dir='ltr'>qui</span> <span class='ocrx_word' id='word_1_158' title='bbox 1297 1308 1438 1336; x_wconf 90' lang='lat' dir='ltr'>Romam</span> <span class='ocrx_word' id='word_1_159' title='bbox 1454 1309 1544 1336; x_wconf 88' lang='lat' dir='ltr'>missi</span> <span class='ocrx_word' id='word_1_160' title='bbox 1559 1312 1648 1342; x_wconf 88' lang='lat' dir='ltr'>sunt,</span> <span class='ocrx_word' id='word_1_161' title='bbox 1662 1309 1753 1336; x_wconf 90' lang='lat' dir='ltr'>colli-</span> 
     </span>
     <span class='ocr_line' id='line_1_17' title="bbox 124 1355 1751 1390; baseline -0.001 -6"><span class='ocrx_word' id='word_1_162' title='bbox 124 1364 204 1390; x_wconf 67' lang='lat' dir='ltr'>gere</span> <span class='ocrx_word' id='word_1_163' title='bbox 219 1363 406 1390; x_wconf 82' lang='lat' dir='ltr'>possumus,</span> <span class='ocrx_word' id='word_1_164' title='bbox 421 1359 452 1381; x_wconf 88' lang='lat' dir='ltr'>et</span> <span class='ocrx_word' id='word_1_165' title='bbox 466 1355 522 1382; x_wconf 87' lang='lat' dir='ltr'>illo</span> <span class='ocrx_word' id='word_1_166' title='bbox 535 1355 639 1382; x_wconf 86' lang='lat' dir='ltr'>etiam</span> <span class='ocrx_word' id='word_1_167' title='bbox 650 1359 852 1389; x_wconf 83' lang='lat' dir='ltr'>argumento</span> <span class='ocrx_word' id='word_1_168' title='bbox 864 1355 951 1388; x_wconf 87' lang='lat' dir='ltr'>quod</span> <span class='ocrx_word' id='word_1_169' title='bbox 967 1355 1054 1382; x_wconf 89' lang='lat' dir='ltr'>dorni</span> <span class='ocrx_word' id='word_1_170' title='bbox 1065 1355 1234 1389; x_wconf 83' lang='lat' dir='ltr'>juvenem,</span> <span class='ocrx_word' id='word_1_171' title='bbox 1254 1356 1365 1390; x_wconf 86' lang='lat' dir='ltr'>specie</span> <span class='ocrx_word' id='word_1_172' title='bbox 1380 1356 1510 1390; x_wconf 89' lang='lat' dir='ltr'>quidem</span> <span class='ocrx_word' id='word_1_173' title='bbox 1525 1356 1751 1390; x_wconf 82' lang='lat' dir='ltr'>spiritualem,</span> 
     </span>
     <span class='ocr_line' id='line_1_18' title="bbox 124 1402 1752 1438; baseline 0.001 -8"><span class='ocrx_word' id='word_1_174' title='bbox 124 1404 195 1437; x_wconf 84' lang='lat' dir='ltr'>sed,</span> <span class='ocrx_word' id='word_1_175' title='bbox 219 1408 254 1430; x_wconf 93' lang='lat' dir='ltr'>ut</span> <span class='ocrx_word' id='word_1_176' title='bbox 281 1410 336 1430; x_wconf 88' lang='lat' dir='ltr'>res</span> <span class='ocrx_word' id='word_1_177' title='bbox 360 1402 518 1436; x_wconf 85' lang='lat' dir='ltr'>ostendit,</span> <span class='ocrx_word' id='word_1_178' title='bbox 543 1403 724 1436; x_wconf 83' lang='lat' dir='ltr'>superbum</span> <span class='ocrx_word' id='word_1_179' title='bbox 749 1406 781 1428; x_wconf 88' lang='lat' dir='ltr'>et</span> <span class='ocrx_word' id='word_1_180' title='bbox 806 1402 1002 1429; x_wconf 88' lang='lat' dir='ltr'>seditiosum</span> <span class='ocrx_word' id='word_1_181' title='bbox 1023 1409 1097 1429; x_wconf 90' lang='lat' dir='ltr'>cum</span> <span class='ocrx_word' id='word_1_182' title='bbox 1122 1402 1281 1435; x_wconf 84' lang='lat' dir='ltr'>haberet,</span> <span class='ocrx_word' id='word_1_183' title='bbox 1304 1411 1367 1430; x_wconf 87' lang='lat' dir='ltr'>non</span> <span class='ocrx_word' id='word_1_184' title='bbox 1393 1405 1501 1431; x_wconf 87' lang='lat' dir='ltr'>solum</span> <span class='ocrx_word' id='word_1_185' title='bbox 1524 1404 1633 1438; x_wconf 87' lang='lat' dir='ltr'>ipsum</span> <span class='ocrx_word' id='word_1_186' title='bbox 1656 1403 1752 1431; x_wconf 82' lang='lat' dir='ltr'>domo</span> 
     </span>
     <span class='ocr_line' id='line_1_19' title="bbox 125 1449 1752 1485; baseline 0.001 -8"><span class='ocrx_word' id='word_1_187' title='bbox 125 1451 263 1485; x_wconf 78' lang='lat' dir='ltr'>expulit,</span> <span class='ocrx_word' id='word_1_188' title='bbox 280 1450 337 1477; x_wconf 89' lang='lat' dir='ltr'>sed</span> <span class='ocrx_word' id='word_1_189' title='bbox 353 1455 386 1477; x_wconf 89' lang='lat' dir='ltr'>et</span> <span class='ocrx_word' id='word_1_190' title='bbox 402 1457 522 1476; x_wconf 82' lang='lat' dir='ltr'>novem</span> <span class='ocrx_word' id='word_1_191' title='bbox 537 1449 632 1482; x_wconf 86' lang='lat' dir='ltr'>alios,</span> <span class='ocrx_word' id='word_1_192' title='bbox 650 1449 704 1483; x_wconf 88' lang='lat' dir='ltr'>qui</span> <span class='ocrx_word' id='word_1_193' title='bbox 720 1449 791 1484; x_wconf 85' lang='lat' dir='ltr'>ejus</span> <span class='ocrx_word' id='word_1_194' title='bbox 813 1453 973 1476; x_wconf 80' lang='lat' dir='ltr'>contactu</span> <span class='ocrx_word' id='word_1_195' title='bbox 997 1454 1030 1476; x_wconf 87' lang='lat' dir='ltr'>et</span> <span class='ocrx_word' id='word_1_196' title='bbox 1054 1451 1206 1484; x_wconf 83' lang='lat' dir='ltr'>exemplo</span> <span class='ocrx_word' id='word_1_197' title='bbox 1230 1451 1273 1477; x_wconf 88' lang='lat' dir='ltr'>ab</span> <span class='ocrx_word' id='word_1_198' title='bbox 1296 1451 1489 1478; x_wconf 85' lang='lat' dir='ltr'>obedientia</span> <span class='ocrx_word' id='word_1_199' title='bbox 1511 1455 1543 1478; x_wconf 86' lang='lat' dir='ltr'>et</span> <span class='ocrx_word' id='word_1_200' title='bbox 1559 1451 1752 1478; x_wconf 87' lang='lat' dir='ltr'>humilitate</span> 
     </span>
     <span class='ocr_line' id='line_1_20' title="bbox 123 1495 1740 1531; baseline 0 -6"><span class='ocrx_word' id='word_1_201' title='bbox 123 1501 348 1531; x_wconf 82' lang='lat' dir='ltr'>recesserant,</span> <span class='ocrx_word' id='word_1_202' title='bbox 365 1497 463 1524; x_wconf 86' lang='lat' dir='ltr'>simul</span> <span class='ocrx_word' id='word_1_203' title='bbox 475 1497 571 1524; x_wconf 91' lang='lat' dir='ltr'>domo</span> <span class='ocrx_word' id='word_1_204' title='bbox 587 1496 698 1531; x_wconf 87' lang='lat' dir='ltr'>ejecit.</span> <span class='ocrx_word' id='word_1_205' title='bbox 714 1496 803 1523; x_wconf 88' lang='lat' dir='ltr'>Utin</span> <span class='ocrx_word' id='word_1_206' title='bbox 819 1495 914 1522; x_wconf 90' lang='lat' dir='ltr'>bonis</span> <span class='ocrx_word' id='word_1_207' title='bbox 926 1496 1141 1530; x_wconf 85' lang='lat' dir='ltr'>acquirendis</span> <span class='ocrx_word' id='word_1_208' title='bbox 1155 1502 1188 1524; x_wconf 90' lang='lat' dir='ltr'>et</span> <span class='ocrx_word' id='word_1_209' title='bbox 1205 1498 1448 1525; x_wconf 86' lang='lat' dir='ltr'>conservandis</span> <span class='ocrx_word' id='word_1_210' title='bbox 1464 1499 1581 1531; x_wconf 85' lang='lat' dir='ltr'>solers,</span> <span class='ocrx_word' id='word_1_211' title='bbox 1596 1499 1643 1525; x_wconf 92' lang='lat' dir='ltr'>sic</span> <span class='ocrx_word' id='word_1_212' title='bbox 1656 1498 1688 1525; x_wconf 87' lang='lat' dir='ltr'>in</span> <span class='ocrx_word' id='word_1_213' title='bbox 1701 1498 1740 1525; x_wconf 88' lang='lat' dir='ltr'>iis</span> 
     </span>
    </p>
   </div>
   <div class='ocr_carea' id='block_1_4' title="bbox 125 1543 1752 1625">
    <p class='ocr_par' dir='ltr' id='par_1_4' title="bbox 125 1543 1752 1625">
     <span class='ocr_line' id='line_1_21' title="bbox 125 1543 1752 1580; baseline 0.001 -8"><span class='ocrx_word' id='word_1_214' title='bbox 125 1545 179 1579; x_wconf 90' lang='lat' dir='ltr'>qui</span> <span class='ocrx_word' id='word_1_215' title='bbox 195 1545 298 1580; x_wconf 87' lang='lat' dir='ltr'>inepti</span> <span class='ocrx_word' id='word_1_216' title='bbox 315 1545 613 1578; x_wconf 86' lang='lat' dir='ltr'>deprehenduntur</span> <span class='ocrx_word' id='word_1_217' title='bbox 627 1544 670 1571; x_wconf 86' lang='lat' dir='ltr'>ad</span> <span class='ocrx_word' id='word_1_218' title='bbox 685 1543 870 1571; x_wconf 85' lang='lat' dir='ltr'>Societatis</span> <span class='ocrx_word' id='word_1_219' title='bbox 883 1543 1086 1577; x_wconf 85' lang='lat' dir='ltr'>institutum,</span> <span class='ocrx_word' id='word_1_220' title='bbox 1103 1545 1320 1579; x_wconf 82' lang='lat' dir='ltr'>expellendis,</span> <span class='ocrx_word' id='word_1_221' title='bbox 1337 1550 1512 1579; x_wconf 85' lang='lat' dir='ltr'>strenuus;</span> <span class='ocrx_word' id='word_1_222' title='bbox 1529 1549 1562 1573; x_wconf 90' lang='lat' dir='ltr'>et</span> <span class='ocrx_word' id='word_1_223' title='bbox 1576 1546 1752 1580; x_wconf 88' lang='lat' dir='ltr'>utrobique</span> 
     </span>
     <span class='ocr_line' id='line_1_22' title="bbox 128 1590 775 1625; baseline -0.003 -6"><span class='ocrx_word' id='word_1_224' title='bbox 128 1592 292 1619; x_wconf 87' lang='lat' dir='ltr'>Societati</span> <span class='ocrx_word' id='word_1_225' title='bbox 310 1592 343 1619; x_wconf 89' lang='lat' dir='ltr'>in</span> <span class='ocrx_word' id='word_1_226' title='bbox 357 1590 498 1618; x_wconf 88' lang='lat' dir='ltr'>Domino</span> <span class='ocrx_word' id='word_1_227' title='bbox 512 1591 669 1625; x_wconf 82' lang='lat' dir='ltr'>perutilis</span> <span class='ocrx_word' id='word_1_228' title='bbox 686 1594 737 1618; x_wconf 88' lang='lat' dir='ltr'>est</span> <span class='ocrx_word' id='word_1_229' title='bbox 755 1591 775 1617; x_wconf 94' lang='lat'>¹.</span> 
     </span>
    </p>
   </div>
   <div class='ocr_carea' id='block_1_5' title="bbox 179 1732 984 1761">
    <p class='ocr_par' dir='ltr' id='par_1_5' title="bbox 179 1732 984 1761">
     <span class='ocr_line' id='line_1_23' title="bbox 179 1732 984 1761; baseline 0.004 -3"><span class='ocrx_word' id='word_1_230' title='bbox 179 1732 189 1752; x_wconf 91' lang='lat'>¹</span> <span class='ocrx_word' id='word_1_231' title='bbox 231 1732 322 1759; x_wconf 82' lang='lat' dir='ltr'>Haec</span> <span class='ocrx_word' id='word_1_232' title='bbox 339 1732 504 1760; x_wconf 86' lang='lat' dir='ltr'>Polancus</span> <span class='ocrx_word' id='word_1_233' title='bbox 518 1732 688 1759; x_wconf 85' lang='lat' dir='ltr'>Leonardi</span> <span class='ocrx_word' id='word_1_234' title='bbox 705 1732 828 1760; x_wconf 88' lang='lat' dir='ltr'>litteris</span> <span class='ocrx_word' id='word_1_235' title='bbox 845 1733 984 1761; x_wconf 86' lang='lat' dir='ltr'>addidit.</span> 
     </span>
    </p>
   </div>
  </div>
 </body>
</html>
