1987 3260
210 165 280 201 074
721 162 949 199 LITTERAE
975 172 1330 204 QUADRIMESTRES

291 259 430 299 Pater
476 258 726 298 confratris
765 257 913 296 nostri
950 256 1118 296 Erardi
1161 257 1431 297 Leodiensis
1471 256 1663 297 adduxit
1700 259 1836 299 nobis

210 329 354 369 filium
384 340 517 368 suum
546 327 791 379 majorem,
816 326 946 378 cujus
980 326 1074 366 otia
1104 326 1329 367 litteraria
1363 327 1538 377 alebat,
1562 339 1699 378 quem
1730 340 1835 368 cum

211 400 475 439 videremus
496 398 651 439 multis
673 403 869 437 naturae
889 397 1072 437 dotibus
1104 397 1355 448 insignem,
1379 408 1642 449 magnoque
1667 398 1835 438 affectu

212 483 238 510 a
273 469 474 509 Domino
510 469 653 516 trahi,
692 469 738 507 in
777 468 964 507 domum
1002 468 1304 519 suscepimus.
1337 467 1470 508 Alios
1504 480 1686 520 quoque
1721 469 1836 509 duos

211 540 493 580 Leodienses
521 539 767 588 habemus,
798 549 998 589 magnae
1025 538 1123 589 spei
1147 537 1361 589 juvenes,
1396 550 1500 578 cum
1531 545 1697 590 nepote
1730 550 1835 579 con—

211 611 370 651 fratris
392 609 611 649 Balduini
634 608 659 648 ¹.

291 681 493 720 Litteras
513 678 527 697 ‘²
549 686 593 719 et
613 686 775 719 votum
796 678 1010 729 Magistri
1030 678 1229 719 Gerardi
1249 678 1592 720 Dordracensis
1613 679 1671 719 ad
1692 679 1741 720 P.
1774 680 1832 720 V.

212 752 443 800 misimus,
469 762 528 790 an
550 750 598 790 Ρ.
622 750 681 790 V.
711 750 939 800 receperit
965 750 1138 790 nescio.
1169 749 1366 790 Romam
1393 750 1629 802 profectus
1658 751 1834 790 fuisset:

211 821 291 861 sed
313 822 377 861 ita
406 820 491 860 fuit
523 821 680 860 scabie
708 819 975 871 impeditus,
1004 826 1053 859 ut
1074 832 1155 872 per
1185 820 1359 872 aliquot
1388 821 1485 860 dies
1513 820 1649 860 domo
1676 820 1837 871 egredi

209 904 302 932 non
329 891 544 943 potuerit.
575 891 708 931 Nunc
742 891 903 930 melius
933 890 1104 930 habere
1137 891 1303 942 coepit.
1333 891 1425 931 Res
1455 902 1564 931 suas
1590 891 1837 943 disponere

211 963 419 1002 decrevit
456 974 595 1013 quam
623 962 826 1012 primum
854 962 1055 1013 potuerit
1084 961 1276 1001 consilio
1297 961 1503 1012 Patrum,
1527 962 1645 1002 sicut
1670 962 1719 1002 P.
1743 962 1837 1002 Ma-

209 1034 355 1083 gister
376 1033 616 1072 Adrianus
647 1032 704 1072 ab
738 1031 997 1083 Antuerpia
1028 1043 1111 1071 sua
1142 1031 1383 1083 disposuit,
1415 1033 1473 1072 ad
1494 1044 1629 1072 usum
1650 1032 1838 1072 studen-

210 1104 321 1143 tium
344 1103 612 1153 Societatis,
638 1102 693 1143 de
715 1103 881 1154 quibus
903 1103 1001 1154 ipse
1022 1103 1159 1142 latius
1181 1102 1240 1142 ad
1259 1103 1308 1143 P.
1333 1103 1391 1143 V.
1414 1103 1546 1143 brevi
1567 1103 1754 1143 scribet.

289 1174 499 1214 Misimus
521 1174 661 1213 etiam
686 1174 883 1223 litteras,
915 1179 959 1212 et
985 1179 1146 1213 votum
1175 1173 1424 1214 confratris
1450 1174 1596 1213 nostri
1623 1173 1837 1224 Magistri

205 1246 401 1298 joannis
422 1244 541 1284 Redt
563 1243 590 1293 ⁵,
617 1244 918 1294 coloniensis,
944 1244 1021 1295 qui
1042 1255 1126 1283 sua
1147 1243 1301 1284 studia
1322 1244 1461 1284 etiam
1480 1244 1726 1295 diligenter
1745 1251 1836 1284 tra-

209 1322 317 1356 ctat.
342 1316 500 1355 Manet
523 1315 644 1354 enim
667 1315 713 1353 in
735 1314 883 1354 Bursa
911 1326 1015 1365 sua,
1039 1321 1083 1354 et
1103 1315 1332 1365 praelegit
1361 1315 1580 1355 studiosis
1600 1315 1671 1355 bis
1693 1315 1837 1366 quoti-

208 1386 301 1437 die,
326 1387 446 1426 sicut
471 1386 579 1425 fecit
610 1391 770 1434 antea,
801 1396 942 1436 quam
970 1396 1019 1424 se
1046 1384 1270 1424 Societati
1301 1385 1522 1436 dedisset3
1548 1386 1747 1437 optimus
1769 1392 1838 1425 est

207 1458 419 1503 omnino,
446 1463 489 1496 et
511 1457 626 1496 bene
656 1455 858 1507 proficit,
888 1455 945 1495 ad
977 1455 1132 1495 omnia
1162 1462 1231 1495 est
1256 1457 1595 1506 paratissimus.
1628 1455 1731 1497 Non
1760 1456 1837 1496 du-

208 1528 302 1567 bito
324 1528 434 1578 quin
457 1527 620 1566 melius
641 1526 888 1577 proficeret
919 1526 957 1565 si
977 1526 1186 1577 patribus
1207 1525 1222 1544 ⁴
1249 1527 1448 1567 adesset.
1480 1527 1583 1567 Non
1605 1527 1717 1567 satis
1739 1527 1837 1567 scio

206 1598 317 1649 quid
353 1598 506 1647 magis
537 1597 798 1648 expediret,
839 1608 898 1636 an
928 1597 1049 1647 quod
1084 1597 1157 1637 hic
1193 1603 1421 1646 maneret,
1455 1610 1513 1637 an
1553 1598 1674 1649 quod
1705 1597 1837 1649 profi-

209 1669 474 1709 cisceretur.

288 1739 480 1779 Plurimi
505 1738 657 1777 adhuc
688 1738 1009 1777 adolescentes
1037 1738 1233 1778 studiosi
1259 1739 1403 1779 vitam
1435 1740 1481 1779 in
1508 1739 1670 1779 melius
1692 1739 1837 1779 corri-

206 1822 317 1861 gere
340 1809 539 1849 student.
565 1808 686 1848 Cum
709 1808 922 1848 omnibus
944 1814 1098 1848 autem
1120 1808 1213 1859 his,
1236 1815 1286 1848 ut
1307 1815 1351 1849 et
1373 1810 1475 1849 aliis
1501 1820 1586 1849 nos
1617 1810 1836 1849 acceden-

206 1882 330 1921 tibus
352 1880 634 1920 conserimus
656 1879 711 1918 de
734 1879 831 1918 vita
858 1878 1113 1918 ordinanda
1147 1878 1205 1919 ad
1238 1880 1442 1919 debitum
1473 1879 1629 1928 finem,
1666 1892 1757 1931 qua
1791 1881 1837 1920 in

210 1964 258 1992 re
279 1951 418 2003 pauci
441 1951 558 1989 bene
580 1949 819 1989 informati
839 1948 1044 1999 fuerunt,
1069 1961 1153 1989 sua
1181 1951 1332 1999 magis
1362 1951 1531 2001 singuli
1563 1956 1837 2001 quaerentes

270 2098 279 2117 ¹
319 2097 407 2123 Vide
422 2104 536 2130 supra,
555 2104 632 2131 pag.
649 2096 717 2128 288,
733 2100 802 2123 not.
818 2097 844 2122 1.

266 2146 278 2163 *-'
319 2144 410 2176 Quae
427 2148 615 2178 sequuntur
637 2144 679 2170 ad
704 2143 805 2170 finem
830 2151 945 2177 usque,
967 2144 1062 2177 quasi
1078 2145 1298 2179 postscrz'pta
1322 2145 1354 2171 in
1379 2146 1481 2173 tertia
1501 2147 1643 2173 alterius
1658 2154 1698 2172 ex
1713 2147 1837 2173 nostris

212 2191 425 2225 apographis
442 2192 570 2225 pagina
586 2191 815 2225 reperiuntur,
831 2191 873 2217 ab
888 2190 965 2217 aliis
979 2195 1152 2225 separata,
1176 2192 1235 2218 sed
1259 2192 1353 2226 signo
1370 2192 1495 2227 addito,
1512 2196 1548 2220 ut
1563 2193 1616 2220 hic
1632 2193 1835 2225 inserantur,

210 2242 312 2273 prout
331 2240 460 2265 inserta
475 2243 551 2265 sunt
570 2239 600 2265 in
615 2239 723 2272 primo
739 2238 953 2272 apographo,
970 2238 1055 2272 quod
1070 2243 1120 2265 est
1136 2239 1168 2265 in
1184 2238 1345 2266 Historia
1360 2240 1474 2267 varia.

266 2287 279 2306 5
320 2286 411 2313 Redt
428 2286 554 2313 habent
570 2291 687 2312 nostra
712 2285 924 2319 apographa.
941 2284 1005 2311 Sed
1020 2286 1204 2313 audiendus
1225 2286 1449 2322 Reiffenberg‚
1465 2288 1519 2322 qui
1533 2287 1581 2315 sic
1602 2288 1736 2315 scribit:
1752 2288 1837 2315 “Pri-

213 2341 296 2366 mus,
314 2334 380 2367 qui,
399 2340 485 2359 anno
501 2333 675 2366 superiore
692 2333 786 2365 (1551)
808 2333 849 2359 ad
872 2332 998 2359 exitum
1020 2336 1197 2367 vergente,
1220 2333 1428 2362 Societatem
1451 2336 1579 2369 ambiit,
1605 2335 1668 2362 suit
1691 2335 1837 2368 Joannes

214 2380 367 2413 Rhetius,
387 2380 582 2407 adolescens
597 2380 785 2414 praenobili
801 2384 833 2406 et
849 2379 1085 2413 antiquissima
1101 2380 1323 2408 Patritiorum
1338 2386 1438 2416 gente
1453 2386 1559 2416 satus,
1575 2386 1676 2416 atque
1692 2383 1734 2410 ad
1750 2390 1837 2410 sum-

214 2435 268 2454 ma
285 2427 397 2454 omnia
412 2430 513 2453 natus
529 2427 687 2454 Coloniae
706 2426 868 2454 Claudiae
884 2427 1062 2460 Augustae
1088 2427 1308 2462 Agrippinae,
1334 2437 1420 2456 anno
1444 2430 1621 2458 millesimo
1641 2430 1836 2464 quingente-

214 2474 296 2500 simo
313 2474 483 2501 tricesimo
510 2474 665 2506 secundo,
690 2478 788 2508 patre
814 2477 972 2508 quartum
996 2475 1130 2501 consule
1148 2479 1181 2502 et
1203 2475 1235 2501 in
1250 2475 1403 2503 Comitiis
1424 2477 1635 2510 Augustanis
1655 2484 1761 2512 nuper
1774 2477 1837 2504 Le-

215 2524 305 2553 gato,
323 2524 434 2547 matre
451 2519 639 2547 Catharina
655 2520 943 2555 Kannengiesera,
960 2521 1145 2549 lectissima
1157 2522 1238 2549 item
1250 2530 1289 2549 ac
1304 2524 1492 2551 consularis
1503 2525 1651 2552 familiae
1663 2525 1837 2558 foemina„

216 2566 259 2593 Et
274 2567 307 2593 in
323 2568 619 2594 animadversione
636 2568 677 2595 ad
694 2568 839 2602 paginae
856 2570 994 2596 calcem:
1009 2569 1154 2596 “Nomen
1169 2569 1283 2597 Rhetii
1295 2572 1515 2598 vernaculum
1527 2575 1601 2599 erat
1611 2572 1752 2606 Johann
1767 2579 1836 2599 van

218 2614 333 2640 Rezdt.
352 2614 565 2642 Retinuimus
581 2618 697 2642 tamen
713 2623 832 2641 nomen
848 2615 962 2643 Rhetii
973 2638 979 2650 ,
995 2616 1081 2650 quod
1097 2616 1238 2650 ipsemet
1254 2617 1285 2644 id
1301 2618 1452 2645 omnibus
1467 2619 1623 2653 deinceps
1637 2620 1669 2646 in
1684 2619 1837 2653 epistolis

217 2665 249 2687 et
263 2662 488 2688 monumentis
512 2662 713 2696 usu1·parit.,.
736 2662 897 2689 Historia
921 2663 1107 2691 societatis
1127 2663 1215 2698 Jesu
1240 2665 1286 2691 ad
1309 2665 1472 2693 Rhenum
1497 2666 1718 2701 inferiorem,
1731 2668 1787 2694 lib.
1803 2674 1835 2697 11.

217 2716 243 2733 c.
260 2715 304 2741 vt,
322 2716 400 2742 pag.
416 2709 459 2735 41.
471 2709 561 2736 Voto
578 2714 702 2743 tamen,
720 2710 807 2744 quod
822 2711 863 2737 ad
880 2710 911 2737 S.
930 2710 1102 2744 Ignatium
1123 2711 1225 2745 misit,
1241 2716 1274 2739 et
1298 2713 1424 2740 litteris
1447 2715 1547 2748 paulo
1568 2719 1643 2749 post
1664 2714 1707 2742 ad
1729 2715 1837 2749 ipsum

217 2755 314 2788 datis,
333 2763 416 2788 quas
433 2763 539 2790 nuper
554 2764 573 2783 a
588 2756 623 2783 P.
641 2756 678 2784 Ο.
696 2757 956 2792 Braunsberger
970 2758 1170 2793 accepimus
1186 2766 1305 2786 nomen
1320 2767 1416 2787 suum
1430 2761 1630 2796 subscripsit
1652 2762 1713 2789 hoc
1729 2762 1835 2789 modo:

217 2802 374 2834 Joamzes
390 2802 552 2830 Riedtus.

271 2849 284 2867 ²⁴
322 2848 433 2876 Unum
449 2858 489 2876 ex
505 2851 712 2885 apographis
727 2852 830 2879 habet
839 2854 991 2887 pribus,
1001 2854 1087 2888 quod
1099 2855 1231 2888 quidem
1243 2859 1293 2882 est
1306 2859 1516 2884 contractum
1529 2865 1588 2885 seu
1597 2858 1835 2886 abbreviatum

218 2896 383 2927 patribus
395 2917 403 2927 ,
419 2897 505 2929 quod
522 2897 624 2925 habet
640 2899 915 2933 apographorum
930 2902 1091 2928 alterum:
1108 2902 1318 2936 suspicamur
1341 2907 1452 2931 tamen
1468 2912 1487 2932 a
1502 2904 1652 2933 Kesselio
1673 2906 1836 2940 scriptum

218 2942 360 2973 Jrslms„
376 2943 434 2969 hoc
453 2948 513 2977 est,
527 2945 717 2977 fratribus.
