1987 3260
904 221 987 257 AN.
1018 218 1108 256 1532
1750 217 1821 253 647

185 322 346 367 sisset,
370 326 417 360 ut
436 307 603 371 jam'se
624 318 904 358 monacham
921 328 1023 357 esse
1044 317 1162 356 velle
1184 315 1285 366 ipsa
1307 314 1495 363 diceret,
1519 313 1728 353 laudavit
1746 313 1819 352 ille

193 391 454 431 institutum
476 394 520 429 et
542 389 600 430 ad
620 390 907 429 voluntatem
928 387 1136 427 divinam
1156 386 1291 425 facile
1319 384 1575 436 proclivem
1597 384 1818 432 animum;

194 460 567 511 confirmansque
582 460 628 500 in
640 460 894 512 proposito,
915 457 1101 498 abeunti
1119 469 1144 496 a
1162 468 1210 496 se
1229 456 1359 496 dixit:
1380 455 1484 495 vide
1498 467 1554 494 ne
1572 455 1821 506 quicquam

195 531 374 571 duabus
402 531 540 571 sociis
575 531 763 571 dixeris.
798 530 919 570 Nihil
948 539 1162 581 prorsus,
1201 526 1346 578 inquit
1382 526 1479 576 illa,
1517 537 1627 565 nam
1662 531 1705 565 et
1741 538 1821 564 eas

195 602 368 652 pariter
403 613 583 641 mecum
611 601 760 652 decipi
793 607 837 641 et
872 610 1070 651 aequum
1099 604 1168 638 est
1189 604 1233 637 et
1254 596 1365 637 mihi
1385 596 1602 648 optabile.
1635 595 1738 636 Hac
1758 595 1821 635 di-

193 683 380 721 gressa,
418 671 596 712 accedit
624 673 792 722 altera,
825 672 1016 722 ipsaque
1052 669 1262 709 similiter
1292 667 1456 707 eodem
1485 666 1652 706 adacto
1682 667 1821 706 hamo

195 743 401 782 inescata
425 750 514 793 est,
539 748 583 782 et
610 743 712 793 pari
733 754 838 782 cum
868 741 1060 781 consilio
1089 739 1296 779 dimissa.
1327 737 1584 788 Postremo,
1616 743 1663 776 ut
1690 737 1823 777 brevi

196 813 452 864 absolvam,
476 821 520 853 et
540 814 678 853 tertia
695 814 741 853 in
757 819 852 853 rete
868 811 1042 861 incidit;
1068 816 1178 860 rete,
1202 810 1405 860 inquam,
1429 808 1710 848 tutissimum
1722 809 1822 847 reli-

195 885 361 933 gionis.
382 885 450 934 Ita
472 891 582 935 tres,
603 897 722 936 quae
739 883 979 924 deridendi
996 894 1139 922 causa
1156 879 1499 933 quodammodo
1516 879 1821 927 advenerant,

195 968 287 995 non
310 956 498 996 delusae
519 955 703 1006 quidem
720 955 848 1007 ipsae
865 954 945 994 sed
966 953 1217 1005 prudenter
1239 952 1460 1003 deceptae
1486 956 1605 1000 sunt,
1631 956 1678 990 ut
1698 951 1822 990 nulla

197 1027 306 1077 quid
328 1026 431 1066 aliis
453 1026 726 1077 contigisset
742 1026 862 1066 scire
882 1030 1053 1076 posset,
1075 1023 1237 1073 donec,
1262 1029 1421 1062 mutuo
1439 1021 1663 1072 expositis
1682 1021 1820 1070 votis,

197 1097 587 1143 gratulationibus
614 1096 806 1146 mutuis,
837 1096 984 1135 laetae
1013 1106 1068 1134 ac
1094 1093 1297 1133 Domino
1327 1092 1508 1144 gratias
1538 1097 1745 1142 agentes,
1769 1104 1823 1131 eo

196 1167 453 1217 redierunt,
478 1168 598 1206 unde
627 1174 875 1216 venerant,
905 1167 1043 1216 longe
1073 1172 1229 1205 tamen
1256 1164 1374 1203 aliae
1403 1175 1542 1214 quam
1568 1162 1673 1202 inde
1694 1163 1822 1214 prius

196 1238 534 1278 discessissent.

274 1309 326 1349 In
346 1308 641 1349 monasteriis
664 1308 907 1347 mulierum
928 1306 1135 1346 nonnihil
1158 1306 1299 1345 etiam
1314 1304 1576 1357 profectum
1603 1310 1686 1344 est.
1710 1305 1821 1344 Illuc

196 1379 318 1419 enim
348 1379 591 1418 mittuntur
622 1378 872 1429 aliquando
895 1377 1101 1417 nonnulli
1130 1376 1472 1416 concionatum.
1501 1375 1660 1427 Neque
1682 1388 1707 1415 a
1730 1387 1822 1414 mo-

196 1450 359 1489 nachis
380 1455 560 1489 tantum
580 1450 775 1489 libenter
797 1449 1049 1488 audiuntur
1076 1447 1156 1487 sed
1178 1447 1234 1486 ab
1257 1447 1357 1486 aliis
1385 1438 1546 1496 etiain3
1579 1446 1700 1497 quod
1721 1446 1823 1497 ipsa

196 1521 370 1561 indicat
389 1521 546 1572 populi
566 1521 843 1572 frequentia,
869 1520 907 1559 si
927 1519 1064 1559 modo
1086 1518 1322 1569 praescire
1343 1518 1545 1569 potuerit
1566 1517 1643 1556 ubi
1665 1516 1820 1556 futura

197 1593 255 1631 sit
278 1591 455 1632 concio.

276 1662 435 1703 Nostri
455 1675 567 1702 vero
589 1662 748 1713 templi
769 1662 1019 1701 conciones
1040 1667 1169 1701 tanto
1188 1660 1356 1700 affectu
1378 1665 1421 1699 et
1439 1659 1685 1698 devotione
1704 1659 1820 1698 acci-

196 1734 397 1784 piuntur,
422 1740 470 1773 ut
491 1745 739 1784 exponere,
764 1733 802 1772 si
827 1732 1028 1772 maxime
1050 1731 1202 1782 velim,
1228 1743 1320 1771 non
1336 1730 1523 1782 possim.
1544 1729 1825 1769 Auditorum

196 1805 319 1844 enim
350 1805 587 1856 lacrymae
615 1809 658 1843 et
689 1815 850 1843 eorum
878 1815 1019 1855 opera
1048 1802 1346 1853 praesertim,
1377 1801 1455 1853 qui
1488 1801 1611 1852 apud
1638 1806 1824 1840 nostros

196 1874 496 1925 confitentur,
527 1875 572 1914 id
607 1875 742 1915 facile
779 1875 1034 1914 declarant.
1064 1873 1134 1913 De
1169 1873 1334 1924 quibus
1370 1872 1478 1924 quia
1513 1872 1601 1912 huc
1632 1878 1823 1911 ventum

196 1953 278 1995 est,
300 1945 453 1986 dicam
474 1946 712 1986 nonnulla.
738 1945 1048 1996 Pauperibus,
1072 1944 1118 1984 in
1141 1955 1331 1984 carcere
1352 1944 1486 1983 nexis
1511 1950 1589 1982 aut
1610 1943 1819 1990 reclusis,

194 2025 332 2068 atque
354 2017 424 2067 iis,
448 2017 526 2068 qui
546 2017 593 2056 in
612 2016 904 2056 xenodochio
923 2015 1079 2067 jacent
1095 2014 1279 2063 infirmi,
1303 2015 1474 2054 multae
1492 2020 1747 2064 erogantur
1763 2013 1821 2053 ab

196 2089 267 2127 his
291 2087 300 2106 ¹
324 2089 665 2139 eleemosynae,
694 2099 842 2138 neque
867 2093 1049 2126 tantum
1071 2097 1188 2137 quas
1216 2085 1454 2136 colligunt,
1487 2084 1567 2124 sed
1588 2091 1632 2124 et
1660 2084 1715 2124 de
1737 2096 1821 2124 sua

195 2160 403 2211 ipsorum
433 2158 708 2198 substantia.
744 2157 952 2197 Visitant
986 2157 1075 2207 ipsi
1109 2163 1151 2195 et
1186 2167 1424 2195 carcerem
1458 2154 1739 2206 frequenter,
1776 2162 1820 2194 et

195 2230 364 2269 multos
385 2229 598 2276 liberant,
627 2228 899 2277 numeratis,
923 2239 1038 2278 quas
1060 2227 1241 2276 debent,
1264 2226 1489 2277 pecuniis.
1514 2225 1821 2266 Xenodochia

195 2301 307 2340 item
330 2300 468 2352 ‘quod
489 2311 574 2339 nos
601 2299 762 2338 diebus
783 2298 1026 2338 dominicis
1055 2296 1269 2346 facimus)
1300 2303 1344 2336 et
1370 2308 1628 2348 pauperum
1659 2297 1822 2336 domos

196 2372 416 2419 invisunt,
441 2378 489 2410 ut
511 2370 671 2421 egenis
691 2376 980 2409 succurrant.
1004 2367 1164 2419 Neque
1191 2368 1277 2407 sibi
1303 2379 1450 2419 neque
1471 2367 1608 2408 rebus
1639 2368 1749 2418 suis,
1773 2374 1821 2407 ut

196 2443 307 2492 dixi,
332 2448 556 2493 quantum
577 2440 665 2480 fert
685 2440 821 2491 ratio,
845 2446 1058 2491 parcunt.

277 2512 367 2553 Sed
399 2513 515 2552 haec
541 2512 595 2552 de
618 2511 733 2551 viris
760 2511 977 2561 intellige,
1008 2510 1173 2561 quibus
1199 2510 1343 2549 nihilo
1370 2510 1614 2550 inferiores
1642 2524 1691 2550 se
1719 2521 1821 2550 esse

197 2585 416 2624 mulieres
436 2583 687 2635 patiuntur,
712 2588 936 2633 quantum
953 2581 1110 2621 decori
1131 2581 1250 2620 ratio
1267 2581 1506 2632 permittit.
1530 2580 1649 2621 Nam
1665 2587 1708 2620 et
1724 2593 1820 2620 mu-

196 2655 388 2695 lieribus
423 2655 576 2706 inopia
610 2653 929 2693 laborantibus
963 2653 1091 2703 ipsae
1125 2652 1293 2692 adsunt
1327 2658 1372 2691 et
1406 2652 1684 2692 vestimenta
1716 2664 1817 2702 sua,

195 2727 339 2766 ctiam
365 2726 530 2776 serica,
553 2725 641 2764 illis
658 2724 967 2774 elargiuntur3
992 2723 1128 2774 idque
1150 2735 1277 2772 vero,
1304 2730 1352 2762 ut
1374 2723 1604 2773 novimus,
1635 2723 1820 2763 affectu.

194 2797 346 2846 Quod,
369 2797 475 2836 licet
497 2797 543 2836 in
564 2808 613 2835 re
634 2795 838 2843 minima,
872 2807 930 2834 ex
952 2806 1020 2843 eo,
1045 2793 1167 2844 quod
1188 2805 1310 2833 nunc
1339 2795 1731 2845 commemorabo,
1756 2794 1819 2834 fa-

192 2868 280 2908 cile
303 2867 567 2919 perspicere
588 2866 776 2917 poteris.
806 2864 938 2905 Duae
960 2875 1106 2915 nuper
1128 2864 1372 2904 mulierum
1400 2864 1629 2916 hospitale
1651 2865 1819 2904 invise-

253 3028 261 3046 ¹
302 3030 343 3055 ab
361 3029 420 3059 his,
436 3028 489 3061 qui
507 3028 701 3061 frequenter
716 3026 803 3060 apud
820 3030 954 3052 nostros
971 3024 1183 3056 confitentur,
1201 3031 1339 3057 quorum
1359 3025 1411 3052 hic
1423 3030 1473 3051 est
1489 3033 1611 3052 sermo.
