1987 3260
186 206 256 244 758

183 311 326 348 Angelo,
341 313 391 346 ab,
405 314 473 342 vide
487 313 646 349 Delange.

183 359 298 393 Anna,
330 359 505 388 Bohemiae
531 362 564 388 et
593 362 789 397 Hungariae
818 363 957 399 Regina,

217 405 416 435 Ferdinandi
432 408 455 443 1,
477 407 699 436 Romanorum
722 409 834 445 Regis,
862 418 956 446 uxor,
993 429 994 447 ,

215 451 278 495 467,
292 452 355 488 732,
369 453 433 482 733.

180 498 375 535 Anrriquez,
389 502 457 528 vide
470 501 647 536 Euriquez,
664 503 875 532 Franciscus.

179 545 337 573 Ansaloni
361 546 613 585 (Ansalonius),
637 549 866 585 Sebastianus,
891 551 954 587 610,
991 555 993 575 i

211 590 274 620 641.

177 638 356 673 Antonius.
372 641 439 668 vide
454 640 614 677 Quadros,
631 643 667 670 P.
687 643 878 672 Tiburtius.

177 686 357 722 Antonius,
373 688 524 716 Lusitani
537 689 680 719 Infantis
692 691 852 719 Ludovici
864 692 954 720 filius
990 693 991 703 ¹

609 219 740 246 INDEX
767 219 1061 249 ONOMASTICUS
1089 222 1378 251 PERSONARUM

993 339 996 377 y
1031 317 1180 353 Austria‚
1197 318 1379 354 Margarita
1394 321 1441 352 de,
1456 321 1566 350 Caroli
1581 323 1609 351 V
1624 323 1804 359 Imperato-

1067 365 1111 392 ris
1126 365 1207 399 filia,
1221 365 1265 393 73.

1031 410 1181 447 Austria,
1197 412 1302 440 Maria
1324 413 1374 449 de,
1399 413 1509 442 Caroli
1529 414 1558 442 V
1572 422 1674 445 soror.
1694 416 1805 453 Belgii

1067 457 1305 490 Gubernatrix,
1318 458 1380 486 542.

992 490 994 553 ἱ
1029 504 1197 539 Austriae,
1219 507 1431 540 Apostolicus
1448 507 1608 543 Nuncius,
1633 511 1699 537 vide
1716 511 1801 538 Mar-

1064 550 1215 587 tinengo.

1027 597 1253 635 Avantianus,
1269 601 1338 627 vide
1353 599 1505 628 Dawant.

1027 644 1160 679 Aveiro,
1176 645 1249 673 Dux
1269 646 1318 681 (le,
1339 647 1407 674 vide
1429 647 1636 683 Alencastre,
1659 650 1802 679 Joannes

1062 690 1110 718 de.

212 735 244 760 et
261 734 396 762 Henrici
411 735 599 765 Cardinalis
619 738 787 774 sobrinus,
805 739 865 775 103,
888 740 952 775 472,
988 731 991 781 Ι
1027 737 1219 771 Avendafio,
1236 739 1441 768 Prudentius
1455 741 1505 777 de,
1519 741 1579 770 558.

211 780 273 808 613.

174 827 355 864 Antonius,
370 829 524 866 Sanctus,
542 831 601 859 153.

174 874 304 908 Apulus
318 876 376 908 (sic
388 876 499 905 dictus
511 885 529 904 a
544 879 676 913 patria),
690 878 834 908 Joannes
847 881 949 910 Anto-

209 921 297 956 nius,
311 921 373 957 363,
388 923 449 952 430.

173 968 332 1004 Aquinas,
348 969 381 997 Sv
399 971 549 1004 Thomas,
567 972 612 1007 63,
627 973 672 1007 66,
688 974 748 1007 192,
764 974 826 1008 554,
843 975 905 1003 612.

172 1016 322 1051 Aragon,
346 1016 620 1048 Bartholomaeus
653 1019 871 1051 Sebastianus
898 1024 948 1057 de,

205 1062 375 1093 Pactensis
387 1065 498 1101 (Patti)
510 1067 693 1104 Episcopus
705 1071 738 1097 et
749 1069 884 1098 Siciliae
899 1071 949 1098 In-

205 1109 358 1145 quisitor,
376 1111 436 1147 153,
450 1113 512 1145 222,
526 1114 590 1148 422,
604 1114 731 1143 483-487.

169 1155 317 1191 Aragon,
331 1158 460 1186 Joanna
473 1161 522 1195 de,
539 1160 779 1190 Marchionissa
793 1162 831 1191 de
853 1164 948 1192 Alca-

205 1204 308 1241 nices,
320 1204 352 1233 S.
367 1206 535 1235 Francisci
550 1210 589 1235 de
604 1208 700 1244 Borja
715 1210 794 1246 filia,
809 1210 871 1238 580.

168 1251 316 1287 Aragon,
331 1253 365 1280 P.
379 1251 523 1283 Joannes
538 1255 588 1290 de,
601 1257 822 1284 communiter
835 1258 945 1287 dictus

201 1300 310 1327 Mosen
326 1303 426 1336 Juan,
440 1301 486 1337 66,
500 1302 545 1337 84,
560 1303 624 1338 472,
638 1303 700 1331 554.

166 1346 303 1382 Aragon
318 1350 351 1376 et
365 1349 506 1385 Gurrea,
524 1350 690 1379 Martinus
705 1352 754 1386 de,
775 1352 891 1380 Comes
906 1354 944 1381 de

201 1394 398 1432 Ribagorza‚
412 1397 476 1424 490.

163 1443 297 1477 Aragon
319 1443 353 1469 et
375 1443 507 1471 Gurrea
529 1446 562 1471 et
582 1444 697 1480 BorJa,
730 1445 886 1481 Joannes,
908 1447 940 1474 P.

198 1489 366 1518 Francisci
381 1491 419 1518 de
434 1492 533 1526 BorJa
553 1492 709 1521 sobrinus
724 1495 757 1521 et
771 1493 888 1522 Comes
904 1494 942 1522 de

197 1536 395 1571 Ribagorza.
410 1538 473 1572 490,
487 1538 549 1567 496.

161 1584 350 1619 Aragoniae
374 1585 523 1620 Pro-rex,
539 1586 606 1613 vide
629 1586 780 1614 Hurtaio
801 1587 840 1615 de
854 1587 942 1616 Men-

196 1629 284 1663 doza,
303 1631 452 1660 Didacus.

160 1677 275 1705 Araldi
292 1677 472 1714 (Araldus),
494 1679 639 1708 Joannes
654 1680 863 1713 Franciscus„
877 1681 939 1716 534,

194 1724 257 1759 536,
272 1725 337 1753 626.

163 1773 287 1807 Arana,
303 1773 337 1800 P.
352 1774 446 1801 Airez
460 1776 526 1807 (vel
542 1775 659 1809 Aires),
679 1776 741 1804 211.

159 1820 276 1854 Araoz,
292 1820 324 1847 P.
352 1821 523 1848 Antonius
547 1822 597 1856 de,
622 1822 683 1857 141,
707 1823 766 1859 143,
790 1824 853 1859 147,
876 1825 937 1861 148,

195 1866 257 1903 187,
272 1868 335 1903 227,
349 1867 413 1903 377,
428 1869 489 1903 442,
507 1869 569 1903 465,
583 1870 645 1904 590,
661 1870 724 1899 665.

158 1915 263 1942 Araoz
274 1935 282 1950 ,
298 1915 471 1944 Elisabeth
486 1917 535 1951 de,
552 1918 584 1945 P.
602 1918 741 1946 Antonii
753 1925 858 1955 soror,
872 1919 935 1949 494.

157 1963 273 1996 Araoz,
289 1963 408 1990 Petrus
420 1964 600 1999 Antonius,
615 1964 677 1992 223.

158 2008 334 2043 Arboleda,
349 2009 556 2045 licentiatus,
570 2010 633 2039 200.

159 2056 183 2082 A
191 2057 394 2090 rgutarraez,
410 2057 582 2086 mauricus
597 2059 714 2092 pirata,
728 2058 792 2086 200.

158 2102 411 2137 Aristophanes,
426 2103 487 2137 263,
505 2104 568 2139 353,
582 2104 647 2132 355.

155 2150 366 2185 Aristoteles,
381 2150 445 2186 238,
459 2151 521 2185 242,
536 2151 599 2187 355,
613 2152 676 2187 370,
689 2152 753 2189 576,
767 2154 830 2181 687.

156 2198 335 2231 Arnoldus,
352 2198 458 2226 frater
471 2199 572 2231 (alius
586 2200 627 2227 ab
641 2200 775 2236 Hezeo),
790 2201 853 2236 234,
868 2202 932 2238 507,

189 2243 249 2277 508,
267 2244 328 2272 687.

154 2292 302 2320 Artacho
313 2293 444 2333 lEstasgo
454 2292 493 2329 22),
508 2294 570 2329 612,
584 2294 646 2323 613.

154 2338 336 2374 Artemius,
354 2340 458 2368 frater
471 2341 627 2376 Joannes,
641 2341 703 2370 542.

153 2387 286 2422 Assisii,
298 2388 329 2416 S.
344 2388 555 2423 Franciscus,
569 2388 630 2417 343.

155 2433 374 2468 Athanasius,
390 2434 504 2470 frater,
518 2435 562 2463 65.

153 2479 385 2510 Atrebatensis
399 2482 598 2517 Episcopus,
615 2484 684 2511 vide
698 2484 866 2513 Perrenot.

152 2527 269 2563 Auger
282 2528 498 2566 (Augerius),
519 2531 727 2567 Edmundus,
743 2533 796 2560 vel
811 2533 929 2561 Emon-

187 2575 259 2609 dus,
274 2576 336 2611 688,
349 2578 412 2606 690.

153 2621 354 2656 Augustana
368 2623 523 2660 Comitia,
537 2625 600 2660 237,
614 2625 678 2660 242,
692 2625 756 2660 370,
777 2625 838 2654 674.

153 2668 347 2702 Augustani
362 2669 549 2699 Cardinalis
563 2672 776 2707 Capelianus,
792 2673 853 2701 282.

153 2715 433 2749 Augustanorum
453 2718 672 2746 Comitiorum
695 2720 844 2755 legatus,
858 2722 927 2748 vide

190 2761 295 2790 Reid‘t.

151 2810 376 2843 Augustanus
405 2810 457 2848 (de
485 2811 699 2852 Augsburg),
724 2813 925 2851 Cardinalis,

187 2858 255 2883 vide
270 2858 463 2888 Truehsess.

152 2903 380 2939 Augustinus,
396 2905 549 2940 Sanctus,
562 2906 623 2942 134,
640 2906 698 2935 176.

151 2950 301 2985 Austria,
318 2950 486 2986 Georgius
503 2953 554 2987 ab,
576 2953 767 2983 Leodiensis
792 2956 924 2990 Episco-

189 3002 261 3030 pus,
277 2997 339 3030 454,
355 2997 417 3026 566,

988 783 990 802 s
1025 783 1220 812 Aversanus
1246 785 1308 816 (sic
1335 786 1444 815 dictus
1468 795 1486 814 a
1508 789 1646 824 patria),
1668 790 1800 827 Caesar,

1062 830 1124 866 190,
1138 831 1202 866 467,
1215 832 1278 860 542.

1025 877 1136 911 Avila,
1153 878 1346 913 Alplionsus
1360 880 1409 913 de,
1424 881 1494 908 vide
1508 881 1634 910 Davila.

986 922 987 925 ’
1025 923 1134 958 Avila,
1160 923 1194 952 B.
1216 924 1361 954 Joannes
1380 926 1429 960 de,
1446 927 1627 961 Apostolus
1648 929 1801 961 Baeticae

1059 970 1182 1006 dictus,
1199 972 1328 1006 141-143,
1341 973 1469 1001 443-445.

1022 1017 1158 1055 Ayllon,
1172 1019 1290 1048 Petrus
1302 1020 1351 1053 de,
1367 1019 1429 1055 185,
1445 1021 1506 1050 186.

1022 1065 1134 1098 Ayton
1157 1065 1256 1098 (idem
1273 1066 1358 1095 forte
1373 1075 1410 1095 ac
1431 1069 1569 1105 Leitao),
1593 1072 1626 1099 P.
1648 1072 1798 1101 Christo-

1056 1112 1190 1147 phorus,
1211 1112 1274 1141 447.

1020 1158 1214 1195 Azinhagae
1229 1164 1261 1188 et
1276 1160 1418 1189 Idanhae
1439 1162 1570 1191 Veteris
1586 1164 1799 1194 Commenda-

1055 1206 1173 1239 tarius,
1189 1208 1258 1235 vide
1274 1208 1431 1239 Meneses.
1449 1209 1615 1240 Henricus
1628 1212 1675 1240 de.

1389 1293 1424 1333 B

1018 1393 1169 1422 Baeticae
1183 1396 1371 1430 Apostolus,
1384 1398 1451 1425 *vide
1462 1399 1573 1434 Avila,
1584 1400 1729 1431 Joannes
1742 1404 1794 1431 de.

1017 1439 1130 1477 Baeza,
1146 1442 1244 1478 Maga,
1262 1443 1322 1472 143.

1016 1488 1143 1525 Bailen,
1159 1489 1265 1518 frater
1279 1491 1420 1520 Comitis
1435 1492 1484 1527 de,
1499 1493 1565 1521 444.

1016 1535 1412 1574 Baldassarffialthasar),
1431 1539 1492 1575 100,
1509 1539 1569 1568 101.

1016 1582 1202 1620 Baltliasar,
1221 1585 1402 1621 Hispanus,
1413 1586 1476 1614 677.

1015 1629 1176 1666 Baptista,
1193 1633 1428 1668 scholasticus,
1445 1633 1505 1668 185,
1524 1634 1582 1662 186.

1014 1676 1144 1713 Barma,
1164 1679 1193 1706 Ρ.
1209 1678 1354 1708 Joannes
1367 1679 1516 1716 Baptista
1530 1682 1578 1714 de,
1593 1681 1718 1719 188-190,
1729 1684 1792 1718 200,

1048 1724 1112 1761 302,
1126 1725 1258 1761 346-348,
1273 1726 1336 1763 467,
1351 1727 1413 1762 586,
1427 1728 1490 1762 587,
1504 1728 1632 1764 589596,
1647 1730 1709 1764 664,
1726 1731 1790 1767 7:27,

1047 1769 1181 1805 741--745,
1197 1770 1260 1806 748,
1274 1772 1339 1800 750.

1011 1815 1133 1846 Barnes
1147 1820 1219 1851 (aut
1243 1818 1391 1854 Barnos),
1415 1820 1626 1856 Godefridus,
1648 1822 1709 1858 145,
1727 1823 1784 1851 146.

1012 1862 1196 1900 Baroellus,
1212 1865 1245 1894 P.
1261 1865 1461 1902 Stephanus,
1476 1867 1612 1901 129,153.

1011 1909 1194 1948 Barreiros,
1210 1912 1349 1949 Gaspar,
1364 1913 1426 1942 700.

1011 1956 1159 1993 Barreto,
1175 1959 1380 1995 Alphonsus,
1400 1960 1464 1995 384,
1484 1960 1548 1996 389,
1568 1961 1631 1998 553,
1651 1962 1712 1994 554,
1726 1963 1789 2000 556,

1046 2004 1109 2040 612,
1124 2005 1186 2039 698,
1202 2006 1264 2034 701.

1011 2050 1160 2088 Barreto,
1175 2053 1359 2083 Rodericus
1371 2054 1491 2093 (Ruy),
1508 2056 1569 2085 106.

1008 2097 1139 2134 Barros,
1156 2099 1296 2129 Michael
1311 2102 1362 2137 de,
1375 2102 1438 2130 554.

1006 2145 1143 2182 Bai-toli,
1156 2148 1189 2176 P.
1203 2148 1329 2183 Daniel,
1344 2149 1389 2184 38,
1406 2149 1466 2177 180.

1006 2192 1178 2230 Barzaeus,
1196 2195 1228 2223 P.
1245 2195 1384 2232 Gaspar,
1398 2197 1468 2224 vide
1482 2196 1590 2227 Berse.

1005 2239 1131 2275 Basilii,
1148 2241 1272 2278 Sancti,
1289 2244 1456 2280 monachi,
1471 2251 1572 2280 prope
1586 2245 1787 2282 Messanam,

1040 2286 1102 2315 650.

1004 2333 1159 2369 Basilius,
1178 2337 1250 2364 ride
1265 2336 1393 2366 Davila.

966 2388 968 2405 r
1004 2380 1161 2417 Basilius,
1179 2382 1333 2419 Sanctus,
1348 2385 1411 2414 650.

1003 2426 1189 2463 Basozabal,
1205 2430 1256 2457 Fr.
1275 2431 1397 2459 Garcia
1411 2432 1459 2464 de,
1474 2432 1536 2461 560.

1003 2474 1139 2511 Bayros,
1155 2476 1261 2504 frater
1275 2477 1429 2514 Michael,
1442 2479 1506 2507 386.

1002 2520 1161 2551 Bavariae
1177 2523 1277 2552 Ducis
1298 2524 1540 2562 Consiliarius,
1556 2527 1624 2555 vide
1647 2527 1781 2556 Stocka-

1038 2578 1116 2598 mer.

1002 2615 1161 2646 Bavariae
1185 2618 1258 2647 Dux
1281 2626 1341 2647 seu
1365 2620 1539 2657 Princeps,
1565 2622 1634 2649 vide.
1662 2622 1779 2650 Alber-

1036 2665 1092 2692 tus
1104 2664 1229 2693 III—id.
1245 2666 1461 2695 Guilielmus.

1000 2710 1106 2739 Bazan
1121 2714 1154 2740 et
1167 2712 1277 2749 Ulloa,
1292 2714 1409 2748 Maria,
1423 2714 1600 2744 Comitissa
1612 2716 1655 2744 IV
1666 2716 1704 2743 de
1718 2716 1775 2743 Mi-

1036 2760 1148 2793 randa,
1166 2760 1335 2789 Francisci
1351 2761 1389 2789 de
1410 2761 1541 2797 Zi'ffliga
1554 2763 1588 2790 et
1602 2763 1777 2790 Avellane-

1035 2806 1075 2833 da
1089 2814 1185 2843 uxor,
1196 2807 1258 2836 580.

999 2852 1114 2889 Begga
1127 2855 1181 2882 vel
1195 2853 1319 2890 Begge,
1334 2855 1560 2890 beguinarutn
1574 2856 1776 2886 monialium

1035 2900 1238 2935 institutrix,
1252 2901 1317 2929 550.

1000 2946 1141 2981 Begona,
1157 2946 1345 2982 Gregorius
1359 2949 1408 2983 de,
1422 2948 1485 2977 561.

962 2999 963 3003 ’
1000 2991 1182 3029 Beguinae,
1199 2995 1369 3029 moniales,
1383 2995 1444 3023 550.
