1987 3260
838 130 946 176 MAN.
980 129 1069 170 1552
1151 170 1153 172 ,
1709 129 1785 170 653-

151 229 324 280 quiete,
349 228 595 274 et,silenti0
618 234 662 267 et
684 227 837 267 studio
860 225 1041 266 versari
1072 225 1293 274 solemus3
1325 224 1646 275 neminemque
1675 235 1776 273 esse

152 299 275 339 domi
295 305 503 349 nostrae,
526 298 603 349 qui
626 303 781 348 posset
812 296 1091 336 monachum
1122 295 1373 334 observare
1395 294 1503 345 quid
1524 293 1648 334 domi
1671 306 1776 344 age-

152 376 240 420 ret,
283 381 436 421 quove
476 369 582 419 iret,
625 374 702 408 aut
742 379 880 420 quam
916 364 1297 406 consuetudinem
1336 365 1528 405 haberet
1562 364 1696 412 foris,
1734 372 1777 405 et

151 452 268 492 quos
288 446 443 491 posset
465 439 777 489 introducere,
802 450 856 478 00
878 437 1000 489 quod
1023 436 1160 476 Pater
1191 441 1348 475 noster
1370 447 1508 487 saepe
1531 434 1775 475 decumbat

152 511 196 550 in
224 511 413 561 lectulo,
443 522 584 561 quum
615 522 724 550 vero
753 515 904 561 potest
935 508 1084 557 exire,
1118 507 1175 547 511
1206 507 1254 546 111
1283 507 1442 546 urbem
1470 506 1530 546 ad
1557 518 1777 558 quaeren-

151 582 259 621 dum
280 582 476 621 vietum:
500 593 587 620 nos
617 592 731 620 vero
759 582 833 620 vel
862 579 985 619 domi
1017 580 1089 618 vel
1119 578 1232 617 foris
1261 578 1477 628 occupati
1504 577 1778 617 lectionibus

151 653 336 692 nostris.
361 652 537 692 Tamen
560 651 699 692 Pater
720 651 902 691 dicebat
930 662 979 689 se
1010 661 1102 689 non
1130 648 1228 688 sore
1260 649 1306 688 in
1336 648 1423 688 hoc
1454 648 1608 688 animo
1641 649 1778 688 obsti-

150 729 282 772 nato,
314 722 394 762 sed
428 723 710 774 scripturum
738 721 795 761 ad
828 721 1161 761 Paternitatem
1195 719 1344 759 Tuam
1379 719 1488 770 quid
1523 720 1569 758 in
1604 719 1692 759 1130
1730 731 1778 758 re

150 794 362 844 sentirem
394 794 577 833 demum
605 806 653 833 se
682 793 912 832 facturum
934 790 1154 842 quidquid
1186 790 1262 829 illa
1294 790 1571 840 imperaret3
1596 790 1777 829 interim

151 876 263 904 vero
295 864 404 904 dum
432 864 694 903 Paternitas
723 870 803 903 tua
837 861 1159 913 responderet,
1193 861 1410 900 monebat
1441 860 1695 900 Doctorem
1731 868 1778 899 ut

149 935 373 975 scriberet
397 935 627 974 monacho
645 942 693 974 ut
711 934 895 985 saepius
911 944 995 973 nos
1013 932 1256 982 inviseret,
1282 932 1462 971 veniret
1480 931 1539 971 ad
1555 931 1650 971 Dm
1668 930 1778 971 Ger-

150 1018 339 1046 manum
364 1005 371 1023 ¹
395 1006 696 1045 confessurus
724 1011 859 1056 atque
888 1003 1341 1053 communicaturus,
1375 1009 1486 1052 etc.,
1522 1014 1662 1053 seque
1686 1014 1777 1041 non

148 1076 412 1116 defuturum
444 1076 674 1115 monacho
703 1076 748 1115 in
776 1075 986 1115 omnibus
1014 1074 1332 1125 spectantibus
1366 1074 1564 1112 salutem
1594 1073 1777 1112 animae

148 1147 308 1198 ipsius.
337 1146 510 1186 Curam
533 1158 645 1186 vero
670 1147 789 1185 illius
821 1145 1152 1197 particularem
1179 1144 1226 1183 in
1252 1144 1380 1183 victu
1401 1150 1445 1182 et
1467 1143 1657 1194 reliquis
1679 1155 1777 1182 cor-

145 1229 232 1268 pus
254 1217 571 1269 spectantibus
603 1228 696 1256 non
719 1217 890 1256 audere
921 1216 1158 1267 suscipere
1188 1215 1287 1254 sine
1317 1214 1538 1254 mandato
1567 1214 1776 1254 obedien

146 1289 258 1338 tiae,
289 1300 429 1340 quum
457 1287 723 1339 praefectus
751 1288 809 1327 sit
840 1287 932 1337 liis,
965 1286 1043 1338 qui
1073 1294 1179 1325 sunt
1210 1285 1279 1324 sui
1312 1285 1527 1334 instituti,
1552 1297 1645 1330 non
1667 1286 1775 1324 3110-

146 1360 256 1399 rius.
291 1359 425 1410 Quod
454 1358 493 1398 si
523 1358 641 1398 10110
673 1357 961 1408 exspectatio
989 1356 1105 1396 haec
1134 1355 1450 1406 responsionis
1478 1354 1778 1394 Paternitatis

147 1430 275 1470 Tuae
310 1429 471 1481 gravis
493 1429 613 1469 foret
641 1429 826 1468 domino
856 1428 1040 1477 domus,
1070 1438 1119 1467 se
1146 1426 1331 1477 quidem
1360 1438 1453 1466 non
1480 1427 1779 1466 occlusurum

146 1501 269 1540 fores
291 1501 454 1540 domus
474 1512 559 1540 1100
580 1505 861 1553 negaturum
883 1498 1146 1538 cubiculum
1172 1497 1425 1545 monacho,
1450 1508 1592 1548 quum
1613 1497 1779 1536 domus

147 1570 243 1622 ejus
265 1572 342 1622 sit,
367 1582 530 1611 verum
550 1571 702 1610 victus
724 1568 822 1621 ejus
852 1575 895 1609 et
928 1568 1232 1620 professionis
1264 1567 1587 1607 observandae
1617 1578 1778 1607 curam

147 1654 240 1682 non
263 1647 609 1693 suscepturum,
634 1640 782 1681 donec
806 1639 889 1680 abs
910 1647 953 1679 te
976 1639 1174 1679 audierit
1195 1638 1304 1690 quid
1326 1637 1449 1678 facto
1472 1650 1587 1689 opus
1607 1638 1681 1677 sit.

227 1713 317 1763 En,
341 1712 394 1752 R.
418 1712 555 1752 Pater
573 1744 580 1762 ,
604 1723 704 1752 rem
724 1723 751 1751 a
773 1711 924 1762 capite
942 1710 1001 1750 ad
1018 1711 1195 1750 calcem
1212 1709 1292 1749 tibi
1308 1709 1600 1760 propositam
1622 1694 1776 1748 cerne.

147 1783 326 1824 Doctor
357 1783 542 1835 quidem
570 1784 664 1833 ille,
697 1782 876 1823 amicus
907 1781 1173 1830 Societatis,
1208 1780 1263 1820 de
1299 1791 1388 1831 quo
1417 1791 1557 1830 supra
1588 1780 1778 1819 mentio-

147 1866 253 1894 nem
274 1854 382 1904 feci,
407 1854 590 1894 dicebat
611 1853 894 1893 monachum
922 1852 1061 1892 etiam
1089 1853 1135 1891 in
1162 1853 1341 1891 victum
1361 1850 1681 1902 quotidianum
1702 1862 1778 1890 no-

146 1924 326 1964 biscum
349 1924 687 1964 admittendum
714 1935 830 1964 esse.
860 1923 1038 1963 Verum
1066 1922 1194 1962 Patri
1218 1922 1458 1973 Baptistae
1484 1921 1659 1972 placuit
1690 1921 1779 1960 alia

148 1996 362 2035 incedere
387 1996 482 2045 via3
507 2007 563 2034 ne
586 1995 695 2046 quid
727 2002 899 2034 temere
928 2000 1089 2044 ageret
1120 1993 1293 2043 absque
1323 1998 1401 2032 tuo
1432 1992 1642 2031 consilio.
1668 1992 1778 2031 Tur-

147 2067 250 2117 pius
271 2067 394 2106 enim
414 2065 594 2117 ejicitur
618 2077 757 2116 quam
777 2076 873 2104 non
895 2064 1155 2103 admittitur
1176 2063 1361 2114 hospes.
1392 2062 1551 2113 Neque
1574 2062 1716 2113 enim,
1742 2063 1779 2101 si

147 2139 266 2177 male
293 2137 551 2177 monachus
578 2136 778 2186 viveret,
804 2135 939 2175 facile
970 2134 1215 2185 ejiceretur
1243 2146 1266 2173 e
1297 2133 1434 2173 domo
1462 2132 1660 2173 Abbatis
1691 2133 1776 2173 sui.

225 2208 273 2248 P.
311 2208 519 2259 Baptista
550 2213 593 2246 te
627 2207 763 2246 enixe
797 2212 935 2255 rogat
967 2205 1012 2244 in
1043 2204 1244 2244 Domino
1280 2210 1329 2243 ut
1364 2203 1451 2244 sibi
1491 2204 1779 2255 respondeas

148 2279 259 2330 quid
279 2279 366 2318 hac
390 2278 435 2317 in
456 2290 505 2317 re
529 2289 669 2328 agere
690 2277 875 2327 debeat,
899 2276 1008 2327 quin
1030 2282 1079 2315 ut
1106 2281 1150 2315 et
1176 2274 1235 2314 ad
1267 2275 1418 2326 ipsum
1440 2274 1679 2314 dominum
1701 2275 1778 2314 do-

149 2361 251 2390 mus
273 2350 451 2389 scribas
473 2349 529 2388 de
556 2349 645 2388 hoc
672 2347 874 2398 negotio.
905 2347 1097 2398 Hocque
1121 2357 1259 2397 quam
1281 2345 1513 2396 ocyssime
1534 2344 1631 2385 fieri
1653 2351 1778 2396 pote-

149 2421 228 2471 rit,
258 2428 306 2460 ut
338 2420 476 2460 Pater
507 2419 717 2470 Baptista
749 2418 918 2458 habeat
948 2417 1057 2469 quid
1088 2416 1368 2468 respondeat
1397 2416 1583 2456 domino
1615 2415 1778 2455 domus

147 2492 222 2531 vel
249 2490 442 2530 Doctori
471 2488 582 2540 ejus.
612 2489 762 2529 Timet
789 2489 911 2528 enim
937 2500 994 2528 ne
1025 2488 1064 2527 si
1093 2487 1212 2527 forte
1233 2487 1308 2526 hie
1329 2487 1587 2527 monachus
1618 2487 1780 2526 admit«

148 2568 292 2607 tatur,
317 2567 530 2612 oporteat
552 2560 694 2600 etiam
715 2560 830 2600 alios
848 2559 1114 2608 admittere,
1139 2564 1276 2608 atque
1294 2558 1358 2597 ita
1375 2557 1452 2597 fiat
1475 2563 1523 2597 ut
1544 2558 1591 2597 in
1613 2556 1779 2607 majori

148 2615 291 2671 simus
314 2630 662 2682 perturbatione
683 2641 823 2681 quam
843 2635 1001 2679 antea,
1032 2635 1075 2669 et
1103 2628 1291 2668 tandem
1310 2629 1414 2679 plus
1443 2628 1530 2667 illis
1559 2627 1780 2667 credatur

204 2839 212 2859 ¹
253 2839 306 2866 Ad
323 2837 439 2865 Sancti
455 2837 615 2864 Germani
632 2838 806 2871 templum,
832 2844 895 2871 quo
920 2836 1026 2863 nostri
1053 2833 1308 2862 Eucharistiarn
1331 2840 1405 2860 eum
1429 2833 1504 2860 aliis
1529 2833 1777 2860 Universitatis

149 2886 292 2913 alumnis
315 2885 503 2919 suscepturi
528 2885 776 2911 conveniebant
801 2888 834 2911 et
860 2884 901 2911 ad
927 2884 1041 2917 aliqua
1059 2881 1221 2909 Societati
1246 2880 1385 2915 propria
1410 2880 1602 2908 ministeria
1624 2881 1778 2908 obeunda

150 2935 346 2961 utebantur.
