1987 3260
930 158 1011 195 AN.
1043 158 1136 195 1552
1774 159 1845 197 567

302 256 537 296 Habemus
558 256 694 295 modo
715 256 760 295 in
781 255 1015 295 exercitiis
1036 254 1281 306 quemdam
1309 254 1575 306 hispanum,
1600 255 1752 295 virum
1774 266 1842 295 sa·

223 327 280 367 tis
302 327 488 368 doctum
507 333 566 377 et,
590 327 628 366 si
649 338 818 377 corpus
839 332 1034 377 spectes,
1058 325 1291 375 integrum
1313 325 1556 376 virumque
1578 336 1690 376 prae
1712 337 1761 365 se
1783 325 1841 364 fe-

222 403 413 438 rentem.
432 397 558 437 Intra
575 397 691 437 duos
708 404 787 436 aut
803 402 897 436 tres
914 396 1025 446 dies,
1045 395 1146 435 Deo
1164 396 1362 446 volente,
1378 396 1631 435 absolverit
1645 395 1843 445 primam

221 467 574 508 hebdomadam.
608 466 772 507 Socius
800 478 982 518 quoque
1010 465 1166 517 hujus,
1196 472 1442 517 postquam
1470 466 1544 506 hic
1573 466 1843 515 absolverit,

221 538 337 578 dixit
357 550 407 578 se
428 538 487 578 ad
508 538 670 578 eadem
691 538 914 578 exercitia
937 543 1199 577 venturum.
1223 537 1427 588 Uterque
1450 536 1546 587 Jam
1580 537 1638 576 ab
1670 537 1843 588 aliquot

220 609 456 649 mensibus
477 609 663 659 saepius
683 615 751 648 est
772 608 906 648 nobis
927 606 1182 657 confessus,
1207 614 1251 647 et
1278 607 1656 657 communicavit,
1681 615 1725 647 et
1748 608 1842 647 ani-

220 691 345 719 mum
366 679 505 718 habet
527 679 585 718 ad
607 678 907 719 Societatem.

298 750 379 790 Est
400 757 443 789 et
464 750 684 789 sacerdos
706 749 909 801 quidam,
933 749 1158 800 magister
1177 748 1459 800 paedagogii
1483 760 1564 788 seu
1588 750 1774 800 collegii
1796 750 1842 789 il-

218 821 320 871 lius,
344 821 463 860 unde
484 820 653 860 fratres
674 819 806 871 ejecti
828 826 934 860 sunt
955 826 998 860 et
1019 819 1139 860 unde
1161 820 1261 860 istis
1281 819 1517 860 mensibus
1538 831 1723 860 omnem
1745 821 1843 871 spi-

218 891 431 931 ritualem
453 890 675 942 praedam
696 890 925 930 Dominus
945 891 1079 930 nobis
1099 890 1239 930 dedit.
1263 890 1351 930 Hic
1374 902 1556 942 quoque
1585 892 1712 942 cupit
1738 897 1843 942 post

220 963 339 1002 hanc
362 961 701 1001 hebdomadam
722 962 881 1001 venire
904 961 962 1001 ad
984 961 1223 1001 exercitia.

295 1031 526 1072 Numerus
548 1032 867 1072 confitentium
889 1038 1086 1081 augetur
1116 1038 1160 1072 et
1185 1043 1384 1083 magnus
1406 1032 1585 1073 fructus
1606 1033 1655 1072 fit
1688 1033 1735 1073 in
1764 1045 1841 1084 po-

218 1104 346 1154 pulo3
388 1103 450 1143 ita
491 1109 540 1142 ut
574 1114 709 1142 rarus
748 1103 827 1153 sit,
866 1103 1005 1142 immo
1038 1109 1082 1142 et
1114 1102 1250 1142 valde
1283 1114 1440 1153 rarus,
1478 1103 1556 1154 qui
1591 1115 1700 1143 raro
1737 1115 1841 1144 con-

219 1174 418 1213 fiteatur.

295 1243 494 1294 Quidam
529 1243 706 1283 Doctor
736 1244 1014 1294 theologiae,
1044 1255 1242 1295 magnus
1263 1245 1442 1285 amicus
1462 1251 1639 1295 noster,
1664 1245 1720 1285 de
1750 1257 1841 1297 quo

217 1315 404 1366 saepius
425 1314 605 1365 scripsi,
629 1321 674 1354 et
695 1315 773 1365 qui
797 1321 841 1354 et
863 1315 922 1354 ad
943 1314 991 1354 P.
1015 1314 1074 1354 V.
1100 1326 1206 1354 cum
1225 1316 1386 1355 ultimo
1403 1321 1541 1366 posta
1557 1316 1757 1367 scripsit,
1777 1316 1838 1355 di-

216 1392 318 1425 ctus
352 1384 581 1425 Dominus
615 1385 854 1425 Adrianus
889 1384 1080 1435 Schoer‚
1114 1385 1189 1425 hic
1224 1387 1531 1426 concionatur
1565 1392 1751 1426 strenue
1785 1398 1839 1426 ea

216 1468 334 1508 quae
369 1457 428 1496 ad
461 1456 749 1508 frequentem
784 1456 1146 1507 confessionem,
1183 1463 1499 1508 contemptum
1533 1457 1712 1508 mundi,
1749 1464 1836 1498 etc.

216 1534 448 1579 spectant;
474 1534 518 1567 et
544 1527 610 1567 ita
636 1538 722 1567 nos
748 1533 908 1567 mutuo
932 1526 1153 1578 juvamus
1183 1527 1229 1566 in
1259 1527 1461 1568 Domino
1488 1534 1533 1568 et
1563 1540 1761 1579 magnus
1790 1529 1837 1568 fit

216 1598 408 1648 fructus,
428 1599 492 1638 ita
508 1604 557 1638 ut
573 1599 716 1649 vulgo
733 1598 929 1638 dicatur:
950 1609 1149 1649 magnus
1164 1597 1403 1638 Adrianus
1420 1605 1464 1639 et
1479 1611 1655 1650 parvus
1671 1599 1834 1639 Adria-

215 1680 302 1709 nus
332 1675 499 1720 regunt
525 1674 672 1708 totum
700 1668 978 1709 Lovanium.
1008 1668 1197 1709 Dictum
1224 1669 1478 1710 Doctorem
1507 1681 1729 1720 magnum
1758 1682 1835 1710 vo-

218 1745 342 1790 cant,
368 1740 476 1791 quia
497 1750 615 1790 pene
637 1740 789 1791 capite
811 1739 959 1791 maJ'or
980 1751 1052 1780 me
1075 1746 1158 1780 est.

295 1810 407 1850 Heri
435 1810 682 1861 quemdam
708 1810 851 1850 filium
878 1810 1185 1851 confessionis
1211 1812 1338 1861 misi,
1368 1812 1527 1851 insciis
1551 1812 1835 1863 parentibus.

215 1881 292 1931 qui
314 1881 540 1921 hactenus
562 1892 668 1920 eum
687 1881 910 1932 impedire
931 1887 1184 1931 tentarunt,
1204 1882 1263 1922 ad
1280 1882 1580 1923 Carthusiam
1596 1881 1836 1922 Colonien-

216 1963 328 2001 sem3
359 1952 441 1991 sed
463 1953 614 1992 nullae
640 1952 746 1992 inde
774 1952 926 1992 adhuc
956 1959 1063 1992 sunt
1093 1959 1284 1993 exortae
1312 1953 1583 2003 tragoediae
1603 1965 1688 1993 nec
1719 1954 1836 1993 veri-

214 2022 364 2061 simile
387 2028 456 2062 est
477 2023 754 2063 exorituras.

297 2093 377 2132 His
397 2094 553 2133 valeat
575 2093 621 2132 in
642 2093 842 2134 Domino
862 2094 973 2146 Jesu
993 2094 1041 2134 P.
1066 2094 1125 2134 V.
1150 2100 1194 2134 et
1214 2106 1300 2134 nos
1316 2095 1412 2135 suis
1430 2095 1716 2135 orationibus
1733 2107 1835 2135 san-

213 2164 392 2215 ctisque
414 2164 656 2204 sacrificiis
677 2165 1029 2204 commendatos
1050 2165 1222 2205 habere
1243 2165 1472 2216 dignetur.

293 2234 495 2285 Raptim.
519 2235 733 2283 Lovanii,
756 2236 781 2274 2
801 2235 980 2286 Aprilis
1000 2247 1123 2275 anno
1148 2235 1262 2275 1552.

294 2305 346 2344 R.
371 2305 429 2345 V.
455 2317 620 2345 servus
642 2305 688 2345 in
709 2305 928 2357 Domino,

1190 2448 1433 2492 ADRIANUS
1453 2448 1673 2488 ADRIANI.

1312 2538 1365 2564 Ab
1386 2537 1586 2570 Antuerpia.

289 2729 659 2781 Superscrzpte'os
687 2730 789 2771 R.d0
820 2732 866 2772 in
896 2732 977 2772 X.“
1014 2732 1142 2773 Patri
1177 2732 1296 2773 Dno.
1331 2734 1512 2785 Ignatio
1547 2735 1603 2775 de
1633 2734 1831 2786 Loyola,

209 2799 482 2851 Praeposito
504 2800 723 2841 Generali
745 2801 992 2843 Societatis
1013 2803 1137 2855 Jesu,
1158 2803 1349 2845 Romae.

288 2870 349 2909 Et
371 2882 513 2910 manu
535 2871 585 2922 s.
608 2871 699 2911 Ph.
719 2872 834 2912 Vito:
860 2873 972 2913 1552.
998 2873 1057 2913 Di
1077 2874 1303 2914 Lovanio.
1340 2875 1400 2915 Di
1428 2875 1577 2926 Mgro.
1602 2876 1828 2916 Adriano.

290 2940 410 2980 Delli
430 2942 455 2981 2
476 2942 517 2981 d‘
544 2941 703 2994 Aprile
730 2942 843 2984 1552.
