1987 3260
821 196 902 233 Ax.
934 196 1016 232 1531
1666 199 1735 235 387

115 294 286 335 siderio
315 293 529 343 satisfiat,
561 293 670 333 dum
697 293 770 332 hic
798 291 1040 342 fuerimus,
1071 293 1196 332 illam
1217 293 1464 333 ecclesiam
1490 293 1635 334 frater
1663 295 1737 334 hic

118 366 280 405 diebus
300 364 543 405 dominicis
562 363 893 414 frequentabit,
923 363 1198 414 praesertim
1224 375 1330 403 cum
1357 364 1475 415 quod
1508 365 1630 415 apud
1659 376 1739 404 eos

116 435 361 475 dicendum
382 435 455 484 sit,
478 435 576 474 sine
598 434 873 474 detrimento
895 433 1152 473 studiorum
1172 445 1340 485 parare
1362 434 1521 485 possit.

196 505 340 557 Spero
358 517 448 545 non
466 505 747 544 mediocrem
765 504 1025 544 animarum
1043 504 1224 544 illarum
1240 504 1441 544 fructum
1457 513 1737 556 secuturum,

118 575 248 626 cujus
269 577 335 616 rei
358 575 577 615 indicium
597 587 687 614 non
710 586 910 626 parvum
931 580 1018 624 est,
1044 575 1165 625 quod
1187 575 1382 625 nullum,
1407 576 1562 626 credo,
1586 576 1741 616 odium

118 647 278 698 paucis
299 645 370 685 his
392 646 552 685 diebus
573 646 785 685 relictum
807 650 892 694 est;
916 656 1047 695 quae,
1072 651 1120 685 ut
1142 646 1253 696 dixi,
1278 645 1351 685 hic
1374 657 1657 698 magnopere
1680 648 1741 687 vi-

116 718 304 768 gebant.

198 788 284 828 Hic
306 788 427 828 idern
448 787 607 837 frater,
635 788 804 827 missus
835 787 881 826 in
912 788 1176 838 proximum
1204 787 1424 839 oppidum
1451 788 1625 828 dictum
1652 788 1743 828 Va-

117 859 306 898 lentiam
328 865 376 898 ut
401 857 635 909 conjectos
655 857 702 898 in
723 869 961 898 carcerem
982 858 1223 909 inviseret,
1253 870 1358 898 cum
1383 860 1526 898 multa
1555 859 1667 910 ipsis
1689 859 1744 899 de

118 929 219 969 Deo
237 929 296 969 ad
314 941 473 969 eorum
487 928 853 969 consolationem
871 934 914 968 et
931 928 1227 968 tolerantiam
1244 929 1289 968 in
1305 929 1538 969 laboribus
1551 929 1744 970 dixisset

118 1012 224 1040 cum
245 1000 453 1051 ipsorum
473 999 717 1051 lacrymis,
741 1000 977 1039 hominem
1003 999 1250 1051 quemdam
1280 1000 1399 1040 solvi
1426 1000 1556 1051 fecit,
1590 1001 1667 1052 qui
1699 1002 1744 1041 in

119 1082 311 1111 carcere
334 1078 525 1122 propter
545 1071 720 1122 aliquot
740 1071 963 1121 pecunias
985 1070 1276 1110 detinebatur
1303 1070 1484 1121 (quibus
1510 1072 1746 1111 solvendis

120 1140 218 1192 ejus
238 1142 441 1182 tenuitas
462 1154 554 1181 non
575 1143 707 1190 erat),
731 1152 1009 1192 percurrens
1030 1151 1123 1191 eos,
1149 1141 1314 1192 quibus
1335 1142 1532 1192 pecunia
1553 1142 1744 1183 debeba-

120 1219 208 1263 tur,
234 1224 433 1264 quorum
454 1223 653 1262 magnus
673 1218 772 1251 erat
793 1222 1029 1251 numerus.

201 1282 403 1334 Quidam
429 1283 547 1322 alius
574 1281 734 1333 frater,
763 1282 949 1321 nomine
983 1281 1260 1333 Dionysius,
1300 1294 1496 1334 corpore
1524 1289 1568 1323 et
1595 1290 1746 1324 aetate

123 1365 320 1405 parvus,
345 1353 424 1404 qui
445 1353 502 1392 ob
525 1353 773 1392 adversam
794 1352 1110 1393 valetudinem
1136 1353 1376 1393 nobiscum
1403 1354 1564 1394 audire
1594 1355 1746 1406 prohi-

121 1425 269 1465 bitum
291 1436 393 1464 esse
420 1424 608 1475 scripsi,
639 1424 686 1464 in
713 1423 839 1464 aliud
869 1423 1090 1475 oppidum
1114 1436 1207 1463 non
1234 1425 1428 1464 multum
1455 1425 1653 1476 distans,
1683 1426 1745 1465 di-

122 1500 248 1535 ctum
269 1494 480 1545 Monson,
506 1495 681 1546 aliquot
702 1494 862 1534 diebus
878 1494 1047 1534 missus
1068 1500 1136 1534 est
1157 1501 1206 1534 ut
1227 1506 1398 1546 pueros
1420 1496 1608 1536 doceret
1630 1497 1745 1536 chri-

120 1567 321 1606 stianam
352 1566 630 1616 doctrinam;
668 1566 745 1617 qui
780 1565 1047 1616 ingrediens
1082 1564 1323 1617 oppidum,
1356 1566 1488 1606 vicos
1515 1568 1746 1618 percurrit

121 1638 314 1689 pulsans
334 1637 694 1677 tintinnabulum
714 1648 804 1687 quo
826 1648 995 1687 pueros
1022 1636 1069 1676 in
1095 1637 1316 1688 templum
1341 1644 1666 1689 congregaret.
1697 1639 1746 1678 In

122 1708 266 1758 initio,
290 1714 479 1759 propter
507 1707 573 1748 rei
593 1707 864 1757 novitatem,
888 1707 1016 1747 illudi
1037 1707 1094 1747 ab
1123 1707 1386 1747 hominibus
1408 1713 1452 1747 et
1478 1709 1746 1749 mulieribus

121 1779 287 1830 coepit.
308 1778 502 1829 Deinde,
526 1778 682 1818 multis
702 1784 892 1830 propter
908 1778 977 1818 rei
992 1778 1250 1818 novitatem
1268 1778 1327 1818 ad
1343 1780 1564 1830 templum
1581 1791 1746 1820 conve-

124 1850 378 1900 nientibus,
402 1861 507 1889 cum
528 1850 671 1889 multa
693 1849 790 1901 ipse
811 1860 950 1900 super
970 1855 1244 1900 praecepto,
1269 1850 1392 1901 quod
1419 1862 1587 1901 pueros
1615 1851 1746 1891 doce-

123 1921 216 1971 bat,
238 1920 525 1972 protulisset,
549 1931 806 1971 permagna
826 1931 1008 1971 quoque
1028 1920 1152 1971 ipsos
1173 1919 1358 1960 devotio
1380 1921 1521 1971 cepit,
1546 1927 1594 1961 ut
1616 1922 1672 1961 ab
1694 1934 1748 1962 eo

80 2022 90 2028 .
125 2002 416 2042 summopere
438 1991 717 2043 postularint
738 1990 984 2042 optimates
1006 1991 1216 2042 sequenti
1237 1990 1309 2030 die
1329 1992 1535 2040 veneris,
1559 2003 1649 2043 quo
1677 1992 1749 2032 die

125 2062 187 2102 ad
223 2062 457 2102 docendos
485 2073 653 2113 pueros
674 2066 966 2113 perrexerat,
998 2066 1048 2100 ut
1074 2062 1370 2112 evangelium
1398 2063 1632 2113 sequentis
1660 2063 1749 2103 diei

128 2133 347 2173 dominici
367 2131 548 2172 videret
570 2138 708 2183 atque
728 2131 840 2183 ipsis
867 2137 1121 2183 exponeret
1149 2131 1388 2182 (carebant
1415 2133 1536 2173 enim
1567 2134 1748 2174 concio-

128 2204 327 2253 natore).
359 2203 596 2243 Postulata
622 2202 754 2253 fecit,
784 2201 920 2253 idque
949 2213 1054 2241 cum
1082 2213 1255 2253 magna
1277 2204 1482 2243 omnium
1503 2204 1750 2245 devotione

127 2281 172 2314 et
194 2273 516 2314 admiratione.
544 2273 676 2324 Quod
698 2274 837 2313 etiam
858 2273 1069 2325 sequenti
1090 2273 1162 2313 die
1183 2273 1418 2314 dominica
1439 2275 1567 2327 fecit,
1596 2281 1750 2327 peten-

129 2346 251 2385 tibus
271 2345 407 2396 ipsis‚
431 2357 516 2384 nec
537 2344 680 2384 defuit
703 2344 779 2396 qui
800 2345 1044 2384 clamaret:
1069 2344 1231 2384 beatus
1261 2349 1441 2392 venter,
1469 2345 1554 2397 qni
1578 2350 1621 2386 te
1642 2351 1752 2398 por-

129 2416 269 2466 tavit,
291 2422 377 2456 etc.
402 2415 579 2455 Petitur
601 2414 753 2455 adhuc
775 2415 831 2455 ab
853 2415 940 2465 eis;
974 2415 1083 2466 quid
1104 2421 1260 2455 autem
1285 2415 1333 2456 P.
1365 2416 1637 2457 Emmanuel
1666 2418 1751 2458 Go-

130 2487 279 2537 dinus‚
304 2486 437 2526 nobis
458 2486 765 2537 praepositus,
784 2485 994 2526 facturus
1012 2486 1070 2526 sit
1090 2486 1273 2537 ignoro.

209 2557 285 2598 Ad
312 2557 433 2597 idem
467 2557 687 2608 oppidum
720 2557 890 2597 missus
924 2564 992 2597 est
1019 2564 1295 2609 praeceptor
1321 2564 1480 2599 noster
1505 2559 1552 2599 in
1586 2559 1754 2599 hebdo-

133 2627 271 2668 mada
299 2635 483 2677 sancta,
514 2628 561 2667 in
593 2639 684 2678 qua
711 2628 768 2667 ab
795 2628 960 2668 studiis
995 2635 1229 2669 cessatum
1264 2635 1353 2679 est,
1391 2630 1484 2680 qui,
1510 2630 1657 2670 tribus
1695 2632 1756 2687 ibi

130 2698 291 2739 diebus
312 2705 535 2748 moratus,
557 2705 652 2738 tres
674 2698 923 2739 conciones
945 2711 1050 2739 cum
1070 2710 1243 2750 magno
1265 2700 1505 2740 hominum
1526 2713 1756 2741 concursu

131 2776 176 2809 et
198 2770 516 2809 consolatione
537 2769 694 2809 habuit
714 2802 720 2820 ‚
746 2782 943 2820 quarum
963 2782 1054 2810 una
1076 2771 1308 2822 persuasit
1330 2777 1378 2810 ut
1399 2771 1592 2822 quisque
1613 2773 1755 2823 quoti-

131 2841 225 2891 die,
250 2847 499 2891 antequam
521 2841 580 2880 ad
600 2840 923 2881 dormiendum
944 2841 1209 2890 accederet,
1239 2842 1468 2882 transacti
1496 2842 1586 2881 diei
1616 2854 1757 2894 opera

134 2911 434 2962 expenderet,
459 2918 503 2951 et
525 2923 552 2951 a
573 2911 787 2960 Domino,
812 2912 851 2951 si
871 2911 980 2963 quid
1001 2912 1153 2952 minus
1174 2913 1289 2952 bene
1312 2914 1611 2954 commissum
1634 2915 1757 2955 inve-

136 2981 302 3031 nisset,
326 2982 512 3021 veniam
534 2983 812 3033 postularet;
836 2982 952 3022 haec
975 2989 1129 3022 autem
1151 2988 1195 3023 et
1215 2983 1308 3023 alia
1339 2984 1527 3034 similia,
1561 2984 1673 3036 ipsis
1702 2989 1758 3026 ab
