1987 3260
225 167 296 204 656
734 164 960 201 LirmnAE
986 172 1343 207 QUADRIMESTRES

222 273 365 314 quam
385 261 533 301 nobis.
556 260 805 311 Negotium
834 259 956 299 istud
986 259 1100 298 satis
1129 270 1302 310 anceps
1329 263 1420 298 est:
1450 258 1489 297 si
1519 270 1613 298 non
1639 258 1850 299 admitta-

222 339 318 383 tur,
342 332 556 372 timemus
576 341 633 370 ne
655 336 806 369 sumat
837 330 1001 369 domus
1027 328 1172 380 ipsius
1198 327 1414 368 dominus
1434 328 1730 368 occasionem
1758 328 1851 368 abi-

220 403 364 454 gendi
384 414 481 442 nos.
507 400 587 441 Sin
615 400 907 447 admittatur,
937 398 1307 450 pertimescenda
1335 398 1644 450 perturbatio,
1674 403 1773 438 tum
1794 399 1851 439 ab

226 474 346 525 ipso,
370 479 465 512 tum
488 471 544 510 ab
567 470 688 520 aliis,
715 470 793 521 qui
811 475 1003 520 possent
1024 469 1277 519 introduci;
1308 476 1407 509 tum
1435 480 1492 508 ne
1515 480 1573 508 ex
1592 468 1755 519 primis
1774 480 1852 508 no-

227 542 405 583 vissimi
426 541 681 581 evadamus
705 539 980 580 cavendum.

306 613 391 652 Hic
409 610 506 662 jam
526 616 621 651 tres
642 616 822 650 tantum
843 622 1021 661 sumus,
1045 610 1230 661 dempto
1259 609 1455 660 famulo,
1489 615 1538 649 ut
1570 609 1709 649 credo
1730 614 1774 648 te
1795 620 1854 648 ex

222 683 388 723 litteris
433 682 548 721 meis
592 680 862 732 praemissis
901 680 998 732 Jam
1036 680 1342 728 intellexisse,
1385 679 1551 731 quibus
1590 678 1855 730 significavi

226 758 420 794 mortem
442 751 601 792 fratris
621 751 788 802 nostri,
813 750 1027 802 Magistri
1054 750 1211 791 Caroli
1242 750 1534 791 Commelini.
1565 749 1613 789 P.
1645 749 1856 801 Baptista

226 826 271 864 in
299 824 467 864 lectulo
496 822 727 863 decumbit
756 833 841 873 pro
869 834 998 862 more
1032 833 1136 872 suo,
1170 822 1343 873 vixque
1382 833 1409 861 a
1438 821 1577 861 Festo
1611 820 1857 860 Paschatis

223 902 305 935 aut
332 906 440 935 raro
468 893 614 934 exivit
645 906 671 933 a
703 894 824 933 lecto
852 898 930 933 aut
965 893 1116 933 domo.
1154 891 1252 932 Nos
1286 892 1377 932 duo
1417 891 1582 943 reliqui
1610 902 1852 941 vacamus,

224 966 393 1017 partim
420 965 604 1015 studiis,
634 964 805 1015 partim
831 964 1032 1014 negotiis
1056 963 1364 1003 familiaribus
1388 993 1395 1010 ,
1429 969 1473 1002 et
1504 961 1747 1002 audiendis
1768 961 1855 1011 his,

225 1037 303 1088 qui
335 1036 393 1076 ad
421 1047 505 1075 nos
532 1035 739 1075 veniunt.
769 1034 906 1074 Faxit
933 1034 1147 1074 Christus
1173 1034 1312 1087 Jesus
1351 1039 1401 1073 ut
1436 1033 1593 1073 omnia
1623 1032 1790 1072 cedant
1812 1032 1858 1072 in

222 1108 426 1159 gloriam
445 1118 593 1146 suam.

307 1177 651 1217 Audiveramus
671 1175 923 1216 Postellum
946 1181 954 1200 ¹
976 1175 1118 1216 fuisse
1149 1176 1355 1216 locutum
1388 1175 1443 1215 de
1472 1174 1704 1214 Societate
1725 1173 1761 1223 “³3
1783 1185 1857 1213 ve-

228 1261 329 1289 rum
366 1249 453 1288 hoc
481 1247 649 1287 falsum
676 1258 778 1287 esse
813 1253 940 1287 certo
975 1247 1162 1286 scimus.
1194 1247 1307 1286 Heri
1336 1246 1459 1286 enim
1487 1245 1666 1297 publice
1695 1244 1858 1284 extulit

230 1321 353 1360 illam
380 1330 525 1369 usque
553 1319 599 1358 in
626 1319 826 1368 coelum,
857 1317 973 1357 adeo
1008 1324 1057 1357 ut
1087 1317 1228 1357 etiam
1266 1316 1498 1356 addiderit
1524 1327 1628 1355 eam
1655 1315 1701 1354 in
1728 1314 1858 1354 India

229 1392 406 1430 clarere
429 1389 679 1429 miraculis.
703 1388 854 1428 Habet
877 1387 1027 1427 adhuc
1049 1388 1378 1439 phantasmata
1413 1388 1604 1438 antiqua
1626 1391 1670 1425 et
1692 1385 1749 1424 ab
1770 1385 1860 1425 illis

229 1461 386 1501 divelli
405 1472 499 1500 non
520 1465 685 1511 potest.
716 1459 930 1509 Quotidie
956 1458 1026 1498 bis
1059 1458 1170 1508 legit
1198 1469 1302 1498 cum
1335 1456 1711 1508 frequentissimo
1734 1455 1859 1495 audi-

229 1532 346 1572 torio
380 1532 426 1571 in
457 1531 664 1581 Collegio
694 1529 1135 1580 Longobardorum,
1169 1528 1228 1568 ad
1258 1527 1380 1580 quod
1416 1528 1557 1567 etiam
1584 1526 1860 1577 commigra-

229 1604 310 1643 vit.
344 1602 480 1643 Socio
510 1601 696 1642 Domini
727 1601 895 1640 Renati
922 1599 949 1650 ⁵,
983 1600 1059 1652 qui
1087 1611 1173 1639 nos
1204 1600 1489 1650 frequentat,
1527 1599 1649 1638 intra
1684 1608 1860 1649 paucos

229 1673 343 1724 dies,
364 1679 412 1713 ut
433 1684 585 1724 spem,
609 1672 851 1711 tradentur
874 1670 1112 1711 exercitia.

311 1744 443 1794 Quod
465 1743 523 1783 ad
546 1742 800 1782 audiendas
823 1741 1140 1781 confessiones
1162 1741 1346 1791 attinet,
1372 1746 1416 1780 et
1438 1746 1623 1780 caetera
1646 1739 1859 1790 spiritua-

231 1817 290 1855 lia
312 1826 475 1866 opera,
501 1813 624 1864 apud
646 1812 752 1852 Sum
774 1812 1078 1862 Germanum,
1104 1817 1338 1851 cessatum
1366 1817 1436 1850 est
1468 1823 1495 1850 a
1523 1810 1717 1850 solemni
1739 1809 1858 1849 festo

232 1885 601 1926 Resurrectionis
647 1884 920 1923 Dominicae
960 1883 1016 1922 ob
1057 1883 1305 1922 adversam
1347 1881 1664 1921 valetudinem
1705 1880 1859 1920 Patris

231 1957 483 2008 Baptistae.
508 1955 762 2005 Rogandus
794 1961 862 1994 cst
892 1954 1121 1993 Dominus
1152 1960 1199 1993 ut
1230 1954 1305 1993 vel
1334 1953 1554 1992 liberetur
1582 1952 1639 1991 ab
1673 1950 1860 1991 infirmi-

232 2035 325 2067 tate
346 2028 454 2075 hac,
479 2027 552 2065 vel
583 2025 803 2065 succedat
824 2025 863 2064 ei
886 2026 1021 2075 alter,
1055 2025 1132 2076 qui
1163 2025 1266 2063 vice
1297 2023 1397 2075 ejus
1429 2023 1670 2073 fungatur,
1695 2029 1793 2062 tum
1814 2022 1860 2061 in

235 2097 569 2149 spiritualibus,
595 2104 691 2136 tum
712 2096 758 2135 in
780 2095 1125 2147 temporalibus.

312 2169 519 2217 Interim,
545 2167 596 2207 R.
622 2167 778 2216 Pater,
803 2167 918 2206 bene
944 2167 1049 2206 vale
1078 2166 1124 2205 in
1155 2165 1354 2205 Domino
1385 2166 1495 2218 Jesu
1526 2177 1618 2204 una
1650 2175 1756 2204 cum
1777 2162 1859 2202 Pa-

234 2240 378 2279 tribus
410 2251 463 2279 ac
490 2238 711 2278 fratribus
739 2237 931 2287 nostris,
961 2248 1158 2287 quorum
1186 2236 1392 2276 omnium
1423 2234 1709 2275 orationibus
1738 2245 1860 2273 com-

234 2309 443 2349 mendari
464 2320 755 2359 summopere
778 2307 1039 2358 indigemus
1061 2312 1103 2346 et
1126 2306 1353 2357 cupimus.

314 2380 545 2429 Lutetiae,
570 2379 749 2419 decimo
771 2384 939 2418 octavo
961 2377 1071 2428 Maji
1097 2378 1212 2417 1552.

317 2451 370 2490 R.
395 2450 442 2490 P.
467 2450 518 2490 T.

315 2521 536 2571 Indignus
558 2520 602 2559 in
625 2520 810 2559 Christo
833 2520 1000 2564 Filius,

706 2661 949 2701 RossERTUs
982 2660 1328 2711 CLAvssons,
1358 2659 1627 2709 Brugensis.

296 2823 304 2842 ¹
344 2823 542 2849 Guilielmus
559 2822 742 2853 Postellus,
758 2822 796 2848 de
813 2829 876 2855 quo
890 2822 1034 2856 plurima
1051 2821 1081 2847 in
1098 2820 1251 2854 plurimis
1268 2824 1337 2846 tum
1355 2818 1463 2845 sacris
1479 2821 1548 2844 tum
1562 2815 1746 2850 prophanis
1762 2814 1863 2841 histo-

240 2871 310 2900 riis,
324 2870 397 2896 etin
415 2869 537 2896 Cartas
554 2870 595 2896 de
612 2869 682 2895 San
697 2869 851 2902 Ignasl'o,
866 2872 889 2895 t.
905 2876 915 2895 1
929 2872 961 2895 et
977 2876 1011 2901 11,
1027 2873 1059 2895 et
1075 2868 1106 2895 in
1124 2868 1248 2895 Cartas
1263 2867 1319 2893 del
1337 2865 1377 2892 B.
1397 2865 1433 2892 P.
1450 2864 1562 2891 Pedro
1575 2863 1699 2893 Fabro,
1714 2865 1736 2889 t.
1752 2868 1773 2887 1.

295 2918 307 2935 ‘-'
346 2916 409 2946 Sic:
426 2917 481 2943 sed
497 2924 613 2943 sensus
628 2920 689 2948 est,
705 2920 739 2943 ut
757 2923 796 2942 ex
813 2916 1028 2949 sequentibus
1040 2919 1146 2949 patet,
1164 2915 1337 2941 adversus
1352 2933 1361 2945 ,
1377 2914 1495 2939 contra
1513 2910 1729 2937 Societatem.

296 2965 307 2981 ⁷·
345 2964 430 2989 Vidc
447 2971 563 2997 supra.
579 2971 654 2996 pag.
669 2963 730 2989 2312.
