1987 3260
201 195 273 232 730
714 194 938 232 LITTERAE
965 206 1320 238 QUADRIMESTRES

202 290 286 331 His
308 291 448 341 igitur
470 291 665 333 omissis,
690 301 744 330 ea
767 290 969 330 breviter
992 291 1258 340 recensebo,
1282 302 1399 341 quae
1422 290 1545 341 apud
1565 293 1829 342 proximum

200 374 227 400 a
249 361 420 401 nostris
443 367 575 411 gesta
598 367 717 401 sunt.

276 432 364 472 Ubi
385 432 534 482 primo
555 432 655 471 loco
678 442 779 471 sese
801 431 1000 471 offerunt
1021 431 1313 483 theologicae
1335 431 1531 472 Patrum
1558 438 1828 473 nostrorum

200 501 577 541 Reverendorum
597 501 809 552 publicae
830 502 1072 552 lectiones,
1096 513 1212 553 quas
1234 502 1342 554 quia
1366 514 1476 542 rara
1506 503 1708 554 quadarn
1731 504 1828 543 dili-

197 572 354 621 gentia
375 572 649 622 praelegunt
669 577 713 611 et
732 572 834 622 fide,
859 572 906 612 fit
927 579 975 612 ut
995 573 1214 612 auditorii
1235 572 1501 624 frequentia
1531 584 1638 613 cum
1660 574 1827 625 quovis

196 642 511 692 professorum
534 642 628 694 (qui
648 644 912 694 complures
933 649 1090 683 tamen
1110 643 1158 683 in
1178 643 1268 683 hac
1292 643 1552 684 Academia
1573 650 1678 684 sunt
1701 651 1745 684 et
1762 645 1825 684 in-

198 712 389 762 signiter
411 713 595 764 quidem
616 713 756 762 docti)
781 719 972 754 certent.
1001 713 1231 765 Superant
1259 719 1413 754 autem
1443 725 1609 754 omnes
1638 714 1684 754 in
1719 714 1823 765 hoc,

194 783 315 833 quod
350 784 397 823 hi
433 783 769 834 adolescentes,
807 785 1072 835 theologiae
1108 784 1260 824 studio
1295 784 1483 834 addicti,
1523 796 1698 836 magna
1735 785 1826 825 sint

195 854 389 904 praediti
411 854 652 904 modestia,
675 856 897 906 patientia
919 856 1273 907 constantiaque
1296 856 1342 895 in
1364 855 1612 895 audiendo.

271 924 325 964 R.
341 924 400 950 <¹1¹⁵
421 924 492 964 P.¹‘
514 924 769 965 Goudanus
791 926 1016 965 successit
1030 925 1078 966 P.
1099 925 1294 966 Claudio
1320 925 1328 944 ¹
1349 928 1503 977 (quem
1525 932 1651 966 certe
1668 926 1826 966 virum

193 995 366 1047 absque
389 996 593 1036 maximo
615 996 756 1036 animi
778 997 866 1036 mei
888 996 1061 1046 dolore,
1082 1003 1271 1047 propter
1288 1008 1495 1036 summas
1516 996 1662 1048 ipsius
1679 996 1823 1036 virtu-

193 1072 261 1105 tes
278 1067 517 1106 nominare
536 1067 616 1107 vix
632 1067 836 1118 possum)
850 1067 895 1106 in
911 1067 1109 1107 lectione
1124 1066 1318 1107 Paulina
1336 1067 1395 1107 ad
1411 1066 1666 1118 Romanos,
1682 1079 1823 1119 quam

195 1137 256 1176 ita
276 1138 481 1188 exponit,
505 1144 554 1177 ut
574 1149 659 1177 nec
679 1150 765 1177 nos
784 1150 869 1178 nec
891 1138 969 1178 alii
989 1138 1238 1189 quicquam
1260 1139 1460 1189 amplius
1478 1138 1739 1179 desiderem
1750 1151 1818 1179 us.

192 1207 417 1259 Breviter,
441 1215 622 1260 aperte,
651 1209 809 1258 docte,
839 1209 1105 1249 difficillima
1132 1220 1341 1260 quaeque
1373 1210 1499 1259 loca,
1532 1209 1698 1260 quibus
1729 1210 1819 1261 epi-

192 1279 309 1318 stola
330 1279 408 1318 illa
428 1280 565 1330 plena
587 1286 670 1329 est,
694 1285 897 1330 enarrat,
922 1279 1263 1320 haereticorum
1289 1280 1480 1319 insanas
1509 1280 1819 1331 indoctasque

191 1350 530 1400 persuasiones,
546 1362 662 1401 quas
673 1350 778 1391 inde
795 1356 845 1390 ut
860 1351 1109 1402 plurimum
1122 1351 1324 1402 rapiunt,
1336 1350 1546 1390 confutat
1563 1356 1607 1390 et
1623 1351 1742 1390 subv
1751 1363 1819 1391 er-

188 1421 256 1471 tit,
279 1421 519 1473 ipsamque
540 1421 786 1461 Veritatem
807 1422 1085 1461 catholicam
1102 1421 1319 1471 defendit,
1339 1422 1529 1461 roborat
1546 1426 1685 1472 atque
1710 1433 1819 1462 con-

190 1490 355 1531 firmat.
380 1491 512 1532 Unde
537 1491 585 1531 fit
608 1498 657 1531 ut
683 1491 876 1532 studiosi
905 1492 1096 1543 aequius
1123 1491 1274 1532 ferant
1303 1492 1595 1543 inopinatum
1626 1492 1817 1543 inexpe—

190 1567 454 1612 ctatumque
475 1562 718 1602 decessum
736 1561 829 1602 Rdi
850 1562 897 1602 P.
928 1561 1109 1603 Claudii
1139 1563 1232 1613 (qui
1256 1568 1479 1614 quantum
1502 1568 1739 1602 amaretur
1770 1563 1818 1602 in

187 1632 275 1671 hac
298 1631 573 1683 Academia,
597 1633 732 1673 facile
752 1633 880 1673 licuit
902 1634 949 1673 in
968 1633 1130 1673 sunere
1152 1633 1331 1683 videre,
1356 1633 1479 1684 quod
1504 1633 1689 1684 magnis
1710 1645 1812 1684 pro-

188 1702 438 1753 fessorum,
476 1705 827 1754 magistrorum,
874 1705 1097 1744 nobilium
1140 1710 1185 1744 et
1229 1704 1544 1744 studiosorum
1597 1705 1812 1755 querelis,

187 1775 314 1814 luctu
341 1781 385 1814 et
406 1776 812 1816 lamentationibus
834 1776 892 1815 ad
913 1775 1211 1826 sepulchrum
1232 1781 1299 1815 est
1322 1775 1652 1826 deportatum),
1677 1787 1815 1826 quem

187 1845 358 1896 alioqui
378 1857 603 1897 perquam
633 1847 824 1886 moleste
854 1858 964 1886 sane
991 1846 1128 1886 laturi
1150 1852 1303 1895 erant,
1334 1852 1381 1885 ut
1407 1857 1500 1885 non
1522 1846 1720 1885 obscure
1749 1858 1807 1886 ex

184 1915 462 1965 quibusdam
482 1916 664 1956 indiciis
684 1916 730 1956 id
750 1917 1152 1968 deprehendimus.

265 1985 312 2025 P.
338 1986 553 2026 Canisius
573 1987 726 2038 pergit
748 1998 927 2027 summo
948 1999 1054 2027 cum
1080 1988 1326 2038 applauso,
1357 1993 1401 2027 et
1430 1988 1532 2038 pari
1560 1999 1665 2027 cum
1693 1988 1812 2027 utili-

184 2062 275 2096 tate
296 2057 464 2097 docere
486 2069 540 2097 ac
561 2058 796 2109 explicare
816 2058 1099 2098 christianae
1120 2058 1362 2098 doctrinae
1385 2058 1655 2098 methodum
1678 2058 1807 2098 illam

180 2138 321 2177 quam
342 2127 674 2168 Serenissirnus
694 2128 795 2168 Rex
816 2129 995 2180 pridem
1016 2141 1042 2168 a
1059 2129 1230 2169 nostris
1251 2129 1464 2179 petierat.
1484 2129 1625 2169 Faxit
1649 2128 1809 2169 Domi-

181 2208 267 2236 nus
287 2197 421 2250 Jesus
442 2198 654 2238 Christus
673 2205 721 2239 ut
742 2199 889 2250 possit
909 2199 973 2238 ita
990 2204 1034 2239 et
1050 2199 1309 2251 provehere
1326 2205 1370 2239 et
1387 2199 1445 2239 ad
1462 2199 1600 2239 finem
1620 2200 1809 2240 tandem

182 2268 435 2318 perducere
457 2269 821 2320 pulcherrimum
841 2270 929 2310 hoc
950 2276 994 2309 et
1014 2270 1350 2310 restaurandae
1371 2270 1417 2309 in
1439 2270 1698 2310 Germania
1721 2271 1808 2311 Ca-

181 2337 380 2379 tholicae
401 2339 633 2390 Religioni
652 2340 901 2391 plurimum
922 2340 1175 2392 adjumenti
1196 2341 1443 2380 allaturum
1465 2352 1602 2392 opus,
1626 2341 1684 2380 ad
1707 2342 1805 2381 lau-

183 2409 286 2448 dem
306 2411 588 2451 sanctissimi
609 2412 807 2451 nominis
828 2412 912 2451 sui.
937 2411 1103 2451 Amen.

259 2479 393 2520 Redit
413 2482 554 2532 igitur
575 2482 751 2522 fructus
773 2483 832 2522 ad
852 2483 1085 2522 studiosos
1106 2494 1198 2522 non
1220 2483 1418 2533 exiguus
1440 2494 1497 2523 ex
1526 2483 1806 2523 lectionibus

180 2549 387 2599 patrum,
413 2552 494 2592 sed
520 2564 613 2592 non
643 2553 748 2593 inde
775 2554 946 2604 solum,
976 2565 1084 2593 nam
1116 2559 1160 2592 et
1187 2554 1491 2593 concionibus
1519 2553 1803 2604 germanicis

180 2618 227 2658 Ρ.
260 2620 448 2673 Canisii,
474 2623 531 2662 ad
558 2635 674 2674 quas
701 2624 764 2663 illi
797 2624 1046 2675 praecipue
1074 2624 1289 2670 veniunt,
1323 2635 1417 2663 non
1447 2635 1612 2675 parum
1634 2623 1805 2674 juvan-

181 2696 267 2728 tur.
290 2690 392 2731 Non
413 2693 534 2732 enim
555 2704 609 2732 ea
630 2699 831 2744 tantum,
856 2705 974 2745 quae
1002 2694 1061 2734 ad
1087 2705 1270 2734 morum
1297 2694 1635 2734 correctionem
1663 2695 1805 2745 perti-

180 2767 301 2811 nent,
324 2763 586 2803 vehementi
608 2764 771 2815 spiritu
792 2764 853 2804 ibi
874 2770 1029 2804 monet
1049 2764 1200 2813 Pater,
1224 2775 1388 2804 verum
1417 2765 1580 2814 etiam,
1605 2776 1722 2815 quae
1744 2765 1804 2805 ad

177 2831 484 2872 confutandas
504 2834 722 2874 haereses
742 2834 936 2884 faciunt,
961 2835 1240 2885 gravissime
1262 2841 1451 2875 tractat.

231 2942 237 2953 “
278 2941 312 2968 P.
329 2941 488 2970 Claudius
502 2944 604 2978 Jaius,
621 2946 674 2979 qui
692 2950 789 2972 sexta
806 2947 950 2980 Augusti
967 2947 1017 2973 die
1034 2947 1132 2980 huius
1153 2947 1230 2973 anni
1254 2947 1320 2973 1552
1343 2947 1501 2981 spii·itum
1523 2947 1668 2974 Domino
1687 2947 1797 2973 reddi-

181 2987 289 3016 derat.
