1987 3260
853 210 935 247 AN.
968 210 1053 247 1551
1695 211 1766 246 439

144 313 409 359 pugnantur
439 313 576 358 atque
597 307 918 357 defenduntur.
938 305 987 346 P.
1012 305 1252 356 Claudius,
1289 305 1395 357 quia
1423 305 1766 346 haereticorum

143 377 384 429 opiniones
411 377 469 417 ad
494 388 698 428 unguem
727 377 954 428 intelligit,
984 382 1029 416 et
1058 376 1285 427 singulari
1312 376 1514 427 quadam
1537 382 1636 416 arte
1659 388 1764 416 con-

143 447 274 499 futat,
298 448 400 488 ideo
422 448 558 488 valde
579 455 742 499 gratus
763 454 846 498 est,
870 459 955 488 nec
982 447 1028 487 id
1055 447 1166 487 facit
1191 447 1290 486 sine
1318 446 1493 496 fructu;
1523 446 1620 486 scio
1641 447 1764 486 enim

143 519 400 570 plerosque,
425 519 502 570 qui
522 530 616 558 non
643 519 806 559 leviter
832 517 1185 558 lutheranorum
1214 517 1578 569 sophismatibus
1599 518 1762 557 irretiti

141 596 289 639 erant,
326 589 600 629 lectionibus
634 589 1120 639 confutationibusque
1154 586 1306 627 Patris
1345 587 1565 627 liberatos
1604 587 1763 627 fuisse.

142 659 268 699 Haec
288 659 432 700 ferme
454 667 559 700 sunt
579 671 698 711 quae
727 660 782 700 de
813 659 950 699 rebus
976 658 1168 708 nostris,
1200 664 1248 698 ut
1278 658 1325 697 in
1352 658 1425 698 his
1451 658 1693 709 principiis
1714 670 1763 697 se

140 730 326 780 habent,
351 730 595 770 scribenda
616 730 819 770 breviter
841 729 900 769 ad
920 728 1058 769 R.d²¹¹1¹
1078 728 1126 768 P.
1151 728 1208 768 V.
1232 728 1410 779 putavi.

218 800 395 850 Quibus
417 800 726 851 adjiciendum
746 811 930 852 quoque
950 799 1135 839 videtur
1156 810 1278 849 esse,
1312 805 1563 850 antequam
1585 798 1754 848 finiam,

138 882 228 920 quo
250 877 387 922 pacto
409 871 484 910 hic
512 882 624 921 erga
651 883 735 911 nos
763 881 922 910 omnes
952 869 1044 909 sint
1073 868 1241 909 affecti.
1271 868 1406 919 Quod
1427 869 1533 909 licet
1553 880 1640 908 nos
1660 880 1760 919 per-

139 952 303 991 parum
322 948 531 993 moveat,
557 953 725 993 operae
746 941 946 992 pretium
967 947 1123 980 tamen
1144 945 1233 990 est,
1256 939 1395 979 Rfiam
1415 939 1463 979 P.
1489 939 1546 979 V.
1573 939 1617 979 id
1641 951 1765 979 com>

137 1018 317 1062 pertum
338 1013 525 1052 habere.
549 1013 586 1052 E
606 1013 774 1064 populo
795 1011 980 1063 quidem
1006 1011 1140 1051 varia
1166 1011 1408 1050 variorum
1429 1021 1543 1061 erga
1564 1022 1649 1050 nos
1670 1016 1760 1050 stu-

137 1082 211 1122 dia
235 1082 460 1123 videmus.
483 1083 570 1123 Hic
592 1083 801 1133 miratur,
825 1083 899 1122 ille
919 1082 1096 1132 irridet,
1121 1082 1238 1121 alius
1258 1088 1527 1132 veneratur,
1551 1081 1761 1120 nonnulli

136 1160 179 1193 et
203 1154 279 1205 qui
307 1154 648 1194 haereticorum
668 1165 849 1193 veneno
871 1158 1035 1193 contra
1061 1152 1312 1203 religiones
1341 1152 1607 1203 exasperati
1635 1158 1759 1202 sunt,

136 1224 419 1264 clanculario
455 1224 704 1264 detrahunt
739 1231 876 1276 atque
910 1223 1137 1263 mordent.
1174 1223 1242 1263 Illi
1269 1229 1424 1262 autem
1451 1222 1528 1273 qui
1554 1223 1762 1262 melioris

136 1294 551 1346 splendidiorisque
580 1301 686 1334 sunt
714 1295 993 1334 conditionis
1022 1294 1075 1344 (si
1103 1306 1160 1334 ex
1188 1293 1521 1345 apparentibus
1547 1293 1694 1344 signis
1715 1300 1760 1333 et

135 1365 498 1405 circumstantiis
528 1365 736 1417 judicare
776 1365 904 1414 licet)
943 1365 1058 1405 satis
1092 1364 1316 1416 propitios
1353 1364 1479 1415 ipsos
1517 1363 1759 1404 habemus.

135 1435 373 1486 Quosdam
399 1442 555 1476 tamen
585 1448 642 1476 ex
671 1436 825 1476 animo
852 1436 985 1475 nobis
1012 1435 1266 1475 familiares
1295 1446 1542 1485 rerumque
1577 1440 1753 1474 nostra-

136 1518 238 1546 rum
261 1507 467 1547 solicitos
487 1512 781 1558 promotores
803 1513 930 1546 certo
953 1507 1138 1546 scimus.
1167 1506 1292 1546 Inter
1313 1517 1428 1557 quos
1450 1513 1519 1545 est
1540 1505 1672 1545 R.mus
1696 1504 1755 1544 D.

135 1577 341 1628 Legatus
362 1577 677 1629 Apostolicus,
702 1577 779 1629 qui
800 1577 1016 1629 quamvis
1038 1577 1156 1616 sciat
1175 1577 1314 1627 longe
1334 1577 1468 1627 plura
1488 1575 1759 1626 majoraque

135 1648 224 1688 sibi
243 1660 269 1687 a
290 1648 422 1688 nobis
443 1648 620 1699 deberi,
644 1660 785 1700 quam
812 1654 860 1688 ut
887 1659 1092 1700 unquam
1119 1647 1345 1687 solvendo
1375 1658 1477 1686 esse
1507 1647 1759 1698 possimus,

136 1719 338 1758 maxima
360 1725 516 1759 tamen
537 1719 688 1759 adhuc
708 1719 932 1759 beneficia
948 1717 1169 1759 Societati
1191 1717 1405 1758 conferre
1427 1718 1618 1768 cogitat;
1642 1717 1757 1757 dixit

134 1790 255 1829 enirn
275 1789 376 1829 R.d0
392 1789 441 1829 P.
467 1790 662 1830 Claudio
691 1802 760 1841 se,
791 1790 867 1829 ubi
896 1790 942 1829 in
971 1781 1157 1829 'Italiam
1186 1800 1407 1829 reversus
1437 1795 1579 1838 esset,
1610 1787 1757 1828 Colle-

132 1861 261 1911 gium
282 1860 477 1900 Bressae
495 1861 825 1901 instituturum.
849 1860 1104 1901 Confessus
1121 1865 1190 1899 est
1211 1859 1454 1910 aliquoties
1471 1858 1519 1898 P.
1544 1858 1755 1909 Claudio,

133 1943 224 1970 una
245 1938 288 1971 et
315 1932 504 1982 quidam
530 1932 709 1971 nobiles
737 1944 794 1971 ex
820 1931 966 1983 ipsius
994 1930 1183 1970 familia.
1213 1930 1370 1981 Nuper
1399 1941 1504 1969 cum
1532 1930 1760 1969 disces-zu·

133 2014 211 2041 rus
229 2008 350 2042 esset
367 2002 413 2041 in
429 2002 700 2042 Bohemiam
718 2014 822 2042 cum
839 2001 1056 2042 Seren.m0
1070 2001 1214 2052 Rege,
1233 2001 1393 2040 invisit
1410 2000 1539 2051 prius
1556 1999 1605 2039 P.
1624 2000 1758 2040 Clau—

133 2073 274 2123 dium,
299 2073 377 2124 qui
398 2073 598 2113 adversa
614 2073 882 2113 valetudine
909 2072 1118 2112 nonnihil
1144 2071 1401 2112 laborabat:
1434 2071 1674 2111 confessus
1694 2071 1757 2110 illi

132 2151 200 2184 est
218 2151 261 2184 et
283 2144 452 2184 fratres
469 2156 629 2184 omnes
646 2144 807 2184 ordine
828 2143 1160 2184 humanissime
1181 2143 1466 2194 complexus,
1491 2142 1603 2192 ipsis
1623 2142 1757 2182 bene—

133 2216 263 2255 dixit.
293 2214 363 2255 De
391 2215 503 2255 R.“¹0
525 2216 571 2254 in
592 2215 777 2255 Christo
809 2215 1042 2266 Episcopo
1073 2214 1379 2266 Laybacense
1400 2213 1509 2264 quid
1539 2224 1655 2264 opus
1688 2219 1757 2252 est

134 2286 319 2326 dicere?
354 2285 442 2336 Qui
477 2292 572 2325 tam
606 2291 874 2325 constanter
910 2292 953 2325 et
988 2285 1167 2325 fervide
1201 2295 1425 2335 praesens
1464 2284 1632 2323 absens
1671 2295 1757 2323 nos

133 2364 273 2406 amat,
298 2363 429 2396 curat
452 2368 506 2396 ac
527 2362 695 2404 tuetur,
720 2362 769 2396 ut
790 2368 960 2408 parens
988 2356 1153 2407 aliquis
1182 2367 1289 2395 suos
1316 2355 1448 2395 filios.
1472 2354 1567 2394 Vix
1589 2366 1757 2406 queam

132 2439 377 2467 numerare
412 2428 592 2479 quoties
625 2428 824 2478 regiam,
863 2439 968 2467 cum
1008 2426 1226 2467 Seren.mo
1259 2426 1388 2475 Rege
1422 2425 1568 2465 nostri
1611 2437 1753 2465 causa

132 2499 390 2547 locuturus,
433 2498 583 2538 adeat:
620 2498 800 2549 quoties
833 2497 1022 2537 domum
1055 2503 1265 2537 nostram
1298 2497 1484 2546 invisat,
1520 2496 1758 2546 sagaciter

132 2570 288 2609 omnia
308 2569 571 2620 perlustret,
594 2581 651 2608 ne
672 2569 781 2620 quid
801 2568 934 2608 nobis
955 2568 1072 2608 desit
1094 2575 1237 2607 curet.
1261 2566 1357 2607 Nec
1385 2567 1473 2606 hoc
1503 2566 1589 2606 sibi
1610 2566 1758 2606 credit

131 2650 231 2679 esse
254 2640 389 2690 satis,
421 2640 510 2679 nisi
531 2640 670 2679 etiarn
693 2638 815 2691 apud
837 2650 997 2679 omnes
1017 2644 1262 2689 magnates
1289 2637 1755 2677 honorificentissime

134 2710 293 2750 laudes
315 2716 501 2750 nostras
524 2711 655 2761 (quas
676 2722 761 2750 nos
777 2716 934 2750 tamen
955 2709 1043 2749 Dei
1059 2710 1214 2760 gratia
1235 2709 1423 2748 minime
1440 2708 1757 2758 agnoscimus)

133 2781 382 2830 praedicet,
406 2787 552 2821 totam
572 2780 853 2821 Societatem
880 2786 1176 2832 promoveat,
1210 2787 1253 2819 et
1283 2779 1341 2819 ad
1369 2778 1515 2818 nostri
1545 2789 1753 2817 amorem

132 2851 334 2891 inducat.
357 2851 499 2891 Venit
520 2863 851 2903 nonnunquam
868 2862 927 2891 ex
946 2851 1219 2901 improviso,
1243 2850 1491 2901 prandium
1511 2848 1753 2889 nobiscum

134 2929 414 2973 sumpturuS,
452 2923 698 2962 comitatus
729 2922 830 2962 aliis
859 2922 1043 2972 magnis
1077 2921 1206 2968 viris,
1243 2928 1339 2960 tum
1373 2920 1618 2971 religiosis,
1659 2926 1754 2958 tum

135 2993 463 3043 saecularibus,
483 3000 531 3033 ut
553 2994 754 3033 tenuitas
773 2993 920 3033 nostri
941 2993 1109 3042 vietuS,
1133 2999 1176 3032 et
1194 3004 1248 3032 ea
1265 2991 1525 3043 disciplina,
1550 3002 1687 3042 quam
1712 2991 1755 3029 in
