1987 3260
253 209 324 246 502
761 210 986 247 LirrERAE
1013 220 1313 252 QUADRIMESTR
1320 221 1368 247 Es

991 660 1178 713 CXIX

325 884 371 920 Ρ.
394 884 613 921 Adrianus
632 884 957 924 Adriaenssens

372 949 490 986 Patri
510 950 678 996 Ignatio
700 951 753 988 de
772 951 955 999 Loyola.

417 1014 629 1061 Lovanio,
649 1015 672 1052 8
690 1016 888 1061 Januarii
910 1016 999 1053 1552
1018 1016 1043 1051 ¹.

1024 1189 1120 1266 nTis

326 1366 489 1406 Gratia
511 1367 697 1407 Domini
719 1358 876 1408 Nostri
901 1367 1012 1420 Jesu
1038 1368 1119 1408 X.i
1149 1379 1254 1408 cum
1280 1367 1491 1407 omnibus
1521 1367 1668 1407 nobis.
1702 1366 1870 1406 Amen.

325 1437 658 1477 Amantissime
704 1438 842 1478 Pater
863 1451 869 1478 :
914 1439 1234 1479 intellexeram
1277 1438 1329 1478 20
1372 1437 1645 1487 Decembris
1688 1443 1874 1488 postam

246 1508 491 1558 quemdam
527 1509 585 1548 ad
618 1508 779 1548 urbem
806 1509 1139 1560 profecturum.
1171 1507 1248 1549 Sic
1279 1520 1559 1560 paraveram
1590 1508 1635 1547 17
1667 1506 1872 1558 ejusdem

244 1579 423 1618 litteras
443 1578 478 1629 2,
510 1590 625 1630 quas
652 1591 774 1619 nunc
806 1580 957 1630 mitto,
990 1580 1098 1631 quia
1126 1580 1198 1619 ille
1226 1587 1360 1631 posta
1389 1591 1479 1619 non
1508 1578 1591 1618 fuit
1618 1578 1869 1629 profectus.

242 1648 458 1689 Referam
479 1643 592 1700 ergo
614 1662 731 1701 quae
753 1651 929 1690 interea
951 1651 1254 1701 contigerint.

321 1719 490 1760 Rector
512 1719 647 1770 hujus
668 1721 1001 1760 Universitatis
1023 1722 1220 1760 multum
1241 1720 1473 1760 laboravit
1494 1726 1543 1759 ut
1560 1720 1767 1770 placaret
1784 1717 1870 1758 Re-

240 1796 447 1841 gentem,
484 1790 614 1842 cujus
648 1791 693 1830 in
728 1791 831 1831 aliis
865 1792 1030 1831 litteris
1065 1791 1336 1841 saepissime
1365 1791 1573 1840 memini,
1606 1789 1868 1829 inducendo

240 1860 452 1901 eumdem
471 1873 527 1900 ne
549 1866 711 1901 contra
733 1873 817 1901 nos
839 1867 918 1901 aut
939 1862 1014 1901 hic
1035 1868 1114 1901 aut
1135 1862 1181 1901 in
1207 1862 1338 1901 curia
1365 1861 1572 1911 Reginae
1604 1861 1869 1900 institueret

240 1932 379 1971 litem.
413 1931 598 1982 Regens
625 1943 738 1971 vero
774 1932 857 1972 suit
886 1939 1152 1982 contentus,
1177 1931 1255 1972 sed
1279 1933 1368 1971 hac
1390 1931 1676 1971 conditione:
1700 1936 1749 1970 ut
1778 1941 1867 1981 ego

241 2003 492 2042 scriberem
514 2002 693 2042 litteras
715 2003 878 2054 quibus
899 2003 1069 2043 fratres
1087 2004 1302 2053 emissos,
1322 2003 1368 2042 in
1383 2003 1556 2042 virtute
1574 2001 1864 2042 obedientiae

240 2085 513 2113 revocarem
531 2079 574 2112 et
591 2073 781 2113 eaedem
797 2073 884 2113 hae
900 2074 1082 2114 litterae
1098 2073 1395 2113 firmarentur
1410 2073 1560 2125 sigillo
1578 2072 1866 2113 Universita-

240 2145 319 2194 tis,
344 2150 387 2183 et
409 2145 473 2184 ita
494 2144 592 2195 ipse
612 2143 798 2195 Regens
820 2156 925 2184 cum
945 2144 1017 2184 his
1038 2145 1201 2184 litteris
1230 2145 1550 2196 insequeretur
1575 2144 1744 2184 fratres
1764 2154 1864 2183 eos-

239 2226 325 2265 que
345 2214 604 2254 reduceret.
628 2215 728 2265 Ego
749 2215 934 2266 saepius
956 2215 1015 2254 ad
1037 2215 1153 2255 haec
1170 2221 1213 2255 et
1231 2215 1397 2255 similia
1413 2215 1633 2266 respondi
1653 2225 1744 2254 non
1764 2225 1866 2254 esse

238 2285 284 2323 in
310 2296 413 2324 mea
434 2291 664 2335 potestate
692 2285 866 2336 aliquid
895 2285 1136 2336 injungere
1165 2286 1210 2325 in
1240 2286 1412 2325 virtute
1440 2285 1751 2335 obedientiae,
1779 2295 1867 2325 nec

237 2366 323 2394 nos
343 2365 446 2394 eam
467 2355 639 2394 habere
661 2356 1062 2405 consuetudinem;
1088 2356 1252 2396 deinde
1274 2356 1421 2396 dictos
1450 2355 1619 2395 fratres
1646 2367 1738 2395 non
1770 2366 1864 2395 am-

238 2425 356 2475 plius
377 2437 478 2465 esse
500 2426 582 2465 sub
606 2426 867 2466 obedientia
898 2438 1000 2466 mea
1028 2427 1109 2467 sed
1137 2425 1235 2478 ejus
1262 2438 1344 2467 seu
1372 2438 1534 2466 eorum
1561 2438 1667 2467 cum
1696 2426 1864 2477 quibus

239 2502 358 2536 sunt.
383 2495 472 2535 Sed
494 2496 582 2536 ista
604 2497 862 2547 intelligere
882 2504 1132 2548 nequeunt.
1155 2497 1264 2538 Post
1285 2498 1401 2537 haec
1422 2497 1544 2537 idem
1569 2497 1754 2548 Regens
1785 2507 1858 2535 ea-

240 2567 344 2606 dem
366 2567 558 2606 contulit
580 2578 685 2606 cum
706 2568 907 2618 quodam
929 2567 1119 2608 doctore
1140 2569 1424 2619 theologiae,
1449 2568 1586 2608 unico
1615 2567 1764 2607 amico
1786 2578 1865 2606 no-

239 2644 357 2687 stro,
382 2643 425 2677 et
447 2648 551 2676 cum
578 2637 814 2676 lachrimis
843 2639 987 2677 multa
1014 2638 1077 2677 illi
1105 2638 1240 2689 dixit,
1264 2639 1328 2678 ita
1355 2645 1404 2678 ut
1433 2638 1553 2678 idem
1581 2637 1745 2677 doctor
1771 2636 1868 2688 jam

297 2818 306 2837 ¹
346 2819 591 2853 Autographae
606 2819 744 2845 litterae
760 2820 902 2847 Adriani
919 2825 995 2848 sunt
1011 2821 1043 2848 in
1059 2822 1183 2855 duplici
1198 2822 1277 2849 solio
1298 2829 1328 2849 n.
1352 2822 1505 2849 moe-Ex
1526 2822 1593 2856 his,
1609 2825 1646 2849 ut
1661 2821 1764 2849 moris
1779 2825 1866 2855 erat,

243 2866 408 2899 quaedam
423 2867 590 2899 excerpsit
609 2866 774 2893 Polancus
789 2867 821 2893 in
840 2867 1022 2896 Societatis
1039 2869 1153 2896 domos
1175 2869 1448 2897 transmittenda.
1472 2869 1600 2897 Horum
1623 2873 1738 2897 autem
1752 2876 1869 2896 excer-

241 2915 375 2945 ptorum
391 2912 553 2939 habemus
569 2913 776 2946 exemplaria
792 2914 866 2940 duo:
882 2922 983 2942 unum
1007 2915 1039 2942 in
1064 2916 1225 2942 Historia
1247 2917 1362 2948 varia,
1387 2918 1453 2943 vol.
1481 2924 1500 2950 1,
1527 2917 1581 2944 fol.
1596 2917 1656 2949 29&
1673 2918 1819 2943 alterum
1835 2916 1868 2942 in

242 2958 492 2993 Cod.1551,sol.
507 2960 533 2986 5.

296 3004 310 3024 2
347 3006 416 3032 Eas
428 3006 531 3033 habes
544 3015 655 3041 supra,
671 3015 701 3034 n.
718 3007 784 3040 CX,
799 3015 876 3041 pag.
889 3008 950 3035 452.
