1987 3260
899 133 982 171 Au.
1015 132 1099 170 1551
1750 132 1820 169 415

192 227 574 277 confessionibus,
598 240 738 280 quam
754 229 800 270 in
821 230 998 280 schola,
1024 241 1164 281 quam
1185 228 1468 280 aperuimus,
1490 227 1548 268 ad
1569 239 1710 278 quam
1721 227 1818 279 jam

193 299 420 338 accedunt
453 299 767 350 quadraginta
802 306 846 341 et
881 301 1081 352 quinque
1115 299 1374 349 scholares,
1408 310 1604 350 quorum
1633 298 1818 350 quidem

192 374 322 408 tanta
343 375 387 409 et
415 381 597 410 morum
627 376 671 410 et
698 371 958 411 studiorum
987 376 1057 410 est
1084 370 1301 419 mutatio,
1335 375 1383 408 ut
1416 380 1576 409 omnes
1607 368 1818 420 obstupe—

191 445 338 479 scant.
363 439 509 480 Erant
532 441 655 480 enim
675 441 881 481 moribus
905 442 1151 492 depravati
1179 453 1234 480 ac
1261 439 1562 491 blasphemiis
1589 439 1818 479 omnibus-

191 521 278 560 que
299 509 488 560 flagitiis
508 510 672 559 dedit13
708 518 754 552 at
775 524 898 552 nunc
922 512 1091 552 horum
1117 511 1255 562 nihil,
1287 516 1424 562 prout
1452 511 1498 550 in
1519 510 1617 550 dies
1639 510 1816 561 experi-

190 586 344 620 mento
362 581 684 632 perspicimus,
705 583 920 623 retinent.
937 581 1057 623 Nam
1073 582 1113 622 si
1129 582 1231 633 quis
1248 581 1442 621 verbum
1461 580 1649 632 aliquod
1665 580 1817 620 minus

189 650 435 691 honestum
457 658 536 691 aut
558 653 852 693 mendacium
872 653 1116 705 depromit,
1136 659 1215 692 aut
1236 653 1388 703 legem
1409 651 1612 703 aliquam
1634 651 1818 701 collegii

189 721 579 772 transvrediatur,
604 730 674 763 est
695 724 772 774 qui
794 735 899 763 eum
928 723 1084 763 statim
1113 722 1234 774 apud
1262 727 1593 773 praeceptores
1623 721 1816 771 deferat;

188 792 243 831 de
266 804 356 843 quo
378 793 563 843 quidem
584 794 794 834 instituto
816 795 933 835 adeo
953 793 1175 845 gaudent,
1209 793 1325 833 adeo
1350 792 1654 832 aedificantur
1674 792 1817 831 homi—

187 874 283 912 1165,
308 869 353 902 61
374 875 428 903 60
450 864 602 914 magis
623 865 747 916 quod
768 865 1022 917 quidquam
1048 875 1132 915 pro
1154 875 1208 903 eo
1231 874 1423 903 munere
1445 874 1594 914 neque
1618 862 1815 913 exquiri-

186 944 290 973 mus
310 945 459 985 neque
481 941 718 986 optamus,
742 936 883 975 immo
914 935 1069 975 oblata
1099 935 1241 974 multa
1264 933 1513 984 rejicimus.
1536 932 1656 973 Nam
1677 944 1817 984 saepe

187 1004 415 1055 contingit
435 1012 483 1045 111
505 1017 754 1057 puerorum
774 1012 931 1058 patres
952 1005 1011 1046 ad
1027 1018 1113 1046 nos
1134 1006 1287 1056 aliqua
1305 1015 1499 1044 munera
1514 1004 1714 1053 mittant,
1735 1003 1815 1043 sed

186 1087 481 1127 nequaquam
502 1077 804 1127 recipiuntur.
830 1077 992 1117 Altera
1014 1077 1087 1117 die
1109 1082 1264 1116 tamen
1291 1075 1505 1115 effectum
1536 1080 1604 1115 est
1634 1081 1682 1114 ut
1711 1085 1817 1114 cum

186 1144 373 1195 quidam
394 1156 583 1184 servum
603 1157 739 1185 suum
761 1157 866 1186 cum
884 1158 1073 1186 munere
1095 1146 1296 1186 mitteret
1318 1144 1377 1184 ad
1396 1156 1501 1194 nos,
1536 1156 1590 1184 ac
1622 1155 1814 1183 reverso

185 1215 272 1266 ipsi
293 1216 490 1254 alterum
509 1216 785 1267 remitteret,
810 1217 888 1268 qui
909 1223 1060 1257 astute
1092 1216 1217 1256 domi
1244 1222 1433 1256 nostrae
1464 1221 1508 1255 et
1537 1215 1659 1254 clam
1681 1226 1815 1254 suum

185 1285 396 1336 deposuit
431 1297 612 1326 munus.
649 1286 929 1327 Asserentes
964 1287 1041 1328 alii
1078 1286 1121 1326 id
1159 1287 1382 1326 scandalo
1418 1297 1519 1325 esse
1553 1285 1675 1336 quod
1705 1286 1819 1325 nihil

182 1356 431 1407 quicquam
453 1357 753 1408 accipiamus,
778 1358 838 1398 ad
858 1369 944 1398 nos
968 1358 1198 1398 accedunt
1220 1369 1445 1408 suamque
1468 1368 1659 1408 operam
1674 1356 1815 1396 facul-

184 1433 394 1479 tatesque
415 1428 715 1479 pollicentur;
740 1428 859 1468 111161
880 1440 997 1479 01105
1023 1428 1112 1467 duo
1140 1428 1436 1479 potissimum
1468 1433 1574 1466 sunt
1601 1427 1679 1477 qui
1706 1438 1820 1467 suos

182 1497 299 1538 filios
321 1497 542 1538 Societati
563 1499 675 1538 dare
691 1504 962 1550 peroptant,
988 1510 1186 1550 quorum
1208 1510 1347 1548 unus,
1373 1510 1508 1549 quem
1531 1498 1717 1537 unicum
1740 1497 1818 1537 ha-

182 1568 319 1615 bebat
340 1569 504 1619 filium,
528 1569 686 1609 multis
706 1569 956 1609 Virtutibus
978 1569 1251 1608 decoratum
1275 1580 1329 1608 ac
1352 1574 1504 1608 aetate
1526 1574 1815 1619 provectum,

184 1652 209 1679 a
232 1640 365 1679 nobis
391 1640 537 1691 recipi
558 1640 761 1691 quaerit;
787 1640 905 1680 alter
931 1645 1026 1679 tres
1048 1651 1164 1691 quos
1183 1639 1411 1690 possidet,
1435 1639 1644 1689 libenter,
1668 1639 1706 1678 si
1735 1650 1818 1690 per

182 1716 383 1750 aetatem
416 1710 596 1761 liceret,
637 1709 860 1751 Societati
898 1710 1111 1750 donaret.
1148 1711 1219 1750 Ex
1254 1711 1343 1750 hac
1375 1716 1499 1750 certe
1527 1709 1685 1749 schola
1717 1710 1818 1750 Deo

182 1781 369 1832 Optimo
401 1781 605 1822 Maximo
640 1793 841 1831 magnos
876 1794 963 1822 nos
999 1782 1220 1833 colligere
1249 1793 1304 1821 ac
1335 1781 1612 1821 collecturos
1639 1780 1819 1820 fructus

182 1864 274 1891 non
297 1852 575 1892 dubitamus.

260 1922 375 1962 Sunt
397 1923 443 1962 in
465 1935 519 1963 ea
540 1935 598 1963 ex
614 1923 837 1964 fratribus
854 1923 944 1964 duo
965 1930 1311 1976 praeceptores,
1331 1923 1409 1974 qui
1427 1922 1640 1962 diversas
1656 1923 1817 1973 legunt

179 1994 417 2033 lectiones.
443 1993 731 2034 Observatur
753 1995 799 2034 in
820 2007 875 2035 ea
897 1995 1034 2045 ordo,
1069 1995 1147 2046 qui
1176 1994 1353 2045 passim
1379 1993 1425 2032 in
1453 1992 1688 2033 Societate
1720 2005 1813 2033 ser-

181 2065 283 2104 vari
305 2065 491 2114 scimus,
513 2076 693 2116 nempe,
714 2071 762 2105 ut
779 2065 1047 2105 scholastici
1069 2066 1235 2105 saltem
1254 2065 1438 2115 singulo
1457 2075 1638 2115 quoque
1656 2076 1814 2104 mense

180 2135 501 2186 confiteantur,
527 2137 603 2187 qui
624 2143 668 2176 et
693 2135 790 2187 jam
810 2137 880 2176 bis
903 2136 1104 2176 confessi
1121 2142 1249 2185 sunt3
1272 2135 1495 2175 lectiones
1526 2135 1809 2175 christianae

179 2206 419 2246 doctrinae
440 2218 495 2246 ac
517 2207 564 2246 in
585 2208 757 2258 templo
779 2207 1043 2257 conciones,
1063 2206 1260 2257 singulis
1281 2205 1412 2245 festis
1434 2217 1460 2244 a
1477 2205 1615 2244 Patre
1631 2205 1813 2257 Joanne

181 2277 345 2328 factas,
369 2277 680 2328 frequentant,
704 2289 823 2329 quae
846 2277 1097 2317 conciones
1118 2288 1301 2317 summa
1323 2287 1429 2316 cum
1450 2276 1716 2316 auditorum
1739 2288 1810 2316 ae-

181 2347 448 2387 dificatione
469 2348 598 2388 fiunt.

258 2418 302 2458 V
307 2419 524 2458 isitantur
541 2418 638 2459 fere
659 2419 863 2470 quotidie
880 2418 1187 2468 xenodochia,
1209 2418 1255 2457 111
1271 2418 1437 2468 quibus
1453 2417 1592 2457 Pater
1608 2417 1806 2457 Pascha-

178 2489 274 2529 sius
294 2490 464 2529 multas
485 2489 613 2529 audit
635 2489 950 2529 confessiones
972 2499 1144 2539 magno
1166 2500 1271 2528 cum
1291 2487 1466 2538 fructU,
1498 2500 1607 2528 nam
1638 2490 1810 2528 multas

179 2572 203 2598 a
227 2559 452 2600 daemone
470 2560 651 2600 animas
672 2559 795 2611 quod
816 2559 1074 2611 abrepserit
1096 2559 1273 2599 dubitat
1295 2570 1447 2598 nemo.
1468 2558 1667 2609 Quidam
1685 2560 1808 2599 enim

178 2642 284 2670 cum
306 2631 352 2670 in
372 2638 561 2682 gutture
582 2631 752 2671 vulnus
773 2631 1054 2682 accepisset,
1079 2630 1295 2681 quamvis
1325 2641 1408 2680 per
1429 2630 1636 2669 vulneris
1662 2631 1807 2681 spira-

178 2702 302 2741 mina
329 2703 524 2753 loquens
558 2702 785 2750 sibilaret,
815 2701 1047 2752 edensque
1078 2700 1207 2740 cibus
1236 2701 1402 2751 exiret,
1433 2701 1559 2740 nullo
1588 2701 1725 2740 modo
1756 2708 1805 2741 ut

178 2772 361 2812 inimico
384 2773 666 2824 relinqueret
687 2771 912 2811 offensam
932 2771 1203 2823 persuaderi
1224 2776 1422 2822 poterat;
1442 2783 1606 2811 verum
1628 2772 1808 2812 invisus

177 2843 233 2882 ab
266 2843 366 2893 ipso
396 2843 558 2893 Patre,
588 2855 670 2894 per
705 2842 793 2882 Dei
827 2842 1052 2893 gratiam,
1089 2841 1286 2881 salutem
1321 2841 1516 2892 adeptus
1554 2848 1637 2882 est.
1674 2842 1809 2883 Alter

177 2913 413 2963 sacerdos,
433 2925 539 2953 cum
556 2918 677 2953 esset
699 2913 756 2952 ob
774 2918 1075 2964 peccatorum
1094 2912 1362 2963 congeriem
1379 2912 1434 2951 de
1454 2913 1640 2964 propria
1658 2915 1807 2954 salute
