1987 3260
215 155 285 192 288
721 155 948 191 LlT'rERAE
974 165 1328 198 QUADleESTRES

216 251 323 291 dam
344 251 580 301 meretrix,
609 263 667 291 ex
693 256 790 291 toto
818 250 957 290 corde
988 250 1047 290 ad
1068 250 1304 291 Christum
1338 262 1568 290 conversa
1596 256 1684 301 est,
1714 263 1836 302 quae

216 322 372 362 multis
398 334 504 362 cum
523 321 777 373 lachrymis
803 327 966 372 postea
993 321 1053 361 ad
1079 333 1186 371 nos,
1217 321 1463 361 confitendi
1490 321 1665 372 gratia,
1695 332 1835 372 saepe

217 392 349 432 redit.

297 463 548 515 Cujusdam
568 463 717 501 bonae
737 468 977 502 matronae
998 462 1140 510 filius,
1165 462 1242 513 qui
1259 461 1353 513 jam
1380 474 1461 513 per
1489 474 1637 502 annos
1659 462 1835 514 aliquot

216 546 304 574 usu
323 534 518 574 rationis
538 533 751 584 privatus
770 532 943 584 fuerat,
970 544 1051 584 per
1078 532 1167 572 Dei
1193 532 1396 583 gratiam
1418 533 1605 573 omnino
1628 532 1686 572 ad
1714 533 1834 573 sani-

216 610 359 644 tatem
388 609 456 643 est
483 603 745 653 restitutuS,
776 608 819 643 et
846 615 952 643 curn
978 603 1081 643 aliis
1113 603 1332 642 studiosis
1361 602 1420 642 ad
1450 602 1763 643 confitendum
1791 609 1835 643 et

217 674 652 715 communicandum
672 674 867 724 singulis
882 673 1185 713 hebdomadis
1206 685 1254 712 se
1276 672 1442 713 devote
1463 679 1734 724 praeparat.

296 746 493 796 Quidam
514 745 710 785 studiosi
730 744 789 784 ad
808 744 1048 795 religionis
1068 744 1329 795 ingressum
1351 743 1526 783 inducti
1542 750 1662 792 sunt,
1682 745 1760 796 qui
1777 745 1836 784 ad

217 816 562 856 carthusienses
583 827 631 855 se
650 816 959 855 contulerunt.

296 886 623 927 Confitentium
644 897 864 926 numerus
884 885 1088 937 quotidie
1110 891 1329 936 augetur,
1357 891 1442 925 etc.

295 957 396 997 Hac
432 964 556 996 certe
596 956 955 1007 quadragesima
988 966 1159 1006 magna
1192 955 1277 995 fuit
1311 955 1626 995 studiosorum
1662 955 1721 995 ad
1759 967 1837 995 no-

217 1033 339 1067 stras
366 1027 504 1067 aedes
530 1027 802 1078 frequentia,
834 1026 1081 1066 confitendi
1112 1038 1166 1066 ac
1202 1026 1495 1075 consulendi,
1520 1026 1595 1065 vel
1622 1025 1731 1065 boni
1759 1026 1840 1065 ali-

217 1098 327 1149 quid
347 1098 563 1137 audiendi
584 1097 758 1148 gratia;
781 1109 867 1137 nec
888 1108 1036 1148 parvo
1057 1108 1164 1136 cum
1188 1096 1343 1136 fructu
1371 1097 1436 1136 eis
1465 1096 1639 1147 aliquid
1659 1102 1835 1147 tempo—

216 1169 280 1208 ris
314 1174 383 1208 est
416 1169 690 1219 impensum.
727 1167 872 1219 Spero
907 1168 1074 1207 multas
1109 1167 1288 1207 animas
1318 1166 1502 1207 Christo
1532 1171 1834 1217 recuperatas

217 1250 318 1278 esse
340 1250 420 1290 per
442 1239 587 1289 ipsius
613 1239 831 1289 gratiam.
859 1239 983 1278 Inter
1016 1238 1133 1278 alios
1166 1238 1354 1289 quidam
1380 1237 1585 1287 fuerunt,
1616 1237 1693 1288 qui
1713 1243 1838 1277 totos

216 1310 383 1360 Viginti
403 1311 478 1350 vel
498 1310 689 1360 triginta
711 1321 859 1349 annos
879 1310 938 1349 ad
958 1308 1271 1349 confitendum
1297 1320 1390 1348 non
1418 1314 1736 1358 accesserant,
1761 1309 1837 1359 qui

217 1387 372 1421 tamen
392 1381 538 1420 vitam
559 1381 746 1420 omnino
768 1381 1003 1430 corrigere
1023 1386 1378 1431 proposuerunt.

296 1450 501 1502 Singulis
522 1451 764 1491 dominicis
785 1451 946 1491 diebus
967 1451 1083 1490 duas
1098 1450 1448 1490 exhortationes
1464 1449 1619 1499 habui,
1640 1455 1684 1488 et
1706 1455 1838 1489 sexta

216 1522 332 1562 feria
360 1528 549 1562 sanctae
566 1521 897 1573 giebdomadae
924 1533 1006 1572 per
1041 1526 1237 1572 quatuor
1266 1521 1405 1560 horas
1442 1519 1614 1571 aliquid
1645 1520 1699 1559 de
1729 1518 1838 1558 Pas-

218 1595 346 1632 sione
368 1592 541 1633 Christi
561 1593 658 1632 dixi
678 1604 783 1632 cum
803 1604 974 1643 magna
995 1591 1234 1632 hominum
1254 1591 1595 1631 satisfactione:
1626 1590 1837 1641 sequenti

218 1663 291 1703 die
325 1669 369 1703 et
406 1670 542 1703 nocte
581 1663 887 1703 solemnitatis
921 1663 1161 1703 Paschalis
1196 1661 1563 1702 confessionibus
1598 1660 1840 1700 audiendis

217 1736 402 1775 vacavi.

297 1806 454 1846 Mense
475 1806 671 1857 Aprilis,
704 1806 915 1856 corporis
933 1805 1167 1845 debilitate
1193 1804 1454 1855 impeditus,
1478 1804 1651 1843 nullam
1672 1802 1837 1843 exhor-

218 1877 442 1916 tationem
462 1877 509 1916 in
534 1877 716 1928 publico
744 1877 916 1917 habere
946 1876 1096 1927 potui:
1129 1876 1253 1915 domi
1280 1881 1435 1914 tamen
1465 1880 1654 1913 nostrae
1682 1874 1839 1913 multis

218 1947 586 1987 confessionibus
613 1948 856 1987 audiendis
883 1953 927 1987 et
954 1946 1231 1998 quibusdam
1256 1945 1551 1996 generalibus
1582 1950 1837 1995 occupatus

216 2018 299 2065 fui,
324 2024 368 2058 et
390 2018 501 2057 mihi
528 2019 723 2058 multum
752 2018 904 2057 solatii
938 2017 1062 2057 dedit
1081 2017 1206 2056 vitae
1233 2017 1352 2056 male
1377 2016 1517 2067 prius
1534 2021 1667 2055 actae
1688 2015 1736 2055 in
1758 2015 1834 2054 bo-

215 2099 323 2128 nam
342 2089 557 2138 mutatio,
581 2100 720 2139 quam
741 2089 787 2128 in
809 2087 1084 2139 quibusdam
1105 2093 1324 2138 expertus
1346 2098 1461 2126 sum.

293 2158 441 2210 Saepe
462 2159 521 2198 ad
542 2159 747 2199 infirmos
767 2171 914 2199 vocor
932 2164 976 2198 et
997 2170 1076 2198 eos
1097 2158 1174 2209 qui
1192 2157 1368 2197 obsessi
1384 2163 1605 2208 putantur
1624 2168 1631 2196 :
1650 2157 1835 2208 quando

216 2230 327 2280 ipsis
349 2230 536 2280 adsum,
561 2229 648 2269 Dei
669 2230 844 2280 gratia,
869 2229 1031 2269 melius
1052 2229 1237 2268 habent.

293 2300 530 2340 Habemus
548 2300 732 2351 quidem
748 2300 1059 2349 adversarios,
1080 2299 1161 2339 sed
1178 2300 1333 2350 plures
1350 2304 1739 2349 propugnatores,
1761 2298 1835 2348 qui

215 2370 555 2410 detrahentium
577 2383 659 2410 ora
678 2371 854 2411 faciant
875 2372 1209 2410 obmutescere.

294 2441 504 2480 Misimus
532 2441 729 2481 Romam
759 2441 843 2480 13.a
876 2441 1031 2481 martii
1068 2440 1393 2480 charissimum
1427 2439 1619 2479 fratrem
1652 2438 1831 2478 Baldui-

213 2521 322 2548 num
346 2509 355 2527 ¹
378 2521 482 2549 cum
502 2510 650 2550 tribus
672 2511 773 2549 aliis
794 2510 1031 2560 studiosis,
1056 2509 1133 2561 qui
1154 2508 1286 2548 donis
1308 2509 1393 2548 Dei
1414 2520 1507 2548 non
1535 2513 1837 2548 contemnen—

215 2580 285 2619 dis
306 2586 412 2620 sunt
433 2580 596 2620 dotati.

292 2650 386 2691 Sub
412 2650 615 2702 Augusti
646 2651 782 2691 finem
807 2658 902 2691 tres
930 2652 1004 2691 vel
1033 2658 1231 2703 quatuor
1261 2658 1339 2690 aut
1378 2650 1495 2690 forte
1534 2650 1708 2700 plures,
1747 2649 1828 2699 qui

213 2721 410 2771 praediti
431 2721 570 2761 etiam
591 2727 697 2761 sunt
717 2722 1007 2761 naturalibus
1033 2721 1120 2761 Dei
1147 2722 1279 2761 donis
1299 2733 1391 2760 non
1412 2719 1725 2760 mediocribus
1744 2751 1751 2768 ,
1779 2719 1837 2758 ad

271 2856 278 2875 ¹
318 2856 492 2883 Baudouin
518 2856 667 2890 Delange
692 2856 747 2890 (ab
773 2857 927 2890 Angelo),
949 2859 988 2883 ne'
1015 2858 1034 2883 Ξῑ
1056 2856 1160 2891 Liege
1184 2864 1224 2883 en
1251 2857 1330 2887 1535,
1357 2856 1463 2883 admis
1488 2857 1505 2882 a
1530 2855 1685 2882 Louvain
1701 2862 1741 2881 en
1759 2854 1837 2886 1551,

213 2908 299 2930 mort
316 2905 335 2929 ῐι
346 2903 449 2936 Liege
467 2911 505 2929 en
522 2903 597 2936 16013
616 2904 637 2930 il
653 2903 701 2930 fut
716 2909 848 2930 rectem·
864 2905 883 2930 ῑι
897 2903 1118 2937 Saint-Omer,
1135 2905 1153 2930 a
1168 2903 1322 2931 Louvain
1339 2926 1343 2936 ‚
1363 2906 1380 2930 a
1396 2903 1515 2937 Licge,
1540 2906 1573 2929 et
1588 2901 1777 2937 provincial
1795 2901 1833 2927 de

215 2950 375 2984 Belgique
393 2951 430 2976 de
451 2951 511 2976 1571
531 2950 878 2981 {11585.-D1‹3LPLA‹:1‹1,
899 2952 918 2977 l.
935 2959 965 2978 c.
