1987 3260
923 189 1008 226 AN.
1038 189 1130 227 1548
1795 195 1843 233 79

205 270 408 310 *virtutis
429 283 455 310 a
484 271 705 312 ciascuno
737 272 821 313 che
851 272 974 313 fosse
1001 274 1222 314 mandato
1250 275 1310 315 da
1329 275 1388 315 V.
1420 275 1472 316 R.
1504 276 1622 317 Dico
1653 278 1774 330 dopo
1795 280 1841 319 13

209 340 349 391 4O.11²³,
374 341 544 393 perche
565 343 732 384 adesso
753 349 870 384 tutte
890 344 931 384 le
952 344 1123 395 chiese,
1149 344 1318 396 grandi
1339 351 1383 386 et
1402 346 1596 397 piccole,
1621 359 1736 389 sono
1758 350 1838 400 gia

209 412 466 462 provedute
487 413 535 452 di
549 413 833 464 predicatori
849 420 893 454 et
909 415 956 454 in
973 416 1122 466 quelle
1137 415 1292 456 chiese
1313 427 1407 456 non
1428 427 1477 457 se
1494 428 1551 457 ne
1567 418 1720 468 potria
1735 431 1834 470 pre-

207 482 362 532 dicar;
388 494 463 523 ma
489 483 609 535 dopo
631 485 675 525 la
697 484 855 525 40.mai
883 486 1065 536 pergoli
1091 486 1279 526 sariano
1306 487 1459 537 vacui,
1483 492 1529 527 et
1555 488 1630 527 all’
1656 489 1773 529 hora
1793 491 1833 531 si

208 552 401 594 haveria
430 556 713 596 commodita
742 556 787 596 di
815 556 969 596 chiese
996 561 1040 596 et
1069 557 1205 596 luoco
1236 568 1412 608 capace
1439 557 1499 598 da
1525 558 1769 610 predicare
1788 562 1832 600 31

207 624 378 675 popolo
401 636 427 664 a
448 625 674 666 beneficio
702 627 818 666 delle
847 627 1014 666 anime.
1044 626 1095 666 In
1117 625 1290 667 Pistoia
1316 638 1410 668 non
1436 628 1556 668 vedo
1583 632 1641 669 ne
1666 630 1746 670 via
1774 636 1832 672 n’e

206 695 343 735 modo
365 696 450 736 che
473 708 553 747 per
570 697 737 737 adesso
754 698 793 738 si
809 709 949 749 possa
964 697 1038 737 far
1054 697 1198 738 srutto
1216 709 1299 749 per
1315 709 1470 739 essere
1484 705 1600 740 tutte
1616 700 1658 740 le
1675 700 1832 742 chiese

205 766 484 807 similmente
506 779 637 808 come
657 769 704 808 in
730 767 870 808 Prato
890 769 1150 820 provedute
1177 768 1223 809 di
1248 768 1550 821 predicatori;
1585 776 1630 810 et
1655 771 1684 810 l'
1715 772 1834 812 altro

207 837 536 888 impedimento
558 843 582 879 e
601 851 665 879 ex
678 843 820 890 parte
841 839 986 879 chela
1002 845 1164 879 nostra
1181 839 1473 891 Compagnia
1488 851 1582 880 non
1599 845 1624 880 e
1644 842 1734 882 ben
1754 855 1832 883 vo-

209 908 317 948 luta.
343 908 435 948 Sed
456 909 510 948 de
531 909 607 948 his
626 909 867 950 hactenus.

285 977 412 1019 Vero
434 983 458 1019 e
486 979 572 1019 che
600 981 646 1020 in
673 981 872 1032 qualche
898 981 1153 1021 monistero
1180 982 1220 1022 si
1246 985 1383 1033 potra
1411 981 1484 1022 far
1516 983 1713 1034 qualche
1739 995 1833 1025 ser-

204 1061 354 1099 mone,
385 1061 516 1090 come
537 1051 657 1091 vedo
678 1062 804 1092 esser
826 1052 853 1091 l’
884 1052 1100 1103 opinione
1129 1052 1201 1092 del
1227 1058 1389 1092 nostro
1416 1052 1666 1105 Episcopo,
1697 1056 1832 1106 quale

204 1121 267 1160 mi
286 1120 330 1160 fa
352 1121 521 1172 grandi
541 1133 732 1162 carezze
753 1128 796 1162 et
818 1123 881 1164 mi
900 1123 1021 1162 tiene
1037 1123 1296 1163 volentieri.

278 1190 465 1232 Inostri
495 1191 725 1232 fiorentini
745 1205 839 1233 non
865 1193 908 1233 ci
937 1194 1145 1234 lasciano
1174 1200 1313 1245 stare,
1343 1195 1430 1234 che
1455 1207 1639 1247 sempre
1666 1197 1709 1237 ci
1734 1209 1830 1237 mo-

200 1263 378 1301 lestano
401 1273 491 1302 con
512 1274 594 1302 sue
615 1264 799 1314 lettere,
823 1270 867 1304 et
884 1275 975 1304 una
998 1264 1224 1304 cittadina
1242 1269 1266 1305 e
1281 1265 1455 1317 partita
1473 1266 1532 1306 da
1551 1267 1765 1319 Firenza,
1784 1274 1830 1308 et

195 1336 221 1371 e
242 1338 415 1372 venuta
439 1345 466 1372 a
487 1333 628 1374 Prato
651 1335 710 1374 ad
730 1335 862 1375 udire
883 1334 939 1375 de
959 1336 1107 1375 nostri
1129 1336 1346 1376 sermoni.

276 1403 427 1443 Penso
450 1404 537 1444 che
559 1405 617 1445 V.
642 1405 695 1445 R.
722 1406 899 1446 havera
920 1407 1028 1446 dato
1046 1407 1249 1458 risposta
1265 1419 1292 1447 a
1309 1408 1445 1458 quelli
1464 1407 1511 1448 di
1531 1407 1576 1449 S,
1597 1409 1824 1462 Lorenzo‚

196 1474 321 1525 quali
343 1475 500 1514 hanno
522 1474 648 1515 detto
670 1476 756 1516 che
778 1482 1022 1528 aspettano
1040 1477 1241 1528 risposta
1262 1490 1345 1529 per
1365 1478 1409 1518 13
1425 1479 1504 1519 via
1525 1479 1571 1519 di
1591 1478 1733 1520 Siena
1749 1481 1826 1521 dal

193 1543 294 1584 R.d0
324 1544 397 1585 P.e
418 1545 475 1585 D.
502 1545 672 1596 Giac.⁰,
697 1548 740 1586 al
761 1548 895 1598 quale
913 1559 1044 1588 come
1064 1559 1209 1599 penso
1227 1548 1500 1589 haveranno
1517 1550 1696 1591 scritto.

274 1615 317 1655 A
338 1616 395 1656 V.
427 1616 480 1656 R.
511 1617 700 1668 piacera
733 1619 1169 1658 raccommandarci
1196 1619 1284 1659 alle
1311 1620 1512 1660 orationi
1538 1621 1645 1661 delli
1673 1622 1824 1663 nostri

194 1686 333 1726 Padri
354 1694 398 1727 et
423 1689 643 1739 precipue
665 1688 724 1728 M.
751 1688 1006 1736 Girolamo,
1032 1689 1245 1729 ministro
1266 1690 1311 1729 di
1332 1701 1457 1741 casa,
1481 1696 1526 1731 et
1546 1691 1588 1731 d'
1612 1692 1643 1731 11
1660 1698 1822 1733 nostro

194 1756 253 1797 M.
278 1758 529 1799 Benedetto
551 1771 844 1810 parmesano,
870 1766 914 1800 et
935 1760 980 1800 di
1001 1760 1107 1800 tutti
1126 1761 1191 1811 gli
1212 1761 1334 1801 altri.

270 1829 330 1869 Di
352 1830 409 1870 V.
434 1829 486 1870 R.
514 1830 717 1881 indegno
740 1843 878 1871 servo
896 1831 942 1871 in
965 1831 1104 1872 Chro.

1129 1973 1391 2025 GIROLAMO,
1417 1974 1509 2016 Ott.
1534 1987 1603 2028 ps.

267 2185 311 2225 A
333 2185 377 2224 (11
403 2185 449 2224 19
470 2185 514 2225 di
537 2186 748 2226 Gennaio
775 2184 888 2235 1548,
914 2185 960 2225 in
980 2185 1134 2225 Prato.

267 2256 633 2307 Sztperscm'ptz'o.
660 2256 720 2296 Al
742 2257 886 2296 molto
907 2255 1007 2295 R.d0
1033 2255 1094 2295 M.
1119 2256 1355 2296 Giovanni
1377 2257 1434 2297 de
1454 2257 1672 2309 Polanc0,
1696 2258 1818 2299 della

187 2326 479 2378 Compagnia
501 2327 546 2367 di
565 2327 668 2380 Jhu.
694 2328 741 2367 in
762 2326 924 2378 Roma,
951 2339 977 2366 a
999 2326 1045 2367 S.
1070 2327 1218 2367 Maria
1240 2327 1361 2367 della
1381 2326 1566 2379 strada,
1589 2340 1814 2380 appresso

186 2397 230 2437 S.
256 2397 432 2438 Marco.

266 2469 329 2509 Et
351 2469 558 2509 Polaucz‘
574 2481 716 2509 manu
734 2482 748 2509 .·
770 2469 925 2510 Prato.
950 2470 1237 2509 Hieronimo.
1265 2469 1312 2508 19
1332 2469 1388 2509 de
1409 2470 1561 2510 Enero
1587 2470 1703 2513 1548.

264 2540 328 2580 Et
349 2540 445 2579 alsa
462 2551 476 2579 .·
497 2539 619 2580 Nihil
640 2553 723 2592 pro
744 2541 955 2582 historia.
