<?xml version="1.0" encoding="UTF-8"?>
<!DOCTYPE html PUBLIC "-//W3C//DTD XHTML 1.0 Transitional//EN"
    "http://www.w3.org/TR/xhtml1/DTD/xhtml1-transitional.dtd">
<html xmlns="http://www.w3.org/1999/xhtml" xml:lang="en" lang="en">
 <head>
  <title>
</title>
<meta http-equiv="Content-Type" content="text/html;charset=utf-8" />
  <meta name='ocr-system' content='tesseract 3.04.00' />
  <meta name='ocr-capabilities' content='ocr_page ocr_carea ocr_par ocr_line ocrx_word'/>
</head>
<body>
  <div class='ocr_page' id='page_1' title='image "./litteraequadrime1301lain_0347.png"; bbox 0 0 1987 3260; ppageno 0'>
   <div class='ocr_carea' id='block_1_1' title="bbox 882 209 1781 249">
    <p class='ocr_par' dir='ltr' id='par_1_1' title="bbox 882 209 1781 249">
     <span class='ocr_line' id='line_1_1' title="bbox 882 209 1781 249; baseline 0.002 -3"><span class='ocrx_word' id='word_1_1' title='bbox 882 209 963 247; x_wconf 84' lang='lat' dir='ltr'>AN.</span> <span class='ocrx_word' id='word_1_2' title='bbox 995 209 1078 247; x_wconf 71' lang='lat'>1551</span> <span class='ocrx_word' id='word_1_3' title='bbox 1716 213 1781 249; x_wconf 61' lang='lat'>341</span> 
     </span>
    </p>
   </div>
   <div class='ocr_carea' id='block_1_2' title="bbox 908 589 1042 643">
    <p class='ocr_par' dir='ltr' id='par_1_2' title="bbox 908 589 1042 643">
     <span class='ocr_line' id='line_1_2' title="bbox 908 589 1042 643; baseline 0.015 -2"><span class='ocrx_word' id='word_1_4' title='bbox 908 589 1042 643; x_wconf 83' lang='lat' dir='ltr'>XCI</span> 
     </span>
    </p>
   </div>
   <div class='ocr_carea' id='block_1_3' title="bbox 232 812 878 989">
    <p class='ocr_par' dir='ltr' id='par_1_3' title="bbox 232 812 878 989">
     <span class='ocr_line' id='line_1_3' title="bbox 232 812 864 851; baseline 0.003 -3"><span class='ocrx_word' id='word_1_5' title='bbox 232 814 277 848; x_wconf 68' lang='grc'>1).</span> <span class='ocrx_word' id='word_1_6' title='bbox 300 812 521 850; x_wconf 82' lang='lat' dir='ltr'>Adrianus</span> <span class='ocrx_word' id='word_1_7' title='bbox 541 813 864 851; x_wconf 82' lang='lat' dir='ltr'>Adriaenssens</span> 
     </span>
     <span class='ocr_line' id='line_1_4' title="bbox 283 877 860 925; baseline 0 -12"><span class='ocrx_word' id='word_1_8' title='bbox 283 877 397 914; x_wconf 79' lang='lat' dir='ltr'>Patri</span> <span class='ocrx_word' id='word_1_9' title='bbox 416 877 584 924; x_wconf 84' lang='lat' dir='ltr'>Ignatio</span> <span class='ocrx_word' id='word_1_10' title='bbox 605 878 658 915; x_wconf 91' lang='lat' dir='ltr'>de</span> <span class='ocrx_word' id='word_1_11' title='bbox 678 878 860 925; x_wconf 86' lang='lat' dir='ltr'>Loyola.</span> 
     </span>
     <span class='ocr_line' id='line_1_5' title="bbox 326 942 878 989; baseline 0 -10"><span class='ocrx_word' id='word_1_12' title='bbox 326 942 525 980; x_wconf 84' lang='lat' dir='ltr'>Lovanio</span> <span class='ocrx_word' id='word_1_13' title='bbox 544 943 591 980; x_wconf 80' lang='lat'>‘23</span> <span class='ocrx_word' id='word_1_14' title='bbox 607 943 725 989; x_wconf 85' lang='lat' dir='ltr'>Junii</span> <span class='ocrx_word' id='word_1_15' title='bbox 745 943 830 979; x_wconf 75' lang='lat'>1551</span> <span class='ocrx_word' id='word_1_16' title='bbox 854 945 878 979; x_wconf 75' lang='lat'>³.</span> 
     </span>
    </p>
   </div>
   <div class='ocr_carea' id='block_1_4' title="bbox 965 1081 996 1132">
    <p class='ocr_par' dir='ltr' id='par_1_4' title="bbox 965 1081 996 1132">
     <span class='ocr_line' id='line_1_6' title="bbox 965 1081 996 1132; textangle 90"><span class='ocrx_word' id='word_1_17' title='bbox 965 1081 996 1132; x_wconf 47' lang='lat' dir='ltr'>—X-</span> 
     </span>
    </p>
   </div>
   <div class='ocr_carea' id='block_1_5' title="bbox 162 1223 1793 2695">
    <p class='ocr_par' dir='ltr' id='par_1_5' title="bbox 243 1223 713 1274">
     <span class='ocr_line' id='line_1_7' title="bbox 243 1223 713 1274; baseline -0.004 -11"><span class='ocrx_word' id='word_1_18' title='bbox 243 1223 407 1263; x_wconf 78' lang='lat' dir='ltr'>Gratia</span> <span class='ocrx_word' id='word_1_19' title='bbox 428 1230 471 1263; x_wconf 92' lang='lat' dir='ltr'>et</span> <span class='ocrx_word' id='word_1_20' title='bbox 493 1235 600 1274; x_wconf 84' lang='lat' dir='ltr'>pax,</span> <span class='ocrx_word' id='word_1_21' title='bbox 626 1229 713 1264; x_wconf 92' lang='lat' dir='ltr'>etc.</span> 
     </span>
    </p>

    <p class='ocr_par' dir='ltr' id='par_1_6' title="bbox 162 1294 1792 1487">
     <span class='ocr_line' id='line_1_8' title="bbox 242 1294 1790 1347; baseline 0.001 -13"><span class='ocrx_word' id='word_1_22' title='bbox 242 1294 574 1334; x_wconf 86' lang='lat' dir='ltr'>Amantissime</span> <span class='ocrx_word' id='word_1_23' title='bbox 602 1300 754 1345; x_wconf 87' lang='lat' dir='ltr'>pater,</span> <span class='ocrx_word' id='word_1_24' title='bbox 775 1296 1150 1347; x_wconf 88' lang='lat' dir='ltr'>quandoquidem</span> <span class='ocrx_word' id='word_1_25' title='bbox 1170 1302 1332 1336; x_wconf 88' lang='lat' dir='ltr'>sancta</span> <span class='ocrx_word' id='word_1_26' title='bbox 1355 1296 1615 1336; x_wconf 75' lang='lat' dir='ltr'>obedientia</span> <span class='ocrx_word' id='word_1_27' title='bbox 1632 1296 1678 1335; x_wconf 91' lang='lat' dir='ltr'>id</span> <span class='ocrx_word' id='word_1_28' title='bbox 1700 1296 1790 1335; x_wconf 85' lang='lat' dir='ltr'>exi-</span> 
     </span>
     <span class='ocr_line' id='line_1_9' title="bbox 163 1365 1792 1419; baseline 0.002 -15"><span class='ocrx_word' id='word_1_29' title='bbox 163 1365 252 1415; x_wconf 85' lang='lat' dir='ltr'>git,</span> <span class='ocrx_word' id='word_1_30' title='bbox 283 1366 421 1415; x_wconf 82' lang='lat' dir='ltr'>paulo</span> <span class='ocrx_word' id='word_1_31' title='bbox 443 1366 580 1405; x_wconf 89' lang='lat' dir='ltr'>latius</span> <span class='ocrx_word' id='word_1_32' title='bbox 610 1366 811 1406; x_wconf 86' lang='lat' dir='ltr'>referam</span> <span class='ocrx_word' id='word_1_33' title='bbox 839 1367 1070 1417; x_wconf 90' lang='lat' dir='ltr'>quomodo</span> <span class='ocrx_word' id='word_1_34' title='bbox 1092 1379 1195 1407; x_wconf 84' lang='lat' dir='ltr'>mea</span> <span class='ocrx_word' id='word_1_35' title='bbox 1216 1366 1467 1418; x_wconf 77' lang='lat' dir='ltr'>professio,</span> <span class='ocrx_word' id='word_1_36' title='bbox 1494 1378 1584 1418; x_wconf 88' lang='lat' dir='ltr'>qua</span> <span class='ocrx_word' id='word_1_37' title='bbox 1606 1367 1792 1419; x_wconf 87' lang='lat' dir='ltr'>quidem</span> 
     </span>
     <span class='ocr_line' id='line_1_10' title="bbox 162 1436 1036 1487; baseline 0.002 -12"><span class='ocrx_word' id='word_1_38' title='bbox 162 1436 300 1476; x_wconf 86' lang='lat' dir='ltr'>valde</span> <span class='ocrx_word' id='word_1_39' title='bbox 322 1436 539 1487; x_wconf 88' lang='lat' dir='ltr'>indignus</span> <span class='ocrx_word' id='word_1_40' title='bbox 561 1448 678 1487; x_wconf 89' lang='lat' dir='ltr'>sum,</span> <span class='ocrx_word' id='word_1_41' title='bbox 702 1443 942 1477; x_wconf 89' lang='lat' dir='ltr'>transacta</span> <span class='ocrx_word' id='word_1_42' title='bbox 964 1437 1036 1477; x_wconf 88' lang='lat' dir='ltr'>sit.</span> 
     </span>
    </p>

    <p class='ocr_par' dir='ltr' id='par_1_7' title="bbox 163 1506 1793 2695">
     <span class='ocr_line' id='line_1_11' title="bbox 243 1506 1792 1560; baseline 0.002 -14"><span class='ocrx_word' id='word_1_43' title='bbox 243 1506 364 1547; x_wconf 81' lang='lat' dir='ltr'>R.dus</span> <span class='ocrx_word' id='word_1_44' title='bbox 391 1507 448 1547; x_wconf 91' lang='lat' dir='ltr'>D.</span> <span class='ocrx_word' id='word_1_45' title='bbox 481 1507 702 1547; x_wconf 91' lang='lat' dir='ltr'>Decanus</span> <span class='ocrx_word' id='word_1_46' title='bbox 736 1513 780 1547; x_wconf 92' lang='lat' dir='ltr'>et</span> <span class='ocrx_word' id='word_1_47' title='bbox 806 1507 1126 1548; x_wconf 87' lang='lat' dir='ltr'>Cancellarius</span> <span class='ocrx_word' id='word_1_48' title='bbox 1154 1508 1166 1526; x_wconf 72' lang='lat'>³</span> <span class='ocrx_word' id='word_1_49' title='bbox 1201 1516 1269 1549; x_wconf 88' lang='lat' dir='ltr'>est</span> <span class='ocrx_word' id='word_1_50' title='bbox 1304 1509 1558 1559; x_wconf 86' lang='lat' dir='ltr'>spiritualis</span> <span class='ocrx_word' id='word_1_51' title='bbox 1584 1515 1718 1560; x_wconf 88' lang='lat' dir='ltr'>pater</span> <span class='ocrx_word' id='word_1_52' title='bbox 1747 1514 1792 1548; x_wconf 88' lang='lat' dir='ltr'>et</span> 
     </span>
     <span class='ocr_line' id='line_1_12' title="bbox 163 1578 1793 1631; baseline 0.001 -13"><span class='ocrx_word' id='word_1_53' title='bbox 163 1578 405 1618; x_wconf 86' lang='lat' dir='ltr'>confessor</span> <span class='ocrx_word' id='word_1_54' title='bbox 425 1578 573 1618; x_wconf 83' lang='lat' dir='ltr'>nostri</span> <span class='ocrx_word' id='word_1_55' title='bbox 594 1579 753 1629; x_wconf 87' lang='lat' dir='ltr'>magni</span> <span class='ocrx_word' id='word_1_56' title='bbox 774 1579 1019 1631; x_wconf 89' lang='lat' dir='ltr'>hospitalis</span> <span class='ocrx_word' id='word_1_57' title='bbox 1038 1579 1339 1619; x_wconf 82' lang='lat' dir='ltr'>lovaniensis.</span> <span class='ocrx_word' id='word_1_58' title='bbox 1369 1580 1451 1620; x_wconf 90' lang='lat' dir='ltr'>Est</span> <span class='ocrx_word' id='word_1_59' title='bbox 1477 1580 1599 1620; x_wconf 91' lang='lat' dir='ltr'>enim</span> <span class='ocrx_word' id='word_1_60' title='bbox 1627 1591 1793 1620; x_wconf 90' lang='lat' dir='ltr'>coeno-</span> 
     </span>
     <span class='ocr_line' id='line_1_13' title="bbox 163 1648 1791 1701; baseline 0.001 -13"><span class='ocrx_word' id='word_1_61' title='bbox 163 1648 290 1689; x_wconf 88' lang='lat' dir='ltr'>bium</span> <span class='ocrx_word' id='word_1_62' title='bbox 310 1649 548 1700; x_wconf 88' lang='lat' dir='ltr'>virginum</span> <span class='ocrx_word' id='word_1_63' title='bbox 574 1661 704 1689; x_wconf 88' lang='lat' dir='ltr'>more</span> <span class='ocrx_word' id='word_1_64' title='bbox 736 1649 1034 1701; x_wconf 79' lang='lat' dir='ltr'>hospitalium</span> <span class='ocrx_word' id='word_1_65' title='bbox 1064 1650 1337 1701; x_wconf 86' lang='lat' dir='ltr'>provinciae</span> <span class='ocrx_word' id='word_1_66' title='bbox 1364 1649 1500 1701; x_wconf 87' lang='lat' dir='ltr'>hujus</span> <span class='ocrx_word' id='word_1_67' title='bbox 1520 1650 1548 1688; x_wconf 78' lang='lat'>⁵.</span> <span class='ocrx_word' id='word_1_68' title='bbox 1581 1650 1701 1690; x_wconf 92' lang='lat' dir='ltr'>Hinc</span> <span class='ocrx_word' id='word_1_69' title='bbox 1727 1650 1791 1691; x_wconf 87' lang='lat' dir='ltr'>fa-</span> 
     </span>
     <span class='ocr_line' id='line_1_14' title="bbox 164 1719 1792 1772; baseline 0.001 -13"><span class='ocrx_word' id='word_1_70' title='bbox 164 1726 291 1760; x_wconf 89' lang='lat' dir='ltr'>ctum</span> <span class='ocrx_word' id='word_1_71' title='bbox 327 1726 396 1760; x_wconf 92' lang='lat' dir='ltr'>est</span> <span class='ocrx_word' id='word_1_72' title='bbox 431 1726 480 1760; x_wconf 90' lang='lat' dir='ltr'>ut</span> <span class='ocrx_word' id='word_1_73' title='bbox 517 1719 686 1760; x_wconf 81' lang='lat' dir='ltr'>ibidem</span> <span class='ocrx_word' id='word_1_74' title='bbox 719 1720 926 1760; x_wconf 87' lang='lat' dir='ltr'>facerem</span> <span class='ocrx_word' id='word_1_75' title='bbox 958 1721 1299 1772; x_wconf 79' lang='lat' dir='ltr'>professionem</span> <span class='ocrx_word' id='word_1_76' title='bbox 1336 1720 1389 1760; x_wconf 82' lang='lat'>30</span> <span class='ocrx_word' id='word_1_77' title='bbox 1427 1721 1548 1772; x_wconf 89' lang='lat' dir='ltr'>maji.</span> <span class='ocrx_word' id='word_1_78' title='bbox 1592 1721 1792 1761; x_wconf 82' lang='lat' dir='ltr'>Aliunde</span> 
     </span>
     <span class='ocr_line' id='line_1_15' title="bbox 164 1791 1792 1844; baseline 0.001 -13"><span class='ocrx_word' id='word_1_79' title='bbox 164 1791 316 1831; x_wconf 88' lang='lat' dir='ltr'>dictus</span> <span class='ocrx_word' id='word_1_80' title='bbox 336 1792 465 1831; x_wconf 91' lang='lat' dir='ltr'>locus</span> <span class='ocrx_word' id='word_1_81' title='bbox 486 1791 599 1831; x_wconf 89' lang='lat' dir='ltr'>mihi</span> <span class='ocrx_word' id='word_1_82' title='bbox 619 1792 861 1843; x_wconf 80' lang='lat' dir='ltr'>placuerit,</span> <span class='ocrx_word' id='word_1_83' title='bbox 881 1792 1004 1844; x_wconf 90' lang='lat' dir='ltr'>quod</span> <span class='ocrx_word' id='word_1_84' title='bbox 1023 1792 1242 1833; x_wconf 88' lang='lat' dir='ltr'>videlicet</span> <span class='ocrx_word' id='word_1_85' title='bbox 1262 1792 1514 1844; x_wconf 86' lang='lat' dir='ltr'>hospitium</span> <span class='ocrx_word' id='word_1_86' title='bbox 1535 1798 1604 1833; x_wconf 92' lang='lat' dir='ltr'>est</span> <span class='ocrx_word' id='word_1_87' title='bbox 1622 1804 1792 1844; x_wconf 86' lang='lat' dir='ltr'>paupe-</span> 
     </span>
     <span class='ocr_line' id='line_1_16' title="bbox 166 1862 1792 1915; baseline 0.001 -13"><span class='ocrx_word' id='word_1_88' title='bbox 166 1874 283 1902; x_wconf 91' lang='lat' dir='ltr'>rum.</span> <span class='ocrx_word' id='word_1_89' title='bbox 303 1862 484 1903; x_wconf 90' lang='lat' dir='ltr'>Chorus</span> <span class='ocrx_word' id='word_1_90' title='bbox 500 1863 660 1914; x_wconf 90' lang='lat' dir='ltr'>templi</span> <span class='ocrx_word' id='word_1_91' title='bbox 680 1875 707 1902; x_wconf 87' lang='lat' dir='ltr'>a</span> <span class='ocrx_word' id='word_1_92' title='bbox 728 1874 908 1903; x_wconf 90' lang='lat' dir='ltr'>summo</span> <span class='ocrx_word' id='word_1_93' title='bbox 929 1875 1065 1904; x_wconf 88' lang='lat' dir='ltr'>mane</span> <span class='ocrx_word' id='word_1_94' title='bbox 1085 1864 1309 1904; x_wconf 76' lang='lat' dir='ltr'>remansit</span> <span class='ocrx_word' id='word_1_95' title='bbox 1326 1864 1526 1915; x_wconf 78' lang='lat' dir='ltr'>clausUS,</span> <span class='ocrx_word' id='word_1_96' title='bbox 1545 1876 1603 1904; x_wconf 90' lang='lat' dir='ltr'>ne</span> <span class='ocrx_word' id='word_1_97' title='bbox 1623 1864 1792 1915; x_wconf 88' lang='lat' dir='ltr'>promi-</span> 
     </span>
     <span class='ocr_line' id='line_1_17' title="bbox 163 1934 1792 1986; baseline 0.001 -13"><span class='ocrx_word' id='word_1_98' title='bbox 163 1945 328 1974; x_wconf 90' lang='lat' dir='ltr'>scuum</span> <span class='ocrx_word' id='word_1_99' title='bbox 361 1935 531 1984; x_wconf 88' lang='lat' dir='ltr'>vulgus</span> <span class='ocrx_word' id='word_1_100' title='bbox 565 1945 650 1974; x_wconf 92' lang='lat' dir='ltr'>nos</span> <span class='ocrx_word' id='word_1_101' title='bbox 686 1934 922 1982; x_wconf 73' lang='lat' dir='ltr'>obrueret,</span> <span class='ocrx_word' id='word_1_102' title='bbox 960 1935 1125 1986; x_wconf 86' lang='lat' dir='ltr'>reliqui</span> <span class='ocrx_word' id='word_1_103' title='bbox 1157 1935 1398 1986; x_wconf 81' lang='lat' dir='ltr'>praecipui</span> <span class='ocrx_word' id='word_1_104' title='bbox 1435 1935 1673 1974; x_wconf 86' lang='lat' dir='ltr'>intrabant</span> <span class='ocrx_word' id='word_1_105' title='bbox 1710 1946 1792 1985; x_wconf 89' lang='lat' dir='ltr'>per</span> 
     </span>
     <span class='ocr_line' id='line_1_18' title="bbox 164 2005 1791 2057; baseline 0.001 -13"><span class='ocrx_word' id='word_1_106' title='bbox 164 2005 316 2056; x_wconf 90' lang='lat' dir='ltr'>ipsum</span> <span class='ocrx_word' id='word_1_107' title='bbox 344 2005 633 2045; x_wconf 89' lang='lat' dir='ltr'>coenobium.</span> <span class='ocrx_word' id='word_1_108' title='bbox 667 2005 788 2045; x_wconf 57' lang='lat' dir='ltr'>Rflus</span> <span class='ocrx_word' id='word_1_109' title='bbox 817 2005 875 2045; x_wconf 92' lang='lat' dir='ltr'>D.</span> <span class='ocrx_word' id='word_1_110' title='bbox 903 2006 1123 2046; x_wconf 88' lang='lat' dir='ltr'>Decanus</span> <span class='ocrx_word' id='word_1_111' title='bbox 1149 2006 1449 2046; x_wconf 87' lang='lat' dir='ltr'>devotissime</span> <span class='ocrx_word' id='word_1_112' title='bbox 1476 2017 1673 2057; x_wconf 90' lang='lat' dir='ltr'>cumque</span> <span class='ocrx_word' id='word_1_113' title='bbox 1699 2017 1791 2045; x_wconf 86' lang='lat' dir='ltr'>ma-</span> 
     </span>
     <span class='ocr_line' id='line_1_19' title="bbox 164 2075 1791 2128; baseline 0.001 -13"><span class='ocrx_word' id='word_1_114' title='bbox 164 2075 348 2126; x_wconf 85' lang='lat' dir='ltr'>gnificis</span> <span class='ocrx_word' id='word_1_115' title='bbox 378 2076 686 2127; x_wconf 84' lang='lat' dir='ltr'>ornamentis,</span> <span class='ocrx_word' id='word_1_116' title='bbox 719 2076 885 2127; x_wconf 91' lang='lat' dir='ltr'>calice,</span> <span class='ocrx_word' id='word_1_117' title='bbox 910 2077 1126 2128; x_wconf 88' lang='lat' dir='ltr'>ampullis</span> <span class='ocrx_word' id='word_1_118' title='bbox 1156 2083 1200 2117; x_wconf 91' lang='lat' dir='ltr'>et</span> <span class='ocrx_word' id='word_1_119' title='bbox 1227 2089 1343 2128; x_wconf 86' lang='lat' dir='ltr'>pace</span> <span class='ocrx_word' id='word_1_120' title='bbox 1376 2077 1612 2128; x_wconf 84' lang='lat' dir='ltr'>argenteis</span> <span class='ocrx_word' id='word_1_121' title='bbox 1646 2082 1691 2117; x_wconf 89' lang='lat' dir='ltr'>et</span> <span class='ocrx_word' id='word_1_122' title='bbox 1718 2077 1791 2117; x_wconf 90' lang='lat' dir='ltr'>de-</span> 
     </span>
     <span class='ocr_line' id='line_1_20' title="bbox 165 2146 1788 2202; baseline 0.001 -16"><span class='ocrx_word' id='word_1_123' title='bbox 165 2148 343 2187; x_wconf 87' lang='lat' dir='ltr'>auratis</span> <span class='ocrx_word' id='word_1_124' title='bbox 386 2146 684 2199; x_wconf 89' lang='lat' dir='ltr'>ejusdemque</span> <span class='ocrx_word' id='word_1_125' title='bbox 719 2146 967 2188; x_wconf 86' lang='lat' dir='ltr'>Societatis</span> <span class='ocrx_word' id='word_1_126' title='bbox 1002 2148 1146 2188; x_wconf 90' lang='lat' dir='ltr'>armis</span> <span class='ocrx_word' id='word_1_127' title='bbox 1179 2148 1365 2188; x_wconf 91' lang='lat' dir='ltr'>nomine</span> <span class='ocrx_word' id='word_1_128' title='bbox 1395 2149 1508 2202; x_wconf 90' lang='lat' dir='ltr'>Jesu</span> <span class='ocrx_word' id='word_1_129' title='bbox 1540 2148 1788 2199; x_wconf 88' lang='lat' dir='ltr'>insignitis,</span> 
     </span>
     <span class='ocr_line' id='line_1_21' title="bbox 165 2217 1791 2271; baseline 0.001 -14"><span class='ocrx_word' id='word_1_130' title='bbox 165 2217 358 2258; x_wconf 88' lang='lat' dir='ltr'>Missam</span> <span class='ocrx_word' id='word_1_131' title='bbox 377 2219 510 2268; x_wconf 87' lang='lat' dir='ltr'>legit,</span> <span class='ocrx_word' id='word_1_132' title='bbox 543 2230 634 2269; x_wconf 88' lang='lat' dir='ltr'>qua</span> <span class='ocrx_word' id='word_1_133' title='bbox 668 2230 774 2258; x_wconf 91' lang='lat' dir='ltr'>cum</span> <span class='ocrx_word' id='word_1_134' title='bbox 807 2230 980 2270; x_wconf 87' lang='lat' dir='ltr'>magna</span> <span class='ocrx_word' id='word_1_135' title='bbox 1015 2219 1169 2259; x_wconf 88' lang='lat' dir='ltr'>cordis</span> <span class='ocrx_word' id='word_1_136' title='bbox 1203 2220 1560 2271; x_wconf 89' lang='lat' dir='ltr'>compunctione</span> <span class='ocrx_word' id='word_1_137' title='bbox 1594 2226 1689 2259; x_wconf 89' lang='lat' dir='ltr'>tam</span> <span class='ocrx_word' id='word_1_138' title='bbox 1722 2231 1791 2259; x_wconf 91' lang='lat' dir='ltr'>ce-</span> 
     </span>
     <span class='ocr_line' id='line_1_22' title="bbox 164 2289 1793 2342; baseline 0.001 -14"><span class='ocrx_word' id='word_1_139' title='bbox 164 2289 388 2328; x_wconf 88' lang='lat' dir='ltr'>lebrantis</span> <span class='ocrx_word' id='word_1_140' title='bbox 411 2300 550 2340; x_wconf 88' lang='lat' dir='ltr'>quam</span> <span class='ocrx_word' id='word_1_141' title='bbox 572 2290 838 2330; x_wconf 87' lang='lat' dir='ltr'>auditorum</span> <span class='ocrx_word' id='word_1_142' title='bbox 863 2290 1007 2340; x_wconf 90' lang='lat' dir='ltr'>finita,</span> <span class='ocrx_word' id='word_1_143' title='bbox 1027 2289 1148 2329; x_wconf 67' lang='lat' dir='ltr'>Rdus</span> <span class='ocrx_word' id='word_1_144' title='bbox 1163 2290 1221 2330; x_wconf 90' lang='lat' dir='ltr'>D.</span> <span class='ocrx_word' id='word_1_145' title='bbox 1240 2290 1462 2330; x_wconf 87' lang='lat' dir='ltr'>Decanus</span> <span class='ocrx_word' id='word_1_146' title='bbox 1479 2290 1631 2342; x_wconf 88' lang='lat' dir='ltr'>coepit</span> <span class='ocrx_word' id='word_1_147' title='bbox 1651 2290 1793 2331; x_wconf 86' lang='lat' dir='ltr'>latine</span> 
     </span>
     <span class='ocr_line' id='line_1_23' title="bbox 163 2360 1793 2413; baseline 0.001 -14"><span class='ocrx_word' id='word_1_148' title='bbox 163 2360 460 2410; x_wconf 90' lang='lat' dir='ltr'>concionari,</span> <span class='ocrx_word' id='word_1_149' title='bbox 497 2366 541 2400; x_wconf 92' lang='lat' dir='ltr'>et</span> <span class='ocrx_word' id='word_1_150' title='bbox 574 2366 680 2411; x_wconf 90' lang='lat' dir='ltr'>post</span> <span class='ocrx_word' id='word_1_151' title='bbox 714 2361 1044 2401; x_wconf 89' lang='lat' dir='ltr'>salutationem</span> <span class='ocrx_word' id='word_1_152' title='bbox 1075 2362 1160 2402; x_wconf 70' lang='lat' dir='ltr'>13.ae</span> <span class='ocrx_word' id='word_1_153' title='bbox 1185 2362 1364 2402; x_wconf 87' lang='lat' dir='ltr'>Mariae</span> <span class='ocrx_word' id='word_1_154' title='bbox 1394 2362 1451 2402; x_wconf 95' lang='lat' dir='ltr'>ob</span> <span class='ocrx_word' id='word_1_155' title='bbox 1478 2362 1793 2413; x_wconf 85' lang='lat' dir='ltr'>praesentiam</span> 
     </span>
     <span class='ocr_line' id='line_1_24' title="bbox 166 2431 1791 2484; baseline 0.002 -14"><span class='ocrx_word' id='word_1_156' title='bbox 166 2431 472 2482; x_wconf 93' lang='lat' dir='ltr'>plurimorum</span> <span class='ocrx_word' id='word_1_157' title='bbox 504 2431 730 2471; x_wconf 88' lang='lat' dir='ltr'>laicorum</span> <span class='ocrx_word' id='word_1_158' title='bbox 763 2432 949 2483; x_wconf 89' lang='lat' dir='ltr'>repetiit</span> <span class='ocrx_word' id='word_1_159' title='bbox 984 2433 1196 2473; x_wconf 88' lang='lat' dir='ltr'>eamdem</span> <span class='ocrx_word' id='word_1_160' title='bbox 1224 2431 1539 2484; x_wconf 88' lang='lat' dir='ltr'>[orationem],</span> <span class='ocrx_word' id='word_1_161' title='bbox 1569 2433 1791 2484; x_wconf 85' lang='lat' dir='ltr'>perrexit-</span> 
     </span>
     <span class='ocr_line' id='line_1_25' title="bbox 168 2503 1791 2555; baseline 0.001 -13"><span class='ocrx_word' id='word_1_162' title='bbox 168 2513 256 2553; x_wconf 87' lang='lat' dir='ltr'>que</span> <span class='ocrx_word' id='word_1_163' title='bbox 276 2503 566 2553; x_wconf 77' lang='lat' dir='ltr'>germanice,</span> <span class='ocrx_word' id='word_1_164' title='bbox 591 2503 728 2553; x_wconf 91' lang='lat' dir='ltr'>idque</span> <span class='ocrx_word' id='word_1_165' title='bbox 750 2515 856 2543; x_wconf 92' lang='lat' dir='ltr'>cum</span> <span class='ocrx_word' id='word_1_166' title='bbox 876 2514 1048 2554; x_wconf 87' lang='lat' dir='ltr'>magno</span> <span class='ocrx_word' id='word_1_167' title='bbox 1071 2504 1237 2555; x_wconf 90' lang='lat' dir='ltr'>spiritu</span> <span class='ocrx_word' id='word_1_168' title='bbox 1259 2511 1302 2544; x_wconf 91' lang='lat' dir='ltr'>et</span> <span class='ocrx_word' id='word_1_169' title='bbox 1324 2504 1553 2544; x_wconf 89' lang='lat' dir='ltr'>charitate</span> <span class='ocrx_word' id='word_1_170' title='bbox 1574 2510 1619 2543; x_wconf 92' lang='lat' dir='ltr'>et</span> <span class='ocrx_word' id='word_1_171' title='bbox 1640 2516 1698 2543; x_wconf 85' lang='lat' dir='ltr'>ex</span> <span class='ocrx_word' id='word_1_172' title='bbox 1729 2503 1791 2543; x_wconf 90' lang='lat' dir='ltr'>in-</span> 
     </span>
     <span class='ocr_line' id='line_1_26' title="bbox 165 2573 1791 2626; baseline 0.001 -14"><span class='ocrx_word' id='word_1_173' title='bbox 165 2573 290 2613; x_wconf 91' lang='lat' dir='ltr'>timis</span> <span class='ocrx_word' id='word_1_174' title='bbox 314 2576 376 2621; x_wconf 69' lang='lat' dir='ltr'>(ut</span> <span class='ocrx_word' id='word_1_175' title='bbox 403 2574 664 2623; x_wconf 84' lang='lat' dir='ltr'>videbatur)</span> <span class='ocrx_word' id='word_1_176' title='bbox 696 2574 880 2614; x_wconf 91' lang='lat' dir='ltr'>animae</span> <span class='ocrx_word' id='word_1_177' title='bbox 906 2575 1187 2625; x_wconf 84' lang='lat' dir='ltr'>visceribus,</span> <span class='ocrx_word' id='word_1_178' title='bbox 1218 2574 1432 2626; x_wconf 92' lang='lat' dir='ltr'>quodque</span> <span class='ocrx_word' id='word_1_179' title='bbox 1458 2575 1614 2615; x_wconf 85' lang='lat' dir='ltr'>verbis</span> <span class='ocrx_word' id='word_1_180' title='bbox 1644 2574 1791 2626; x_wconf 83' lang='lat' dir='ltr'>expri-</span> 
     </span>
     <span class='ocr_line' id='line_1_27' title="bbox 165 2644 1793 2695; baseline 0.001 -12"><span class='ocrx_word' id='word_1_181' title='bbox 165 2654 291 2684; x_wconf 87' lang='lat' dir='ltr'>mere</span> <span class='ocrx_word' id='word_1_182' title='bbox 311 2645 556 2695; x_wconf 86' lang='lat' dir='ltr'>nequibat,</span> <span class='ocrx_word' id='word_1_183' title='bbox 580 2644 725 2684; x_wconf 79' lang='lat' dir='ltr'>variis</span> <span class='ocrx_word' id='word_1_184' title='bbox 746 2645 956 2695; x_wconf 85' lang='lat' dir='ltr'>gestibus</span> <span class='ocrx_word' id='word_1_185' title='bbox 978 2646 1223 2685; x_wconf 89' lang='lat' dir='ltr'>ostendere</span> <span class='ocrx_word' id='word_1_186' title='bbox 1245 2646 1517 2695; x_wconf 85' lang='lat' dir='ltr'>conabatur,</span> <span class='ocrx_word' id='word_1_187' title='bbox 1551 2645 1793 2685; x_wconf 88' lang='lat' dir='ltr'>incredibi-</span> 
     </span>
    </p>
   </div>
   <div class='ocr_carea' id='block_1_6' title="bbox 167 2828 1794 3051">
    <p class='ocr_par' dir='ltr' id='par_1_8' title="bbox 220 2828 830 2862">
     <span class='ocr_line' id='line_1_28' title="bbox 220 2828 830 2862; baseline 0.002 -7"><span class='ocrx_word' id='word_1_188' title='bbox 220 2828 228 2847; x_wconf 87' lang='lat'>¹</span> <span class='ocrx_word' id='word_1_189' title='bbox 269 2828 429 2855; x_wconf 83' lang='lat' dir='ltr'>Historia</span> <span class='ocrx_word' id='word_1_190' title='bbox 445 2835 503 2855; x_wconf 71' lang='lat' dir='ltr'>vat</span> <span class='ocrx_word' id='word_1_191' title='bbox 514 2829 561 2860; x_wconf 62' lang='lat' dir='ltr'>ia,</span> <span class='ocrx_word' id='word_1_192' title='bbox 575 2829 642 2855; x_wconf 79' lang='lat' dir='ltr'>vol.</span> <span class='ocrx_word' id='word_1_193' title='bbox 660 2835 679 2862; x_wconf 88' lang='lat'>1,</span> <span class='ocrx_word' id='word_1_194' title='bbox 696 2829 752 2856; x_wconf 87' lang='lat' dir='ltr'>sol.</span> <span class='ocrx_word' id='word_1_195' title='bbox 768 2829 830 2856; x_wconf 62' lang='lat'>214.</span> 
     </span>
    </p>

    <p class='ocr_par' dir='ltr' id='par_1_9' title="bbox 218 2875 563 2911">
     <span class='ocr_line' id='line_1_29' title="bbox 218 2875 563 2911; baseline 0.003 -9"><span class='ocrx_word' id='word_1_196' title='bbox 218 2875 232 2894; x_wconf 68' lang='grc' dir='ltr'><strong>Ξ</strong></span> <span class='ocrx_word' id='word_1_197' title='bbox 269 2875 424 2903; x_wconf 84' lang='lat' dir='ltr'>Ruardus</span> <span class='ocrx_word' id='word_1_198' title='bbox 441 2876 563 2911; x_wconf 86' lang='lat' dir='ltr'>Taper.</span> 
     </span>
    </p>

    <p class='ocr_par' dir='ltr' id='par_1_10' title="bbox 167 2922 1794 3051">
     <span class='ocr_line' id='line_1_30' title="bbox 219 2922 1790 2960; baseline 0.001 -10"><span class='ocrx_word' id='word_1_199' title='bbox 219 2922 233 2942; x_wconf 77' lang='lat'>3</span> <span class='ocrx_word' id='word_1_200' title='bbox 271 2923 546 2951; x_wconf 75' lang='lat' dir='ltr'>praetermisisse</span> <span class='ocrx_word' id='word_1_201' title='bbox 562 2924 615 2951; x_wconf 81' lang='lat' dir='ltr'>hic</span> <span class='ocrx_word' id='word_1_202' title='bbox 632 2923 759 2958; x_wconf 86' lang='lat' dir='ltr'>aliquid</span> <span class='ocrx_word' id='word_1_203' title='bbox 775 2925 910 2952; x_wconf 86' lang='lat' dir='ltr'>videtur</span> <span class='ocrx_word' id='word_1_204' title='bbox 925 2925 1095 2958; x_wconf 83' lang='lat' dir='ltr'>librarius,</span> <span class='ocrx_word' id='word_1_205' title='bbox 1110 2925 1197 2960; x_wconf 79' lang='lat' dir='ltr'>quod</span> <span class='ocrx_word' id='word_1_206' title='bbox 1213 2926 1304 2952; x_wconf 76' lang='lat' dir='ltr'>hisce</span> <span class='ocrx_word' id='word_1_207' title='bbox 1321 2926 1435 2953; x_wconf 83' lang='lat' dir='ltr'>verbis</span> <span class='ocrx_word' id='word_1_208' title='bbox 1450 2926 1618 2960; x_wconf 82' lang='lat' dir='ltr'>expressit</span> <span class='ocrx_word' id='word_1_209' title='bbox 1634 2925 1790 2958; x_wconf 84' lang='lat' dir='ltr'>Polanco,</span> 
     </span>
     <span class='ocr_line' id='line_1_31' title="bbox 169 2969 1794 3007; baseline 0.001 -9"><span class='ocrx_word' id='word_1_210' title='bbox 169 2969 302 3003; x_wconf 59' lang='lat' dir='ltr'>Chron„</span> <span class='ocrx_word' id='word_1_211' title='bbox 316 2975 340 2998; x_wconf 91' lang='lat' dir='ltr'>t.</span> <span class='ocrx_word' id='word_1_212' title='bbox 356 2978 390 3005; x_wconf 86' lang='lat'>11,</span> <span class='ocrx_word' id='word_1_213' title='bbox 406 2979 483 3005; x_wconf 82' lang='lat' dir='ltr'>pag.</span> <span class='ocrx_word' id='word_1_214' title='bbox 499 2972 561 3005; x_wconf 65' lang='lat'>284,</span> <span class='ocrx_word' id='word_1_215' title='bbox 577 2979 607 2998; x_wconf 90' lang='lat' dir='ltr'>n.</span> <span class='ocrx_word' id='word_1_216' title='bbox 624 2972 691 2999; x_wconf 63' lang='lat'>242:</span> <span class='ocrx_word' id='word_1_217' title='bbox 708 2972 888 3005; x_wconf 76' lang='lat' dir='ltr'>virginum</span> <span class='ocrx_word' id='word_1_218' title='bbox 906 2973 1000 3000; x_wconf 77' lang='lat' dir='ltr'>enim</span> <span class='ocrx_word' id='word_1_219' title='bbox 1026 2973 1240 3001; x_wconf 78' lang='lat' dir='ltr'>coenobium,</span> <span class='ocrx_word' id='word_1_220' title='bbox 1270 2974 1476 3007; x_wconf 73' lang='lat' dir='ltr'>provinciae</span> <span class='ocrx_word' id='word_1_221' title='bbox 1492 2973 1591 3000; x_wconf 70' lang='lat' dir='ltr'>illius</span> <span class='ocrx_word' id='word_1_222' title='bbox 1613 2980 1720 3005; x_wconf 79' lang='lat' dir='ltr'>more,</span> <span class='ocrx_word' id='word_1_223' title='bbox 1740 2973 1794 2999; x_wconf 83' lang='lat' dir='ltr'>ho-</span> 
     </span>
     <span class='ocr_line' id='line_1_32' title="bbox 167 3018 503 3051; baseline 0.009 -9"><span class='ocrx_word' id='word_1_224' title='bbox 167 3018 296 3051; x_wconf 72' lang='lat' dir='ltr'>spitale</span> <span class='ocrx_word' id='word_1_225' title='bbox 311 3019 503 3046; x_wconf 82' lang='lat' dir='ltr'>dicebatur.</span> 
     </span>
    </p>
   </div>
  </div>
 </body>
</html>
