1987 3260
225 175 295 213 520
723 175 945 212 LITTERAE
978 184 1334 218 QUADRIMESTRES

226 271 461 322 probetur,
496 271 603 311 dum
637 271 907 322 Conversis,
941 272 1106 310 saltem
1134 270 1348 318 Venetis,
1387 267 1682 319 adjungatur,
1724 269 1847 320 quod

224 342 368 382 etiam
384 341 479 392 jam
499 348 596 382 tum
618 342 768 382 moliri
789 342 940 393 coepit
968 347 1012 380 et
1038 341 1308 380 nonnullam
1329 340 1374 379 in
1400 350 1529 390 spem
1555 338 1653 390 ejus
1685 339 1845 379 admit-

228 413 393 452 tendae
413 413 553 452 venit.

306 482 534 523 Praefecti
556 483 690 534 hujus
711 483 838 522 urbis
859 482 1149 522 xenodochio
1176 492 1323 532 nuper
1358 480 1494 520 Rdum
1523 479 1572 519 P.
1609 479 1849 519 Andream

225 552 440 592 Frusium
462 560 716 593 exorarunt
737 565 819 604 per
841 554 990 604 ipsum
1013 553 1077 592 uti
1097 553 1257 592 liceret
1278 558 1325 591 ut
1352 551 1401 591 P.
1434 550 1650 590 Andreas
1678 550 1847 590 Galva-

224 625 374 663 nellus
397 624 555 675 (quem
577 625 622 664 id
643 625 751 664 olim
771 624 1012 664 factitasse
1033 625 1349 675 agnoverant)
1373 628 1591 673 aegrotos
1620 621 1845 671 visitaret,

228 695 446 746 ipsosque
468 707 558 734 una
581 707 685 734 cum
707 695 932 735 ministris
953 695 1012 734 ad
1032 695 1305 746 patientiam
1327 694 1569 742 animaret,
1593 691 1715 743 quod
1730 691 1849 731 forte

222 765 320 815 jam
357 767 510 806 sexies
551 773 627 805 aut
669 767 838 817 septies
878 765 1026 806 effecit
1047 796 1055 814 ,
1106 764 1206 804 Deo
1254 764 1536 815 adspirante.
1585 762 1703 802 Nam
1743 774 1848 802 cum

224 837 424 887 aegroti,
450 843 546 876 tum
569 837 767 876 ministri
785 849 833 876 se
850 837 1053 876 maximo
1072 836 1302 876 desiderio
1320 835 1513 874 verbum
1529 833 1617 873 Dei
1634 833 1851 873 audiendi

226 906 417 946 affectos
439 914 482 947 et
504 919 634 959 spem
654 907 832 947 fructus
855 908 910 947 de
938 919 986 947 se
1017 919 1109 946 non
1139 906 1422 946 mediocrem
1449 910 1682 945 ostentant
1713 909 1851 955 atque

227 978 513 1028 pollicentur.
566 978 697 1018 Ultro
745 978 953 1017 nonnulli
1003 977 1251 1017 confitendi
1300 977 1590 1016 voluntatem
1629 985 1850 1026 exposue-

228 1054 348 1087 runt.
388 1049 747 1099 Aegrotantium
780 1050 1025 1089 mulierum
1061 1049 1301 1088 ministrae
1336 1047 1477 1086 semel
1512 1045 1776 1085 admonitae
1802 1050 1851 1084 ut

226 1118 437 1158 insolitas
459 1120 658 1159 antehac
680 1120 890 1159 Litanias
921 1131 1026 1159 cum
1052 1119 1269 1171 precibus
1300 1118 1441 1169 (quae
1470 1117 1517 1156 in
1547 1115 1851 1156 xenodochiis

226 1188 321 1228 sere
343 1191 561 1238 assolent)
586 1197 692 1230 ante
714 1191 991 1242 capiendum
1014 1190 1167 1230 cibum
1187 1190 1514 1238 decantarent,
1539 1187 1639 1237 ipso
1662 1186 1734 1226 die
1751 1197 1850 1225 coe-

225 1266 407 1310 perunt,
432 1268 475 1300 et
497 1272 641 1312 usque
664 1262 816 1301 adhuc
837 1267 1156 1313 perseverant.
1180 1260 1305 1300 Idem
1326 1260 1392 1298 uti
1413 1259 1554 1298 etiam
1574 1257 1693 1308 apud
1722 1257 1851 1296 viros

221 1332 317 1381 jam
339 1331 614 1382 admonitos,
638 1344 723 1372 nec
747 1333 938 1383 alienos,
962 1331 1055 1379 fiat,
1079 1331 1349 1383 propediem
1371 1330 1659 1369 decernetur.

306 1401 473 1441 Odium
508 1403 742 1453 quoddam
777 1404 1045 1443 intestinum
1081 1415 1134 1442 ac
1176 1401 1417 1441 dissidium
1452 1399 1724 1448 vehemens,
1760 1409 1849 1448 quo

225 1472 399 1512 familia
421 1474 665 1525 quaedam,
692 1475 900 1524 maritus,
922 1486 1054 1523 uxor,
1078 1485 1222 1524 gener
1245 1478 1288 1512 et
1306 1472 1399 1511 filia
1421 1470 1669 1510 triennium
1685 1468 1849 1519 flagra-

226 1550 358 1583 verat
379 1555 464 1583 nec
493 1545 742 1584 multorum
771 1545 1014 1584 conatibus
1049 1549 1264 1595 potuerat
1299 1542 1481 1593 pacari,
1515 1540 1615 1580 Deo
1640 1538 1848 1590 juvante,

224 1622 272 1654 ut
294 1615 342 1654 P.
373 1615 588 1655 Andreas
617 1617 754 1656 tertio
786 1627 865 1655 eos
894 1615 1131 1664 convenit,
1165 1614 1231 1654 sic
1261 1613 1466 1653 funditus
1497 1612 1664 1651 abhinc
1693 1621 1850 1650 mense

224 1687 485 1726 extinctum
512 1693 649 1737 atque
681 1687 893 1726 sedatum
920 1693 1009 1736 est,
1038 1693 1087 1726 ut
1115 1685 1285 1725 mutuis
1317 1683 1553 1735 provoluti
1582 1681 1775 1733 pedibus
1807 1686 1850 1720 et

223 1757 426 1809 profusis
448 1758 693 1809 lacrymis,
718 1764 926 1797 mutuam
955 1768 1119 1808 pacem
1151 1768 1204 1795 ac
1235 1754 1422 1794 veniam
1452 1765 1544 1792 non
1571 1762 1851 1803 expoposce-

223 1829 316 1868 rint
338 1829 640 1880 dederintque
661 1828 812 1877 modo,
843 1839 1006 1867 verum
1028 1827 1167 1866 etiam
1188 1831 1490 1877 peccatorum
1510 1822 1850 1863 contessionem

223 1900 283 1940 ad
304 1900 456 1951 ipsum
476 1900 680 1949 Patrem,
706 1905 750 1939 et
772 1899 1097 1939 communione
1124 1909 1288 1937 sacrae
1315 1894 1638 1935 Eucharistiae
1669 1892 1848 1932 confoe·

222 1971 388 2021 derati,
413 1982 592 2010 summa
615 1971 767 2010 adhuc
792 1970 1054 2009 animorum
1076 1967 1409 2018 tranquillitate
1427 1965 1738 2017 perfruantur.

303 2042 405 2093 Ipso
427 2042 499 2081 die
522 2042 810 2093 Epiphaniae
830 2074 837 2090 ,
871 2040 1059 2092 quidam
1090 2051 1272 2086 eorum,
1297 2038 1375 2089 qui
1396 2042 1607 2077 nostrum
1628 2035 1851 2084 templum

222 2114 481 2160 celebrant,
506 2113 740 2153 hominem
760 2112 952 2163 triginta
977 2123 1217 2160 annorum,
1243 2110 1384 2159 colos,
1404 2108 1553 2157 fusos,
1577 2105 1848 2154 verticillos,

222 2185 414 2223 zonulas
435 2192 477 2224 et
499 2184 725 2235 ejusmodi
744 2183 1045 2223 mercimonia
1063 2180 1482 2229 circumferentem,
1502 2190 1587 2217 nec
1604 2176 1755 2216 minus
1772 2187 1850 2214 va-

224 2256 306 2294 riis
323 2254 419 2306 jam
441 2255 517 2294 diu
549 2255 838 2306 inquinatum
859 2253 1150 2302 haeresibus,
1177 2252 1236 2291 ad
1257 2262 1341 2290 nos
1367 2248 1606 2301 perduxit3
1640 2246 1718 2298 qui
1747 2257 1853 2285 cum

223 2326 366 2365 solius
383 2326 663 2365 christianae
685 2325 898 2365 veritatis
914 2323 1260 2376 pernoscendae
1277 2321 1431 2372 gratia
1446 2332 1495 2359 se
1517 2318 1722 2358 ductoris
1746 2316 1852 2356 fidei

224 2395 479 2435 credidisse
503 2403 640 2447 atque
662 2396 721 2435 ad
741 2407 826 2435 nos
846 2396 1031 2435 venisse
1054 2394 1247 2443 diceret,
1272 2397 1464 2442 accepta
1496 2403 1522 2430 a
1551 2389 1689 2429 Patre
1719 2387 1853 2427 venia

226 2467 456 2506 exanimo
478 2467 693 2517 loquendi
715 2478 833 2517 quae
856 2466 911 2506 de
933 2465 1157 2516 religione
1180 2463 1436 2503 christiana
1463 2467 1508 2501 et
1538 2460 1593 2500 de
1623 2457 1853 2499 catholica

226 2538 436 2576 Ecclesia
454 2537 658 2583 sentiret,
674 2537 933 2576 Romanam
951 2547 1113 2576 veram
1129 2546 1230 2574 esse
1247 2533 1447 2573 fidelium
1462 2531 1720 2572 Ecclesiam
1737 2527 1852 2579 ejus-

226 2620 315 2658 que
336 2619 499 2647 sacros
520 2608 649 2657 ritus,
675 2607 925 2647 Missarum
947 2606 1192 2655 sacrificia,
1225 2605 1284 2644 ad
1314 2603 1582 2643 sacerdotes
1603 2599 1852 2640 confessio-

226 2690 353 2728 nem,
380 2677 553 2729 jejunia
581 2686 624 2718 et
655 2679 874 2729 pleraque
905 2677 994 2717 alia
1024 2676 1275 2727 abnegavit
1302 2674 1478 2714 omnia:
1509 2671 1632 2712 haud
1659 2671 1852 2721 ignarus

226 2760 557 2799 perversarum
578 2749 810 2788 rationum
831 2755 969 2799 atque
990 2752 1393 2798 argumentorum,
1418 2743 1582 2795 quibus
1602 2751 1852 2793 perversus

228 2818 491 2858 haereticus
512 2819 736 2868 innititur,
765 2819 928 2869 quibus
945 2818 1056 2869 ipsis
1078 2823 1247 2867 tamen,
1272 2827 1376 2855 cum
1397 2820 1587 2853 ventum
1609 2811 1668 2851 ad
1687 2821 1853 2850 verum

229 2894 318 2937 est,
344 2900 425 2927 suo
447 2889 602 2939 gladio
621 2889 859 2939 jugulatus
879 2888 1199 2928 labefactatur.
1224 2887 1308 2926 His
1325 2886 1481 2936 itaque
1502 2883 1650 2934 primo
1672 2882 1744 2921 die
1763 2881 1850 2931 ple-

229 2958 385 3009 risque
407 2971 432 2997 a
455 2959 591 2998 Patre
613 2958 884 3008 confutatis,
908 2958 1117 2998 nonnihil
1138 2964 1204 2997 est
1227 2957 1498 3008 profectum.
1524 2954 1591 2994 Ita
1615 2953 1736 2993 enim
1765 2950 1853 2990 dis-
