1987 3260
215 171 287 208 006
724 169 948 205 LUTERAE
976 179 1331 211 QUADmMEsTREs

217 267 412 307 dovicus
447 266 505 305 ad
537 266 748 318 Januarii
779 265 1060 316 principium
1095 265 1356 305 orationem
1389 266 1569 313 habuit,
1610 266 1668 305 ad
1702 277 1841 317 quam

217 336 497 377 audiendam
519 336 705 376 ducenti
725 335 1061 387 propemodum
1088 336 1177 375 viri
1199 335 1350 387 hique,
1375 342 1424 375 ut
1446 336 1738 387 videbantur,
1764 348 1840 376 no-

218 408 406 448 biliores
428 412 761 447 convenerunt.
787 406 939 456 Quam
968 412 1125 446 autem
1153 406 1356 446 omnium
1386 406 1574 446 auribus
1601 407 1739 447 fuerit
1769 418 1842 447 ac-

219 483 353 528 cepta
375 477 630 517 maximum
659 477 892 516 silentium
914 476 1170 526 indicabat,
1202 477 1451 528 praecipue
1479 477 1586 528 quia
1607 476 1743 528 hujus
1764 476 1841 517 So-

220 549 401 589 cietatis
423 548 682 587 institutum
713 547 1002 598 continebat;
1035 558 1154 598 quae
1181 558 1256 586 res
1285 559 1391 586 cum
1416 559 1498 598 per
1526 559 1574 587 se
1603 547 1661 587 sit
1682 547 1841 587 auditu

212 618 573 669 jucundissima,
611 617 774 657 modus
805 616 987 657 dicendi
1020 623 1065 657 et
1098 617 1323 657 sermonis
1353 618 1584 668 elegantia
1618 617 1843 669 majorem

218 689 520 729 attentionem
537 688 624 728 sibi
640 687 957 739 comparabat.
977 688 1170 727 Postero
1187 687 1260 727 die
1281 688 1475 739 quisque
1497 699 1605 727 suas
1622 688 1844 728 lectiones

218 766 287 800 est
310 771 578 810 aggressus.

296 830 525 870 Numerus
546 829 935 869 scholasticorum
956 829 1024 869 sic
1045 836 1242 880 augetur
1265 829 1311 869 in
1332 829 1430 869 dies
1452 835 1500 869 ut
1521 829 1715 880 singulis
1737 829 1843 869 heb-

218 900 492 940 domadibus
527 900 669 951 aliqui
703 899 1179 951 superadjungantur.
1208 900 1346 940 Pueri
1373 908 1480 940 sunt
1507 900 1736 951 ingeniosi
1768 901 1843 940 ad-

215 972 425 1021 modum,
458 971 521 1022 pii
543 982 597 1010 ac
620 970 853 1021 religiosi,
878 977 926 1010 ut
948 970 1003 1010 de
1024 976 1220 1022 utroque
1250 971 1366 1011 bene
1388 982 1648 1022 speremus,
1678 976 1722 1010 et
1749 969 1844 1021 jam

218 1042 324 1081 licet
346 1053 569 1092 magnum
590 1041 829 1092 profectus
858 1042 1111 1092 vestigium
1138 1053 1344 1081 cernere.
1377 1041 1503 1081 Dant
1533 1053 1722 1093 operam
1749 1042 1843 1081 illo-

214 1124 318 1152 rum
341 1118 669 1163 praeceptores
690 1118 740 1152 ut
765 1124 868 1152 cum
899 1112 1065 1152 litteris
1094 1118 1191 1152 tum
1220 1113 1355 1152 bonis
1376 1113 1581 1153 moribus
1602 1113 1843 1152 instituan-

217 1190 291 1223 tur
309 1195 364 1222 ac
382 1183 665 1233 erudiantur,
687 1183 854 1222 crebro
871 1194 954 1222 sua
970 1189 1165 1234 peccata
1182 1183 1504 1235 confiteantur,
1524 1183 1844 1223 christianam—

219 1265 308 1304 que
331 1252 591 1293 doctrinam
613 1253 845 1304 ediscant;
869 1265 987 1304 quae
1008 1259 1058 1293 ut
1080 1254 1291 1294 tenacius
1322 1265 1483 1294 eorum
1510 1254 1761 1294 memoriae
1782 1254 1843 1293 in-

221 1324 415 1375 figatur,
448 1324 643 1374 singulis
679 1323 840 1363 diebus
867 1324 937 1363 bis
976 1330 1227 1376 antequam
1268 1325 1454 1365 domum
1490 1324 1761 1374 discedant,
1799 1324 1845 1363 in

218 1395 507 1445 psalmorum
526 1394 714 1434 modum
735 1393 744 1412 ¹
766 1394 986 1445 recitant3
1013 1406 1088 1435 res
1110 1395 1296 1435 omnino
1317 1395 1449 1435 nobis
1470 1396 1718 1447 voluptati,
1742 1395 1844 1435 reli·

217 1465 427 1516 quisque,
453 1465 529 1516 qui
550 1466 639 1505 hoc
662 1465 910 1516 aliquando
929 1465 1103 1516 videre,
1127 1466 1186 1506 ad
1206 1466 1425 1517 pietatem
1447 1466 1761 1505 incitamento.

299 1536 428 1575 Haec
450 1543 575 1586 sunt,
610 1537 658 1577 P.
682 1536 803 1586 Rfffe,
833 1549 951 1588 quae
974 1550 1095 1577 nunc
1126 1537 1371 1577 scribenda
1394 1542 1666 1586 occurrunt,
1697 1548 1845 1587 parva

218 1606 427 1657 quidem,
452 1607 534 1646 sed
555 1619 673 1658 quae
700 1607 878 1659 majora
906 1609 1226 1660 polliceantur.
1261 1607 1393 1658 Quod
1420 1607 1459 1647 si
1489 1608 1621 1659 plura
1654 1620 1679 1646 a
1711 1607 1846 1646 nobis

218 1678 546 1727 exspectabas,
570 1678 740 1729 frigida
757 1685 949 1730 pectora
971 1678 1229 1727 accusabis,
1255 1690 1372 1729 quae
1394 1678 1573 1718 utinam
1597 1677 1845 1729 aliquando

218 1748 525 1787 incendantur
547 1760 601 1787 ac
624 1749 964 1789 inflammentur
987 1750 1063 1788 illo
1086 1750 1192 1799 igne
1214 1748 1373 1788 Sancti
1400 1748 1612 1800 Spiritus.

298 1817 393 1858 Nos
414 1829 655 1869 speramus
676 1819 843 1859 futuris
864 1819 1015 1859 Deum
1042 1819 1298 1859 feliciorem
1325 1819 1541 1859 daturum
1562 1830 1844 1869 successum;

218 1889 341 1939 quod
362 1894 411 1928 ut
435 1901 753 1939 assequamur,
777 1896 845 1940 tu,
870 1890 943 1935 R,
968 1902 1053 1930 nos
1085 1890 1301 1933 minimos
1323 1896 1427 1929 tuos
1450 1890 1493 1929 in
1516 1890 1700 1929 Christo
1729 1889 1847 1929 filios

219 1959 265 1997 in
294 1959 384 1998 tuis
414 1960 722 1999 sanctissimis
753 1961 1041 2000 orationibus
1068 1973 1123 2001 ac
1153 1960 1396 2000 sacrificiis
1426 1960 1525 2000 Deo
1555 1960 1844 1999 commenda.

299 2030 472 2069 Datum
493 2031 758 2071 Florentiae
779 2032 926 2082 pridie
949 2032 1167 2071 calendas
1190 2031 1299 2082 Maji
1326 2031 1440 2070 1552.

299 2101 350 2140 T.
375 2101 427 2140 R.
451 2101 499 2140 P.
525 2102 742 2142 minimus
766 2103 811 2142 in
833 2103 1017 2143 Christo
1040 2115 1228 2151 servus,

1280 2246 1375 2285 LEO
1406 2245 1576 2285 Lnacs.

301 2437 411 2476 :ilfa
433 2449 598 2477 manu:
620 2439 689 2478 Ex
711 2439 959 2479 Florentia.

275 2583 284 2601 ¹
327 2584 468 2610 alternsss
485 2585 624 2611 vicibus.
