1987 3260
218 140 296 176 <270
731 139 958 176 LITTERAE
984 149 1342 182 QUADRIMESTRES

933 587 1136 641 CLIII

298 795 346 831 P.
367 793 627 831 Leonardus
646 794 805 832 Kessel

346 859 467 896 Patri
485 858 653 906 ignatio
673 859 725 896 de
744 859 927 907 Loyola.

394 923 596 971 Colonia,
616 923 659 961 31
681 923 804 969 Maii,
828 924 920 961 1552
938 925 962 961 ¹.

990 1045 1088 1120 Hfls

311 1219 474 1260 Gratia
494 1227 538 1260 et
558 1232 652 1273 pax
672 1221 728 1262 D.
753 1221 805 1262 N.
829 1223 1105 1275 Jesuchristi
1126 1224 1184 1263 sit
1204 1235 1388 1275 semper
1409 1236 1514 1264 cum
1541 1225 1754 1264 omnibus
1775 1236 1854 1264 no—

229 1291 312 1330 bis.
338 1291 504 1331 Amen.

309 1360 591 1411 Quotidiana
623 1364 908 1415 experientia
938 1365 1207 1415 edocemur,
1239 1364 1339 1405 R.de
1367 1364 1440 1415 P.,
1475 1365 1721 1405 verissima
1752 1376 1854 1404 esse

231 1433 307 1471 illa
331 1432 544 1483 Apostoli
565 1434 723 1474 verba:
748 1434 844 1485 taz'
856 1434 931 1485 ple
950 1435 999 1474 in
1027 1435 1211 1475 Christo
1233 1435 1353 1487 Jesu
1374 1435 1534 1475 vivere
1549 1434 1734 1485 volunt,
1749 1440 1854 1486 per-

231 1502 513 1542 secutionem
533 1503 810 1554 putabatur,-
840 1506 921 1545 sed
950 1506 1200 1556 plurimum
1231 1506 1277 1545 in
1308 1505 1510 1545 Domino
1541 1506 1852 1556 consolamur,

232 1572 522 1613 attendentes
551 1586 636 1613 nos
662 1587 746 1626 per
775 1576 935 1615 varias
965 1576 1286 1616 tribulationes
1317 1582 1361 1616 et
1391 1576 1635 1627 angustias
1664 1576 1856 1616 tendere

230 1642 288 1681 ad
315 1644 514 1683 coeleste
546 1644 775 1695 Regnum.
813 1647 968 1685 Bonus
1003 1653 1158 1686 autem
1196 1647 1310 1686 odor
1339 1645 1587 1686 Societatis
1614 1646 1690 1685 hic
1717 1647 1855 1697 longe

229 1715 411 1764 lateque
438 1715 484 1753 in
511 1715 608 1754 dies
634 1717 886 1766 spargitur.
917 1716 1092 1756 Nobilis
1119 1718 1197 1756 illa
1223 1717 1476 1757 Abbatissa
1503 1716 1516 1734 ‘³
1546 1717 1592 1756 in
1618 1717 1741 1756 bono
1770 1729 1854 1757 suo

231 1785 470 1835 proposito
506 1784 698 1825 fideliter
732 1786 933 1837 proficit,
971 1794 1129 1838 partes
1156 1795 1340 1827 nostras
1374 1794 1548 1836 tuetur,
1578 1788 1855 1839 ubicumque

234 1861 405 1905 potest,
429 1867 522 1895 non
543 1856 641 1895 sine
663 1868 834 1907 magno
855 1857 1029 1905 fructu3
1055 1870 1193 1908 quam
1214 1859 1422 1898 imitatur
1448 1858 1614 1898 Pastor
1635 1870 1740 1898 cum
1760 1859 1856 1910 plu-

233 1926 360 1965 ribus
393 1926 515 1975 aliis3
554 1927 692 1966 immo
729 1939 889 1967 omnes
923 1935 1112 1968 nostrae
1150 1928 1407 1968 Parochiae
1441 1929 1690 1979 plurimum
1715 1929 1858 1986 'nobis

232 1997 407 2036 favent.
430 1995 647 2037 Similiter
675 1996 893 2038 Decanus
925 1999 1092 2038 summi
1120 1999 1297 2050 templi,
1331 1999 1654 2049 suffraganeus
1681 2006 1854 2049 noster,

237 2075 280 2106 et
300 2069 457 2118 plures
479 2068 570 2108 alii.

314 2138 484 2189 Magna
505 2150 611 2190 spes
633 2145 702 2179 est
724 2140 927 2190 collegii3
951 2140 1099 2190 major
1128 2141 1304 2192 futura,
1335 2148 1580 2192 praesente
1609 2142 1854 2192 Episcopo.

236 2209 453 2249 Decanus
473 2208 864 2260 Noviomagensis
885 2217 980 2250 toto
1003 2212 1143 2251 corde
1164 2212 1223 2251 ad
1244 2213 1390 2252 vitam
1411 2212 1755 2263 perfectiorem,
1778 2218 1857 2251 aut

237 2286 361 2319 certe
382 2280 745 2320 emendatiorem
767 2281 1010 2332 anhelans,
1034 2282 1165 2333 petiit
1186 2295 1211 2322 a
1232 2283 1365 2323 nobis
1386 2283 1473 2322 sibi
1494 2283 1595 2322 dari
1616 2283 1854 2332 exercitia,

294 2461 303 2479 ¹
342 2461 471 2488 Harum
486 2461 679 2489 litterarum
695 2463 769 2489 bina
786 2463 949 2490 habemus
964 2465 1172 2498 apograph&
1190 2473 1290 2492 unum
1301 2466 1334 2492 in
1348 2465 1508 2493 Historia
1520 2467 1642 2498 varia,
1657 2469 1679 2493 t.
1694 2473 1714 2499 1,
1728 2466 1782 2493 fol.
1796 2466 1857 2498 290,

240 2509 384 2535 alterum
399 2508 487 2535 inter
502 2509 767 2542 quadrimestres
790 2510 822 2537 in
844 2511 924 2537 solio
948 2511 1089 2545 duplici,
1113 2519 1144 2538 n.
1171 2512 1352 2540 lah—Eas
1366 2521 1385 2540 a
1402 2513 1579 2540 Leonardo
1601 2512 1753 2540 Kesselio
1769 2520 1859 2539 num-

240 2562 350 2588 quam,
365 2559 465 2589 prout
480 2555 533 2582 hic
549 2560 636 2589 sunt,
652 2556 798 2590 scriptas
814 2557 914 2584 fuisse
929 2558 987 2585 sed
1008 2566 1028 2585 a
1049 2558 1195 2586 Polanco
1219 2560 1331 2587 aliove
1355 2559 1483 2587 Romae
1506 2568 1549 2586 ex
1562 2559 1670 2587 variis
1685 2559 1861 2586 variarum

241 2601 382 2628 Kesselii
411 2602 604 2629 litterarum
632 2603 797 2636 partibus.
829 2604 868 2631 iis
897 2605 1109 2639 praesertim,
1136 2613 1221 2640 quae
1244 2606 1463 2640 praecedenti
1493 2614 1523 2633 n.
1544 2606 1633 2634 CLII
1653 2610 1687 2633 et
1707 2606 1861 2640 superius

241 2656 294 2674 nn.
314 2648 439 2674 LXXX
453 2653 485 2676 et
502 2648 561 2676 CII
582 2650 803 2683 continentur,
821 2651 991 2678 confectas
1007 2660 1090 2686 esse,
1107 2658 1238 2680 certum
1253 2654 1389 2680 omnino
1409 2654 1554 2680 videtur.
1579 2653 1674 2680 Unde
1703 2660 1769 2679 non
1791 2657 1861 2680 tam

242 2695 505 2728 quadrimestres
530 2703 629 2729 quam
652 2696 840 2724 historicae
864 2705 923 2725 seu
947 2699 989 2725 de
1014 2706 1160 2731 mcevaS,
1183 2707 1225 2726 ex
1249 2700 1557 2734 quadrimestribus
1578 2700 1809 2734 depromptae,
1825 2703 1862 2726 ut

242 2742 343 2768 moris
363 2746 450 2776 erat,
474 2750 537 2776 quo
563 2743 605 2770 ad
629 2743 811 2771 Societatis
835 2745 950 2772 domos
974 2746 1298 2780 transmitterentur,
1313 2747 1476 2775 dicendae
1491 2752 1578 2775 sunt.
1596 2747 1658 2774 Hic
1675 2750 1789 2774 tamen
1804 2753 1863 2774 eas

243 2789 389 2815 inserere
405 2797 469 2816 non
483 2790 685 2825 dubitamus,
700 2795 770 2819 tum
786 2792 864 2826 quia
879 2793 1045 2826 quaedam
1067 2794 1099 2820 in
1120 2793 1179 2827 eis,
1203 2794 1284 2821 licet
1308 2801 1428 2828 pauca.
1454 2795 1679 2829 reperiuntur,
1696 2801 1781 2828 quae
1798 2793 1863 2820 sru-

243 2838 314 2861 stra
329 2836 360 2861 in
376 2835 519 2863 Kesselii
534 2838 625 2864 veris
646 2845 793 2871 vereque
816 2839 1120 2872 quadrimestribus
1145 2844 1363 2874 quaerentur,
1393 2844 1464 2868 tum
1487 2848 1526 2867 ne
1552 2841 1629 2875 quid
1656 2841 1860 2872 litterarum,

243 2882 302 2907 sub
317 2882 378 2908 hoc
391 2883 687 2916 quadrimestrIum
702 2885 834 2912 nomine
849 2886 960 2912 ubivis
975 2894 994 2913 a
1009 2887 1102 2913 nobis
1117 2887 1354 2921 inventarum,
1370 2887 1424 2914 hic
1441 2888 1662 2917 desideretur.

297 2930 309 2947 ²
348 2929 432 2956 Vide
447 2937 559 2966 supra,
575 2939 605 2958 n.
623 2931 724 2964 CXII,
741 2940 817 2966 pag.
833 2933 894 2964 ⁴164,
912 2938 980 2960 not.
994 2934 1020 2961 2.
