1987 3260
179 199 187 209 “
236 191 306 227 594
745 189 969 226 LlTTERAE
996 199 1355 232 QUADmMEsTREs

236 287 364 335 satis,
383 287 696 338 perstringam
717 286 960 325 dumtaxat
981 285 1028 325 in
1048 296 1229 325 summa
1249 292 1422 335 puncta
1443 286 1685 336 quaedam.
1704 285 1854 325 Tanta

235 358 318 397 fuit
347 358 606 398 animorum
633 356 840 407 agitatio,
870 368 1009 407 quam
1038 356 1266 395 Dominus
1292 356 1523 407 praestitit
1550 356 1733 407 populis
1749 356 1852 406 illis,

236 428 538 479 aggrediente
560 428 648 467 illis
669 427 806 467 Patre
828 427 1121 476 concionem,
1145 426 1230 466 fuit
1250 432 1493 477 praeterea
1514 431 1670 466 tantus
1691 432 1735 466 et
1759 432 1855 466 tam

235 499 350 538 bene
368 497 560 538 affectus
578 498 775 545 animus,
795 508 931 548 quem
948 497 1194 547 habebant,
1215 502 1309 536 tam
1327 497 1385 536 ad
1403 497 1653 536 conciones
1670 497 1853 536 audien—

235 569 319 609 das
353 580 493 620 quam
526 568 584 607 ad
618 574 813 618 peccata
849 579 933 607 sua
968 567 1313 618 patefacienda,
1354 573 1404 607 ut
1437 568 1656 618 templum
1696 567 1855 607 diebus

234 640 373 679 etiam
393 639 611 690 profestis
632 639 833 688 adirent,
857 638 1049 689 perinde
1072 650 1127 678 ac
1147 649 1371 689 magnum
1400 638 1587 689 aliquod
1602 636 1855 688 jubilaeum

234 716 356 750 esset
384 710 608 760 oblatum3
639 715 924 760 quapropter
949 708 1077 749 Patri
1097 715 1278 760 nostro,
1309 709 1436 749 Patri
1457 709 1596 749 etiam
1616 709 1855 749 Balthasa-

232 782 292 831 ri,
317 781 473 820 comiti
494 792 599 830 suo,
623 786 805 831 tempus
826 791 919 820 non
940 786 1183 831 supererat
1204 780 1476 820 comedendi
1502 791 1757 831 precesque
1788 792 1855 820 re-

233 851 429 902 citandi,
460 850 582 902 quod
617 850 655 889 si
689 856 887 901 quatuor
923 856 967 891 et
993 862 1047 890 eo
1072 851 1228 902 plures
1258 851 1439 901 iissent,
1469 862 1629 890 omnes
1661 850 1855 890 fuissent

234 921 376 972 probe
394 920 614 972 impediti.
634 920 864 960 Adierunt
878 921 1042 961 Patres
1057 920 1300 972 hospitale.
1320 920 1523 972 Populus
1541 921 1730 972 pariter,
1751 932 1854 960 con-

233 992 443 1032 cionibus
466 991 634 1032 auditis
654 1003 949 1043 nequaquam
967 997 1226 1042 contentus,
1247 992 1507 1032 confluebat
1528 992 1587 1031 ad
1608 991 1852 1043 hospita1e;

233 1063 310 1103 ubi
331 1063 482 1103 denuo
504 1063 569 1102 illi
588 1062 726 1102 Pater
750 1063 1133 1113 concionabatur,
1158 1069 1201 1102 et
1229 1074 1440 1102 seorsum
1467 1062 1749 1114 pauperibus
1777 1063 1854 1113 qui

232 1134 324 1173 illic
351 1133 569 1183 aderant3
607 1133 793 1184 quando
824 1133 986 1173 Patres
1017 1134 1075 1173 ab
1103 1145 1195 1173 uno
1223 1133 1282 1173 ad
1310 1133 1450 1172 alium
1477 1145 1526 1172 se
1553 1132 1855 1172 conferebant

231 1205 402 1255 locum,
441 1215 546 1243 cum
581 1214 754 1254 magna
788 1215 867 1243 eos
903 1204 1149 1243 devotione
1182 1204 1509 1255 sequebantur.
1539 1203 1655 1243 Tam
1680 1214 1853 1254 magna

230 1274 453 1324 vigebant
472 1275 720 1325 populares
742 1275 805 1313 illi
827 1274 1069 1324 charitate,
1093 1274 1215 1325 quod
1236 1286 1329 1313 non
1349 1274 1487 1313 modo
1508 1285 1622 1325 opus
1638 1286 1731 1313 non
1753 1279 1852 1313 erat

230 1346 550 1396 eleemosynas
569 1351 750 1396 petere,
774 1345 856 1385 sed
878 1346 1033 1396 potius
1053 1345 1141 1384 illis
1162 1351 1459 1396 supererant,
1489 1357 1607 1396 quae
1628 1345 1730 1384 aliis
1751 1356 1852 1396 pos-

231 1422 331 1456 sent
352 1416 633 1467 pauperibus
661 1416 707 1456 in
742 1417 1063 1467 eleemosynas
1091 1416 1282 1467 porrigi.
1313 1416 1690 1456 Concionabatur
1716 1416 1854 1455 Pater

229 1488 298 1526 bis
319 1493 425 1527 ante
446 1487 692 1538 prandium
716 1499 820 1527 cum
841 1486 1005 1538 majori
1024 1487 1183 1539 populi
1210 1488 1457 1538 applausu;
1488 1486 1855 1526 concionabatur

232 1559 337 1597 item
360 1564 465 1608 post
487 1558 755 1609 prandium;
779 1558 943 1609 quibus
964 1558 1103 1597 rebus
1130 1558 1299 1598 mansit
1326 1569 1442 1608 gens
1471 1558 1549 1596 illa
1575 1557 1711 1597 valde
1738 1557 1854 1596 bene

232 1627 420 1676 affecta,
445 1640 589 1679 usque
611 1628 727 1668 adeo
750 1635 798 1668 ut
820 1629 1027 1679 quidam,
1061 1628 1198 1668 homo
1229 1628 1414 1679 quidem
1441 1628 1740 1679 praecipuus,
1773 1639 1851 1667 no-

233 1699 353 1738 minc
374 1699 532 1750 populi
553 1699 734 1738 venerit
755 1699 982 1750 petiturus
1005 1712 1030 1739 a
1052 1698 1189 1739 Patre
1210 1706 1370 1738 nostro
1400 1698 1684 1738 Provinciali
1712 1697 1853 1738 facul-

231 1775 394 1819 tatem,
419 1781 509 1820 qua
528 1770 687 1809 liceret
715 1770 763 1809 P.
795 1776 975 1820 nostro,
1005 1770 1200 1809 Doctori
1227 1770 1485 1820 Baptistae,
1516 1776 1714 1809 ventura
1746 1780 1853 1820 qua-

230 1840 496 1890 dragesima
531 1841 654 1891 apud
682 1841 783 1880 illos
812 1841 1096 1880 concionari.
1126 1840 1447 1891 Responderat
1477 1840 1597 1879 enim
1632 1839 1771 1879 Pater
1805 1851 1853 1879 se

230 1911 328 1950 sine
366 1910 414 1951 P.
458 1910 766 1951 Provincialis
800 1912 938 1951 venia
974 1912 1019 1952 id
1054 1912 1234 1951 efficere
1272 1923 1365 1951 non
1400 1922 1551 1962 posse.
1595 1910 1851 1961 Quemdam

231 1988 384 2021 tamen
401 1981 744 2022 provincialem
760 1982 1157 2033 Augustinianum
1174 1983 1231 2022 ab
1253 1983 1319 2021 eis
1340 1988 1614 2032 suggestum
1637 1981 1682 2021 in
1703 1982 1853 2033 proxi-

230 2064 354 2092 mam
374 2053 784 2104 quadragesimam
805 2054 991 2105 petiisse
1014 2054 1221 2094 auditum
1243 2059 1325 2093 est.

309 2124 536 2164 Doctrina
558 2125 813 2164 christiana
836 2125 881 2164 in
903 2125 1058 2164 multis
1079 2125 1194 2164 locis
1218 2125 1377 2164 diebus
1398 2124 1527 2163 festis
1552 2123 1851 2163 declamatur.

310 2195 360 2234 In
381 2195 467 2234 hoc
491 2206 635 2245 regno
657 2196 745 2235 hoc
767 2197 941 2235 malum
962 2196 1090 2246 viget
1113 2197 1236 2247 quod
1257 2207 1349 2235 non
1370 2196 1580 2246 integrae
1607 2194 1855 2234 confessio-

232 2277 313 2304 ncs
335 2271 455 2305 sunt.
480 2265 705 2305 Existimo
727 2267 849 2305 enim
870 2267 1058 2306 unicum
1082 2266 1327 2306 dumtaxat
1348 2267 1535 2306 Patrem
1555 2266 1601 2305 in
1630 2266 1719 2305 hac
1747 2276 1854 2316 qua-

233 2335 498 2385 dragesima
520 2337 674 2387 plures
697 2349 837 2387 quam
858 2338 1018 2377 decem
1041 2337 1226 2377 audisse
1249 2337 1567 2377 confessiones
1593 2336 1853 2376 reiteratas.

234 2405 344 2445 Erat
367 2406 412 2444 in
433 2407 631 2456 quodam
656 2407 824 2458 oppido
847 2419 1023 2458 eorum,
1044 2419 1163 2458 quae
1185 2413 1496 2458 peragrarunt
1517 2405 1695 2456 Patres,
1714 2406 1854 2445 homo

233 2476 420 2526 quidam
448 2477 685 2528 princeps,
717 2478 794 2528 qui
825 2491 850 2518 a
882 2478 1117 2518 sexdecim
1150 2478 1284 2517 annis
1313 2478 1504 2517 haberet
1531 2476 1852 2523 concubinam,

233 2546 309 2596 qui
331 2557 502 2597 magna
525 2549 855 2598 commotione,
879 2560 1018 2599 quam
1039 2549 1253 2600 praebuit
1274 2548 1337 2588 illi
1359 2548 1586 2589 Dominus
1608 2548 1654 2586 in
1675 2547 1855 2587 concio-

233 2616 366 2655 nibus
397 2616 568 2668 Patris,
601 2619 664 2658 ita
699 2619 786 2658 Dei
814 2619 1036 2659 beneficio
1065 2631 1119 2659 ac
1146 2619 1297 2659 Patris
1328 2630 1554 2670 persuasu
1587 2618 1856 2657 immutatus

233 2692 322 2737 est,
346 2693 395 2727 ut
417 2699 610 2728 uxorem
631 2700 733 2728 eam
755 2690 943 2729 duceret
974 2701 1112 2741 quam
1142 2696 1279 2729 antea
1308 2690 1615 2729 concubinam
1640 2689 1852 2735 habebat,

233 2768 290 2795 ex
317 2769 407 2807 qua
442 2760 611 2798 multos
634 2766 902 2811 susceperat
930 2760 1060 2800 filios.
1090 2761 1336 2800 Habebant
1364 2760 1584 2811 oppidani
1610 2759 1673 2799 illi
1700 2770 1855 2810 quam-

234 2826 340 2865 dam
370 2834 581 2868 sanctam
616 2829 733 2869 inter
767 2841 815 2869 se
850 2831 1229 2881 aemulationem,
1261 2836 1306 2870 et
1332 2830 1525 2882 proinde
1554 2830 1856 2870 mittebantur

232 2898 388 2936 nuncii
421 2899 604 2948 magnis
640 2899 1047 2949 efflagitationibus
1082 2914 1108 2940 a
1143 2900 1281 2941 Patre
1314 2901 1503 2952 petituri
1537 2901 1686 2940 adiret
1716 2900 1854 2940 etiam

231 2978 329 3011 eo&
356 2973 403 3006 ut
426 2975 469 3006 et
491 2969 626 3014 alios,
655 2976 699 3008 et
721 2971 1044 3010 consolaturus
1065 2977 1110 3010 et
1138 2972 1511 3011 concionaturus.
1540 2971 1665 3018 Dum
1693 2970 1855 3010 Patres
