1987 3260
885 195 967 232 AN.
1000 196 1085 233 1551
1727 199 1797 235 343

175 289 514 339 singularitate.
535 290 637 330 Non
655 298 845 332 cantant
866 292 912 332 in
933 293 1132 344 templis;
1151 304 1311 333 eorum
1333 294 1558 333 exercitia
1578 305 1673 334 non
1693 306 1800 334 con·

176 359 320 399 tinent
342 371 539 411 magnas
560 363 870 413 poenitentias
891 369 936 403 et
956 364 1148 414 similia;
1172 363 1254 403 sed
1282 364 1434 403 omnia
1465 365 1801 416 propemodum

175 435 281 470 sunt
302 432 565 471 communia
587 439 631 473 et
654 433 839 474 interim
864 435 1125 486 perducunt
1154 434 1211 475 ad
1240 435 1461 475 maxima.
1490 435 1625 475 Nova
1652 436 1799 487 profe-

176 506 250 540 cto
267 507 310 540 et
327 501 533 542 inaudita
555 505 943 556 sanctissimaque
961 511 1067 546 sunt
1084 506 1213 556 haec,
1239 506 1357 546 sicut
1374 515 1419 545 et
1435 506 1609 546 dictum
1625 517 1800 546 novum

174 570 248 610 X.i
275 573 558 613 mandatum.
590 574 693 615 Non
720 576 843 626 quod
873 577 1082 617 habitum
1109 583 1153 617 et
1182 576 1295 626 alia,
1328 588 1446 627 quae
1473 577 1798 627 religiosorum

175 648 303 692 sunt,
339 643 612 684 damnemus
647 646 693 685 in
727 646 814 696 cis,
850 647 1014 698 quibus
1049 647 1165 687 haec
1199 654 1305 687 sunt
1339 648 1605 687 necessaria
1639 653 1682 687 et
1715 648 1797 687 uti-

174 713 257 763 lia,
290 720 376 753 etc.
403 713 536 764 Quod
567 717 625 756 ad
646 724 757 757 vota
780 717 914 768 hujus
934 730 1085 758 novae
1106 724 1389 770 sanctaeque
1420 718 1667 759 Societatis
1697 720 1796 759 atti-

172 789 270 834 net,
295 792 467 825 vovent
490 786 716 838 imprimis
737 788 827 828 tria
849 795 958 828 vota
980 789 1329 840 substantialia,
1354 800 1482 829 more
1504 790 1709 829 omnium
1729 802 1795 830 re-

172 854 458 906 ligiosorum;
483 858 563 897 sed
580 859 717 909 longe
735 859 1015 910 perfectiori,
1036 861 1175 900 immo
1196 860 1533 912 perfectissimo
1554 860 1708 911 modo,
1733 861 1794 900 ita

170 931 218 964 ut
241 924 447 976 ipsorum
469 928 565 967 vita
586 929 739 980 potius
761 931 975 970 coelestis
1003 944 1058 971 ac
1084 931 1244 971 divina
1271 943 1411 983 quam
1432 932 1636 971 humana
1657 931 1715 972 sit
1733 932 1794 971 di-

169 996 317 1036 cenda
338 998 451 1037 vita.
477 998 665 1039 Vovent
685 1000 808 1040 enim
828 1002 1082 1041 secundum
1104 1002 1253 1042 bullas
1274 1008 1319 1042 et
1340 1002 1695 1042 constitutiones
1716 1002 1792 1042 So-

169 1066 351 1106 cietatis
371 1066 590 1118 ejusdem.
615 1070 664 1109 In
685 1077 959 1122 paupertate
981 1084 1141 1112 omnes
1162 1073 1430 1124 religiosos,
1455 1073 1595 1113 etiam
1627 1073 1795 1113 franci-

169 1147 352 1188 scanos,
373 1140 618 1180 excedunt.
643 1141 710 1181 Illi
730 1154 930 1193 namque
948 1143 1069 1183 bona
1085 1144 1350 1183 communia
1367 1156 1506 1195 saepe
1527 1144 1713 1195 habent,
1732 1152 1792 1192 et,

169 1219 253 1259 pro
274 1207 429 1249 Missis
450 1212 771 1263 eleemosynas
792 1213 1079 1265 accipiendo,
1104 1215 1149 1254 in
1170 1221 1444 1266 paupertate
1474 1216 1793 1265 sublevantur,

169 1279 284 1318 haec
302 1291 414 1319 vero
435 1288 597 1321 sancta
615 1281 826 1323 Societas
846 1295 931 1324 nec
952 1285 1045 1324 ulla
1067 1286 1330 1325 communia
1346 1298 1431 1325 nec
1448 1287 1634 1337 privata
1655 1287 1795 1327 habet

168 1349 310 1399 bona,
341 1362 427 1390 nec
456 1363 539 1403 pro
567 1352 724 1393 Missis
753 1361 831 1394 aut
859 1355 962 1394 aliis
990 1356 1234 1395 charitatis
1262 1356 1422 1396 officiis
1449 1358 1791 1409 eleemosynam

168 1420 308 1460 ullam
331 1421 592 1473 admittunt,
616 1423 736 1463 X.urn
758 1424 994 1465 dominum
1010 1426 1215 1477 perfecte
1233 1433 1493 1478 sequentes,
1513 1428 1591 1479 qui
1608 1440 1700 1468 non
1716 1429 1792 1468 ha-

169 1491 264 1531 buit
287 1492 364 1531 ubi
384 1500 524 1544 caput
546 1495 807 1535 reclinaret.
831 1495 1079 1536 Scholares
1107 1497 1293 1548 quidem
1313 1496 1517 1548 ejusdem
1545 1498 1792 1539 Societatis

167 1574 250 1602 sua
271 1563 443 1603 habent
463 1565 681 1616 collegia,
706 1566 842 1617 idque
863 1567 910 1606 in
930 1567 1326 1607 Universitatibus
1346 1568 1465 1617 fere,
1498 1575 1546 1609 ut
1578 1570 1793 1610 videlicet

166 1633 336 1673 ibidem
357 1635 573 1675 studeant
596 1644 1026 1689 praeparenturque
1046 1638 1107 1678 ad
1126 1638 1484 1690 professionem3
1518 1640 1599 1680 sed
1629 1651 1687 1680 ex
1715 1640 1792 1680 hu-

162 1703 363 1754 jusmodi
382 1706 514 1745 bonis
535 1713 614 1747 aut
637 1708 846 1758 collegiis
867 1709 955 1760 ipsi
975 1709 1174 1760 professi
1195 1710 1307 1750 nihil
1328 1716 1524 1761 possunt
1554 1711 1600 1750 in
1628 1711 1793 1751 utilita—

166 1781 258 1815 tem
280 1787 414 1816 suam
430 1783 718 1818 convertere.
738 1779 789 1819 In
811 1785 974 1819 sancta
995 1792 1177 1832 quoque
1199 1781 1460 1821 obedientia
1483 1793 1643 1822 omnes
1663 1794 1791 1834 supe—

166 1852 292 1896 rant,
316 1847 423 1898 quia
452 1848 550 1888 sine
579 1849 672 1889 ulla
698 1850 1089 1900 tergiversatione
1120 1851 1344 1903 implicita
1370 1853 1445 1892 vel
1472 1853 1694 1903 explicita
1720 1865 1791 1893 co-

164 1923 338 1966 guntur
365 1929 507 1968 agere
542 1925 586 1959 et
615 1920 681 1959 ire
713 1920 772 1960 ad
800 1922 1127 1974 quodcumque
1157 1934 1274 1974 opus
1301 1930 1344 1963 et
1374 1934 1665 1975 quocumque
1692 1925 1791 1964 mit-

163 1994 337 2038 tantur,
357 1989 457 2029 sive
479 1989 537 2029 ad
560 1990 708 2041 indos,
727 1992 827 2031 sive
849 1991 907 2031 ad
924 1993 1202 2043 haereticos,
1223 1994 1322 2033 sive
1339 1994 1398 2033 ad
1419 1999 1592 2044 turcas,
1618 1995 1716 2035 sive
1734 1996 1791 2035 ad

164 2059 525 2100 barbarissimas
546 2073 752 2113 quasque
773 2062 1010 2113 nationes,
1035 2064 1175 2103 etiam
1204 2064 1241 2103 si
1270 2076 1493 2115 praesens
1522 2066 1686 2106 mortis
1712 2066 1791 2105 im-

164 2130 358 2170 mineret
378 2132 652 2183 periculum.
677 2132 806 2183 Quod
838 2134 993 2185 itaque
1023 2141 1214 2175 sanctus
1241 2135 1522 2175 Franciscus
1551 2148 1608 2175 ex
1636 2147 1791 2188 super-

164 2201 421 2242 abundanti
442 2202 529 2242 Dei
550 2204 647 2243 zelo
669 2205 811 2243 semel
832 2205 1045 2253 tentavit,
1070 2205 1127 2244 ad
1151 2206 1237 2246 hoc
1258 2206 1305 2246 hi
1327 2207 1478 2246 sancti
1498 2207 1576 2246 filii
1605 2219 1654 2246 se
1682 2215 1791 2248 voto

165 2272 388 2323 obligant,
413 2274 451 2313 si
471 2286 525 2313 eo
547 2275 803 2326 mittantur,
828 2282 871 2316 et
892 2277 1045 2327 potius
1066 2277 1185 2317 mori
1202 2289 1340 2328 quam
1363 2279 1531 2329 quovis
1552 2279 1689 2318 modo
1705 2291 1792 2330 pro

164 2344 435 2384 reversione
456 2345 722 2386 sollicitare.
746 2346 880 2386 Hanc
904 2359 1084 2399 quoque
1103 2349 1353 2399 specialem
1374 2349 1685 2390 obedientiam
1711 2362 1790 2389 vo-

166 2420 274 2454 vent
301 2414 490 2455 Summo
524 2416 738 2457 Pontifici
772 2430 856 2469 pro
891 2424 1100 2470 tempore
1134 2420 1366 2460 existenti.
1406 2420 1610 2461 Castitas
1642 2421 1791 2472 major

162 2496 264 2525 esse
284 2497 377 2525 non
407 2493 560 2537 potest
588 2499 727 2539 quam
757 2489 830 2528 cui
857 2501 1018 2530 omnes
1046 2490 1254 2541 religiosi
1282 2503 1331 2530 se
1365 2492 1677 2543 adstringunt.
1708 2493 1790 2532 Po-

163 2562 336 2596 stremo
357 2564 530 2597 vovent
552 2559 802 2609 specialem
823 2571 984 2600 curam
1012 2572 1262 2612 puerorum
1293 2562 1339 2602 in
1367 2563 1641 2603 rudimentis
1668 2563 1787 2603 fidei.

164 2625 305 2666 Recte
326 2639 438 2667 sane
455 2629 687 2680 praevidit
704 2630 910 2681 ipsorum
927 2632 1103 2682 primus
1121 2632 1372 2684 institutor,
1391 2634 1643 2673 modernus
1659 2646 1788 2686 prae-

162 2697 339 2747 positus
360 2698 590 2749 Ignatius,
614 2711 709 2740 non
730 2713 869 2752 posse
889 2703 1111 2743 mundum
1143 2703 1411 2752 reformari,
1441 2704 1531 2743 nisi
1557 2705 1690 2755 pueri
1717 2717 1787 2745 ru-

161 2766 407 2820 dioresque
429 2770 475 2809 in
496 2769 810 2811 fundamentis
830 2772 1044 2823 Xpianae
1065 2774 1305 2824 religionis
1326 2774 1441 2814 bene
1469 2774 1785 2815 instituantur.

163 2838 256 2877 Alii
277 2847 516 2890 exponunt
537 2842 783 2892 evangelia
804 2850 883 2883 aut
905 2844 1149 2895 epistolam
1171 2845 1374 2896 aliquam
1397 2852 1440 2885 et
1458 2845 1572 2886 bene
1594 2846 1784 2886 faciunt.

160 2909 250 2949 Sed
281 2910 327 2949 hi
349 2912 500 2951 sancti
522 2912 601 2951 filii
623 2919 666 2953 et
688 2913 861 2954 domini
882 2915 928 2954 in
950 2916 1087 2967 longe
1110 2916 1345 2956 humiliori
1366 2929 1421 2956 ac
1451 2918 1601 2968 magis
1629 2930 1784 2958 neces*

161 2980 285 3019 sario
307 2988 557 3022 versantur
586 2983 759 3031 officio,
791 2997 893 3025 cum
922 2986 967 3025 in
997 2986 1133 3026 dictis
1161 2986 1450 3027 documentis
1479 2995 1782 3040 occupantur.
