1987 3260
212 174 250 210 ol
259 174 281 209 ‘2
720 171 946 207 LITTERAE
973 181 1328 213 QUADRIMESTRES

292 303 658 354 Superscrz'ptio.
696 276 808 342 HTIS.
845 301 1113 342 Admodum
1146 301 1422 341 Reverendo
1464 302 1591 342 Patri
1629 304 1827 355 Ignatio,

212 374 484 425 Praeposito
503 373 723 413 Generali
744 371 1004 422 Societatis‚
1027 371 1219 412 Romae.

291 445 354 484 Et
375 443 580 483 Polancz'
596 454 739 482 mann
753 454 768 481 .·
789 441 1082 482 Salamanea.

290 515 349 554 Et
372 514 490 554 alia:
516 513 640 564 Maji.
664 526 706 563 q.
731 524 765 552 5.

908 918 1128 973 CXLII

276 1130 530 1178 Alphonsus
559 1129 744 1166 Barreto

325 1195 553 1232 Fratribus
574 1193 1018 1231 Conimbricensibus.

370 1260 537 1306 Evora,
558 1269 708 1296 mense
728 1258 870 1306 Aprili
890 1257 982 1294 1552
1000 1258 1024 1294 ¹.

978 1398 1074 1473 iilis

238 1575 339 1609 Copia
365 1575 403 1601 de
425 1583 490 1601 una
512 1575 565 1602 del
587 1575 757 1601 Hermano
774 1574 834 1601 A.⁰
850 1574 1011 1608 Bau-reto,
1035 1582 1096 1609 que
1120 1574 1273 1601 escriven
1294 1574 1344 1601 del
1369 1574 1505 1609 Colegio
1521 1575 1559 1601 de
1576 1574 1693 1602 Evora
1708 1575 1791 1601 3105

496 1622 682 1648 Hei-manos
698 1622 737 1648 de
754 1621 920 1655 Coimbra,
936 1621 1087 1648 tecibida
1102 1629 1142 1648 en
1157 1622 1187 1648 61
1203 1629 1272 1648 mes
1287 1622 1327 1648 de
1342 1622 1441 1649 Abril
1458 1622 1534 1648 1552.

284 1749 529 1798 Nosotros,
558 1747 743 1787 bendito
779 1759 857 1787 563
891 1749 931 1787 61
959 1746 1122 1798 Senos,
1154 1753 1356 1787 estamos
1384 1748 1519 1787 todos
1542 1747 1748 1800 [buenos]
1772 1749 1827 1788 de

204 1819 337 1860 5311161
358 1833 388 1871 y
409 1820 478 1858 los
498 1818 761 1858 Hermanos
783 1829 1067 1869 perseverari
1088 1829 1172 1857 con
1198 1824 1448 1869 augmento
1476 1830 1533 1858 en
1553 1830 1631 1858 sus
1654 1819 1826 1859 exerci-

204 1891 300 1930 cios
322 1889 723 1930 acostumbrados.
744 1888 786 1928 V
808 1895 981 1939 quanto
1004 1891 1030 1928 3
1051 1889 1119 1928 105
1140 1889 1462 1939 particulares,
1487 1900 1536 1929 56
1558 1889 1747 1940 ayudan
1769 1902 1825 1930 en

202 1961 404 2012 especial
425 1960 481 2000 de
506 1961 576 1999 135
604 1959 890 1999 obedientias
911 1958 924 1976 '²
953 1971 1040 1998 con
1066 1960 1110 1998 13
1140 1960 1543 1999 communicacion
1564 1960 1822 2011 espiritual‚

201 2043 288 2083 que
303 2043 359 2071 en
377 2032 503 2082 61135,
525 2030 841 2080 charissimos,
866 2029 1006 2069 usais.
1029 2029 1099 2069 De
1121 2030 1183 2069 mi
1206 2041 1258 2068 05
1279 2033 1328 2069 56
1350 2029 1476 2070 decir
1497 2041 1585 2081 que
1606 2042 1679 2070 me
1700 2031 1822 2070 hallo

200 2114 288 2141 con
315 2112 422 2152 muy
452 2101 707 2152 particular
740 2100 990 2140 necesidad
1017 2099 1072 2139 de
1101 2105 1314 2139 vuestras
1343 2100 1599 2140 oraciones.
1625 2100 1823 2141 Nuestro

199 2172 346 2212 Sefior
368 2184 419 2211 05
440 2172 496 2211 de'
518 2174 544 2211 3
568 2182 768 2210 60110661·
789 2174 988 2222 quantas
1009 2182 1135 2221 56311,
1159 2182 1275 2221 para
1296 2182 1383 2221 que
1404 2182 1477 2210 me
1499 2171 1707 2222 ayudeis.

278 2242 574 2282 Estudiamos
590 2254 620 2292 y
637 2252 800 2292 oymos
816 2241 886 2280 135
902 2240 1123 2280 lectiones
1141 2252 1228 2291 que
1245 2241 1426 2281 escribi.
1455 2253 1505 2281 ,5.
1525 2240 1539 2259 ⁵
1561 2242 1604 2281 13
1620 2242 1823 2292 primera

198 2319 331 2364 parte
358 2314 413 2352 (16
447 2311 591 2352 Santo
619 2312 823 2352 Thomas
852 2311 907 2351 de
938 2310 1162 2361 Artaeho‚
1192 2324 1222 2362 y
1252 2323 1308 2350 en
1337 2316 1436 2351 esta
1470 2323 1731 2363 quaresma,
1766 2324 1823 2352 en

199 2383 409 2422 absentia
431 2381 486 2421 de
508 2382 717 2432 Ulmedo,
745 2383 789 2421 13
811 2382 1005 2432 epistola
1032 2381 1087 2421 de
1109 2380 1333 2431 Santiago
1355 2393 1442 2432 que
1469 2393 1553 2422 nos
1578 2382 1683 2433 leyo
1710 2381 1822 2422 Luis

199 2453 401 2493 Alvarez
423 2451 450 2489 ⁴.

253 2589 260 2608 ¹
302 2589 549 2623 Apographum
564 2589 596 2615 in
611 2589 689 2615 folio
705 2589 813 2622 unico,
829 2596 859 2614 n.
875 2588 935 2614 293.

249 2637 261 2654 2'
300 2636 403 2663 Plura
419 2636 451 2663 in
466 2635 635 2670 religiosis
649 2635 802 2669 familiis,
819 2643 959 2662 munera
973 2635 1177 2669 praesertim
1198 2642 1237 2661 ae
1259 2634 1368 2662 officia
1379 2656 1385 2668 ‚
1409 2642 1493 2669 quae
1508 2642 1568 2669 per
1583 2635 1820 2662 obedientlam

196 2682 424 2716 injunguntur,
441 2683 503 2709 hoe
518 2683 649 2710 nomine
666 2683 864 2709 obedientia
882 2683 1109 2716 appellantur.
1125 2682 1189 2708 Hic
1200 2686 1314 2708 autem
1326 2682 1529 2709 collationes
1541 2682 1684 2716 intelligi
1699 2682 1819 2709 debere

197 2729 439 2763 existimamus,
455 2733 530 2763 post
546 2729 723 2763 prandium
738 2733 797 2756 aut
813 2737 951 2756 coenam
972 2733 1030 2756 aut
1045 2729 1121 2756 aliis
1135 2729 1228 2756 horis
1243 2729 1363 2756 haberi
1377 2729 1506 2763 solitas,
1529 2729 1563 2756 in
1585 2729 1703 2763 quibus
1718 2729 1821 2756 ratio-

196 2783 270 2802 nem
285 2775 423 2809 quisque
439 2776 602 2803 reddebat
618 2780 688 2802 tum
703 2776 789 2802 modi
805 2783 903 2809 quem
917 2776 950 2802 in
964 2775 1157 2803 meditando
1172 2775 1211 2802 de
1226 2776 1328 2802 rebus
1349 2775 1412 2809 piis
1434 2776 1572 2803 tenebat
1584 2796 1590 2808 ,
1604 2781 1674 2803 111111
1689 2776 1820 2803 fructus

195 2830 292 2855 quem
304 2830 345 2848 ex
357 2823 418 2850 tali
430 2822 648 2850 meditatione
662 2823 830 2849 eliciebat.
843 2822 928 2849 Vide
940 2830 1042 2856 supra
1057 2823 1088 2849 in
1100 2830 1132 2849 n.
1143 2821 1228 2856 CIX,
1237 2830 1316 2856 pag.
1325 2822 1387 2856 448,
1399 2825 1432 2849 et
1446 2823 1582 2850 consule
1600 2823 1818 2850 Glossarium

197 2868 247 2894 1311
260 2868 388 2900 CANGE,
409 2870 503 2896 verb.
523 2869 740 2896 obedientia.

250 2916 262 2933 ·'·
301 2923 344 2948 .s.2
362 2916 507 2948 scilicet,
521 2917 693 2950 hispanice
711 2918 729 2943 ti
744 2918 857 2944 saber.

248 2963 261 2981 4
299 2962 451 2989 Artacho
476 2967 509 2989 et
532 2963 674 2990 Ulmedo
699 2963 877 2996 (Olmedo?⁸1
902 2964 1060 2991 videntur
1083 2964 1185 2991 fuisse
1208 2965 1365 2997 lectores,
1391 2965 1484 2991 illum
1508 2964 1711 2999 theologiae,
1729 2964 1816 2990 hunc
