<?xml version="1.0" encoding="UTF-8"?>
<!DOCTYPE html PUBLIC "-//W3C//DTD XHTML 1.0 Transitional//EN"
    "http://www.w3.org/TR/xhtml1/DTD/xhtml1-transitional.dtd">
<html xmlns="http://www.w3.org/1999/xhtml" xml:lang="en" lang="en">
 <head>
  <title>
</title>
<meta http-equiv="Content-Type" content="text/html;charset=utf-8" />
  <meta name='ocr-system' content='tesseract 3.04.00' />
  <meta name='ocr-capabilities' content='ocr_page ocr_carea ocr_par ocr_line ocrx_word'/>
</head>
<body>
  <div class='ocr_page' id='page_1' title='image "./litteraequadrime1301lain_0293.png"; bbox 0 0 1987 3260; ppageno 0'>
   <div class='ocr_carea' id='block_1_1' title="bbox 866 155 1777 196">
    <p class='ocr_par' dir='ltr' id='par_1_1' title="bbox 866 155 1777 196">
     <span class='ocr_line' id='line_1_1' title="bbox 866 155 1777 196; baseline -0.004 -1"><span class='ocrx_word' id='word_1_1' title='bbox 866 159 946 196; x_wconf 69' lang='lat' dir='ltr'>AN.</span> <span class='ocrx_word' id='word_1_2' title='bbox 980 158 1066 195; x_wconf 68' lang='lat'>1551</span> <span class='ocrx_word' id='word_1_3' title='bbox 1708 155 1777 194; x_wconf 76' lang='lat'>287</span> 
     </span>
    </p>
   </div>
   <div class='ocr_carea' id='block_1_2' title="bbox 857 608 1073 661">
    <p class='ocr_par' dir='ltr' id='par_1_2' title="bbox 857 608 1073 661">
     <span class='ocr_line' id='line_1_2' title="bbox 857 608 1073 661; baseline -0.005 0"><span class='ocrx_word' id='word_1_4' title='bbox 857 608 1073 661; x_wconf 87' lang='lat' dir='ltr'>LXXX</span> 
     </span>
    </p>
   </div>
   <div class='ocr_carea' id='block_1_3' title="bbox 228 835 913 1012">
    <p class='ocr_par' dir='ltr' id='par_1_3' title="bbox 228 835 913 1012">
     <span class='ocr_line' id='line_1_3' title="bbox 228 835 733 872; baseline 0.004 -2"><span class='ocrx_word' id='word_1_5' title='bbox 228 836 273 871; x_wconf 75' lang='lat' dir='ltr'>P.</span> <span class='ocrx_word' id='word_1_6' title='bbox 297 835 556 872; x_wconf 78' lang='lat' dir='ltr'>Leonardus</span> <span class='ocrx_word' id='word_1_7' title='bbox 576 835 733 872; x_wconf 86' lang='lat' dir='ltr'>Kessel</span> 
     </span>
     <span class='ocr_line' id='line_1_4' title="bbox 273 899 855 948; baseline 0 -12"><span class='ocrx_word' id='word_1_8' title='bbox 273 900 394 936; x_wconf 79' lang='lat' dir='ltr'>Patri</span> <span class='ocrx_word' id='word_1_9' title='bbox 411 900 579 947; x_wconf 82' lang='lat' dir='ltr'>Ignatio</span> <span class='ocrx_word' id='word_1_10' title='bbox 600 899 652 937; x_wconf 89' lang='lat' dir='ltr'>de</span> <span class='ocrx_word' id='word_1_11' title='bbox 672 900 855 948; x_wconf 87' lang='lat' dir='ltr'>Loyola.</span> 
     </span>
     <span class='ocr_line' id='line_1_5' title="bbox 321 963 913 1012; baseline -0.002 -10"><span class='ocrx_word' id='word_1_12' title='bbox 321 963 504 1002; x_wconf 90' lang='lat' dir='ltr'>Colonia</span> <span class='ocrx_word' id='word_1_13' title='bbox 520 964 568 1002; x_wconf 81' lang='lat'>30</span> <span class='ocrx_word' id='word_1_14' title='bbox 587 964 752 1012; x_wconf 80' lang='lat' dir='ltr'>Aprilis</span> <span class='ocrx_word' id='word_1_15' title='bbox 774 965 861 1001; x_wconf 79' lang='lat'>1551</span> <span class='ocrx_word' id='word_1_16' title='bbox 886 965 913 1002; x_wconf 83' lang='lat'>¹.</span> 
     </span>
    </p>
   </div>
   <div class='ocr_carea' id='block_1_4' title="bbox 795 1226 1149 1280">
    <p class='ocr_par' dir='ltr' id='par_1_4' title="bbox 795 1226 1149 1280">
     <span class='ocr_line' id='line_1_6' title="bbox 795 1226 1149 1280; baseline -0.006 0"><span class='ocrx_word' id='word_1_17' title='bbox 795 1226 1149 1280; x_wconf 86' lang='lat' dir='ltr'>COLONIA</span> 
     </span>
    </p>
   </div>
   <div class='ocr_carea' id='block_1_5' title="bbox 316 1383 1637 1418">
    <p class='ocr_par' dir='ltr' id='par_1_5' title="bbox 316 1383 1637 1418">
     <span class='ocr_line' id='line_1_7' title="bbox 316 1383 1637 1418; baseline 0 -7"><span class='ocrx_word' id='word_1_18' title='bbox 316 1385 367 1411; x_wconf 78' lang='lat' dir='ltr'>Ex</span> <span class='ocrx_word' id='word_1_19' title='bbox 383 1384 507 1411; x_wconf 76' lang='lat' dir='ltr'>litteris</span> <span class='ocrx_word' id='word_1_20' title='bbox 523 1384 557 1410; x_wconf 81' lang='lat' dir='ltr'>P.</span> <span class='ocrx_word' id='word_1_21' title='bbox 574 1383 754 1416; x_wconf 77' lang='lat' dir='ltr'>Leonardi,</span> <span class='ocrx_word' id='word_1_22' title='bbox 771 1391 790 1411; x_wconf 82' lang='lat' dir='ltr'>a</span> <span class='ocrx_word' id='word_1_23' title='bbox 803 1383 966 1417; x_wconf 76' lang='lat' dir='ltr'>januario</span> <span class='ocrx_word' id='word_1_24' title='bbox 982 1392 1086 1418; x_wconf 83' lang='lat' dir='ltr'>usque</span> <span class='ocrx_word' id='word_1_25' title='bbox 1101 1385 1145 1412; x_wconf 85' lang='lat' dir='ltr'>ad</span> <span class='ocrx_word' id='word_1_26' title='bbox 1165 1384 1264 1413; x_wconf 85' lang='lat' dir='ltr'>finem</span> <span class='ocrx_word' id='word_1_27' title='bbox 1289 1385 1438 1418; x_wconf 78' lang='lat' dir='ltr'>Aprilis.</span> <span class='ocrx_word' id='word_1_28' title='bbox 1455 1392 1542 1412; x_wconf 86' lang='lat' dir='ltr'>anno</span> <span class='ocrx_word' id='word_1_29' title='bbox 1559 1385 1637 1412; x_wconf 77' lang='lat'>1551.</span> 
     </span>
    </p>
   </div>
   <div class='ocr_carea' id='block_1_6' title="bbox 147 1526 1784 2852">
    <p class='ocr_par' dir='ltr' id='par_1_6' title="bbox 232 1526 1445 1579">
     <span class='ocr_line' id='line_1_8' title="bbox 232 1526 1445 1579; baseline 0 -12"><span class='ocrx_word' id='word_1_30' title='bbox 232 1526 395 1567; x_wconf 84' lang='lat' dir='ltr'>Gratia</span> <span class='ocrx_word' id='word_1_31' title='bbox 418 1532 461 1566; x_wconf 88' lang='lat' dir='ltr'>et</span> <span class='ocrx_word' id='word_1_32' title='bbox 482 1538 596 1577; x_wconf 81' lang='lat' dir='ltr'>pax,</span> <span class='ocrx_word' id='word_1_33' title='bbox 616 1533 702 1567; x_wconf 83' lang='lat' dir='ltr'>ete.</span> <span class='ocrx_word' id='word_1_34' title='bbox 1422 1557 1445 1579; x_wconf 76' lang='lat'>,</span> 
     </span>
    </p>

    <p class='ocr_par' dir='ltr' id='par_1_7' title="bbox 148 1596 1784 2497">
     <span class='ocr_line' id='line_1_9' title="bbox 228 1596 1780 1648; baseline 0.001 -11"><span class='ocrx_word' id='word_1_35' title='bbox 228 1596 554 1648; x_wconf 78' lang='lat' dir='ltr'>Superioribus</span> <span class='ocrx_word' id='word_1_36' title='bbox 575 1598 740 1638; x_wconf 86' lang='lat' dir='ltr'>litteris</span> <span class='ocrx_word' id='word_1_37' title='bbox 766 1598 1049 1638; x_wconf 79' lang='lat' dir='ltr'><strong>mentionem</strong></span> <span class='ocrx_word' id='word_1_38' title='bbox 1076 1598 1166 1638; x_wconf 87' lang='lat' dir='ltr'>feci</span> <span class='ocrx_word' id='word_1_39' title='bbox 1191 1598 1360 1638; x_wconf 84' lang='lat' dir='ltr'>nobilis</span> <span class='ocrx_word' id='word_1_40' title='bbox 1390 1598 1605 1639; x_wconf 87' lang='lat' dir='ltr'>dominae</span> <span class='ocrx_word' id='word_1_41' title='bbox 1627 1598 1780 1638; x_wconf 90' lang='lat' dir='ltr'>Abba-</span> 
     </span>
     <span class='ocr_line' id='line_1_10' title="bbox 148 1668 1782 1720; baseline 0.002 -13"><span class='ocrx_word' id='word_1_42' title='bbox 148 1668 291 1708; x_wconf 90' lang='lat' dir='ltr'>tissae</span> <span class='ocrx_word' id='word_1_43' title='bbox 325 1669 595 1708; x_wconf 84' lang='lat' dir='ltr'>monasterii</span> <span class='ocrx_word' id='word_1_44' title='bbox 628 1669 843 1709; x_wconf 77' lang='lat' dir='ltr'>undecim</span> <span class='ocrx_word' id='word_1_45' title='bbox 882 1669 1077 1709; x_wconf 89' lang='lat' dir='ltr'>millium</span> <span class='ocrx_word' id='word_1_46' title='bbox 1116 1669 1378 1720; x_wconf 84' lang='lat' dir='ltr'>virginum,</span> <span class='ocrx_word' id='word_1_47' title='bbox 1420 1681 1538 1720; x_wconf 89' lang='lat' dir='ltr'>quae</span> <span class='ocrx_word' id='word_1_48' title='bbox 1577 1669 1625 1709; x_wconf 91' lang='lat' dir='ltr'>in</span> <span class='ocrx_word' id='word_1_49' title='bbox 1663 1669 1782 1710; x_wconf 86' lang='lat' dir='ltr'>festo</span> 
     </span>
     <span class='ocr_line' id='line_1_11' title="bbox 149 1737 1782 1791; baseline 0.001 -12"><span class='ocrx_word' id='word_1_50' title='bbox 149 1737 367 1779; x_wconf 88' lang='lat' dir='ltr'>Omnium</span> <span class='ocrx_word' id='word_1_51' title='bbox 389 1737 668 1779; x_wconf 83' lang='lat' dir='ltr'>Sanctorum</span> <span class='ocrx_word' id='word_1_52' title='bbox 688 1739 871 1791; x_wconf 87' lang='lat' dir='ltr'>publice</span> <span class='ocrx_word' id='word_1_53' title='bbox 900 1740 1041 1791; x_wconf 83' lang='lat' dir='ltr'>(quod</span> <span class='ocrx_word' id='word_1_54' title='bbox 1066 1751 1306 1791; x_wconf 86' lang='lat' dir='ltr'>nunquam</span> <span class='ocrx_word' id='word_1_55' title='bbox 1334 1740 1488 1780; x_wconf 84' lang='lat' dir='ltr'>Visum</span> <span class='ocrx_word' id='word_1_56' title='bbox 1516 1741 1599 1790; x_wconf 91' lang='lat' dir='ltr'>est)</span> <span class='ocrx_word' id='word_1_57' title='bbox 1631 1740 1678 1780; x_wconf 90' lang='lat' dir='ltr'>in</span> <span class='ocrx_word' id='word_1_58' title='bbox 1712 1752 1782 1780; x_wconf 92' lang='lat' dir='ltr'>ec-</span> 
     </span>
     <span class='ocr_line' id='line_1_12' title="bbox 148 1810 1783 1861; baseline 0.001 -12"><span class='ocrx_word' id='word_1_59' title='bbox 148 1810 291 1849; x_wconf 82' lang='lat' dir='ltr'>clesia</span> <span class='ocrx_word' id='word_1_60' title='bbox 326 1810 409 1849; x_wconf 91' lang='lat' dir='ltr'>sub</span> <span class='ocrx_word' id='word_1_61' title='bbox 448 1816 607 1850; x_wconf 85' lang='lat' dir='ltr'>nostra</span> <span class='ocrx_word' id='word_1_62' title='bbox 641 1810 785 1850; x_wconf 86' lang='lat' dir='ltr'>Missa</span> <span class='ocrx_word' id='word_1_63' title='bbox 824 1811 1189 1851; x_wconf 77' lang='lat' dir='ltr'>communicavit</span> <span class='ocrx_word' id='word_1_64' title='bbox 1225 1822 1332 1851; x_wconf 89' lang='lat' dir='ltr'>cum</span> <span class='ocrx_word' id='word_1_65' title='bbox 1368 1822 1543 1861; x_wconf 82' lang='lat' dir='ltr'>magna</span> <span class='ocrx_word' id='word_1_66' title='bbox 1576 1811 1783 1851; x_wconf 89' lang='lat' dir='ltr'>omnium</span> 
     </span>
     <span class='ocr_line' id='line_1_13' title="bbox 148 1880 1784 1933; baseline 0.001 -14"><span class='ocrx_word' id='word_1_67' title='bbox 148 1880 491 1921; x_wconf 87' lang='lat' dir='ltr'>aedificatione:</span> <span class='ocrx_word' id='word_1_68' title='bbox 514 1881 718 1932; x_wconf 84' lang='lat' dir='ltr'>reliquae</span> <span class='ocrx_word' id='word_1_69' title='bbox 738 1892 852 1921; x_wconf 83' lang='lat' dir='ltr'>Vero</span> <span class='ocrx_word' id='word_1_70' title='bbox 874 1882 1130 1922; x_wconf 80' lang='lat' dir='ltr'>canonicae</span> <span class='ocrx_word' id='word_1_71' title='bbox 1149 1881 1208 1921; x_wconf 88' lang='lat' dir='ltr'>ad</span> <span class='ocrx_word' id='word_1_72' title='bbox 1229 1881 1572 1921; x_wconf 86' lang='lat' dir='ltr'>confessionem</span> <span class='ocrx_word' id='word_1_73' title='bbox 1590 1888 1633 1922; x_wconf 87' lang='lat' dir='ltr'>et</span> <span class='ocrx_word' id='word_1_74' title='bbox 1654 1882 1784 1933; x_wconf 89' lang='lat' dir='ltr'>ipsae</span> 
     </span>
     <span class='ocr_line' id='line_1_14' title="bbox 149 1952 1784 2003; baseline 0.001 -13"><span class='ocrx_word' id='word_1_75' title='bbox 149 1952 422 2002; x_wconf 84' lang='lat' dir='ltr'>praeparari</span> <span class='ocrx_word' id='word_1_76' title='bbox 444 1958 717 2003; x_wconf 86' lang='lat' dir='ltr'>coeperunt,</span> <span class='ocrx_word' id='word_1_77' title='bbox 741 1958 785 1992; x_wconf 90' lang='lat' dir='ltr'>et</span> <span class='ocrx_word' id='word_1_78' title='bbox 805 1952 852 1992; x_wconf 94' lang='lat' dir='ltr'>in</span> <span class='ocrx_word' id='word_1_79' title='bbox 873 1952 971 1992; x_wconf 89' lang='lat' dir='ltr'>dies</span> <span class='ocrx_word' id='word_1_80' title='bbox 991 1953 1038 1992; x_wconf 89' lang='lat' dir='ltr'>in</span> <span class='ocrx_word' id='word_1_81' title='bbox 1059 1952 1263 1992; x_wconf 90' lang='lat' dir='ltr'>Domino</span> <span class='ocrx_word' id='word_1_82' title='bbox 1287 1952 1553 2003; x_wconf 81' lang='lat' dir='ltr'>proficiunt.</span> <span class='ocrx_word' id='word_1_83' title='bbox 1585 1953 1636 1992; x_wconf 91' lang='lat' dir='ltr'>In</span> <span class='ocrx_word' id='word_1_84' title='bbox 1668 1953 1784 2003; x_wconf 77' lang='lat' dir='ltr'>vigi·</span> 
     </span>
     <span class='ocr_line' id='line_1_15' title="bbox 150 2021 1784 2073; baseline 0 -12"><span class='ocrx_word' id='word_1_85' title='bbox 150 2021 210 2061; x_wconf 91' lang='lat' dir='ltr'>lia</span> <span class='ocrx_word' id='word_1_86' title='bbox 231 2021 411 2062; x_wconf 80' lang='lat' dir='ltr'>Natalis</span> <span class='ocrx_word' id='word_1_87' title='bbox 432 2021 635 2073; x_wconf 91' lang='lat' dir='ltr'>Domini,</span> <span class='ocrx_word' id='word_1_88' title='bbox 659 2029 703 2062; x_wconf 91' lang='lat' dir='ltr'>et</span> <span class='ocrx_word' id='word_1_89' title='bbox 730 2023 871 2062; x_wconf 92' lang='lat' dir='ltr'>etiam</span> <span class='ocrx_word' id='word_1_90' title='bbox 892 2023 938 2062; x_wconf 90' lang='lat' dir='ltr'>in</span> <span class='ocrx_word' id='word_1_91' title='bbox 959 2023 1033 2062; x_wconf 87' lang='lat' dir='ltr'>die</span> <span class='ocrx_word' id='word_1_92' title='bbox 1063 2022 1248 2063; x_wconf 86' lang='lat' dir='ltr'>Coenae</span> <span class='ocrx_word' id='word_1_93' title='bbox 1278 2022 1484 2073; x_wconf 85' lang='lat' dir='ltr'>Domini,</span> <span class='ocrx_word' id='word_1_94' title='bbox 1509 2023 1672 2063; x_wconf 88' lang='lat' dir='ltr'>eadem</span> <span class='ocrx_word' id='word_1_95' title='bbox 1692 2023 1784 2062; x_wconf 78' lang='lat' dir='ltr'>Ab·</span> 
     </span>
     <span class='ocr_line' id='line_1_16' title="bbox 150 2093 1783 2143; baseline 0.001 -11"><span class='ocrx_word' id='word_1_96' title='bbox 150 2093 340 2143; x_wconf 83' lang='lat' dir='ltr'>batissa,</span> <span class='ocrx_word' id='word_1_97' title='bbox 383 2104 488 2133; x_wconf 89' lang='lat' dir='ltr'>cum</span> <span class='ocrx_word' id='word_1_98' title='bbox 533 2094 746 2133; x_wconf 89' lang='lat' dir='ltr'>omnibus</span> <span class='ocrx_word' id='word_1_99' title='bbox 784 2093 1063 2133; x_wconf 82' lang='lat' dir='ltr'>monialibus</span> <span class='ocrx_word' id='word_1_100' title='bbox 1104 2099 1149 2134; x_wconf 93' lang='lat' dir='ltr'>et</span> <span class='ocrx_word' id='word_1_101' title='bbox 1184 2099 1282 2133; x_wconf 88' lang='lat' dir='ltr'>tota</span> <span class='ocrx_word' id='word_1_102' title='bbox 1316 2093 1508 2143; x_wconf 86' lang='lat' dir='ltr'>familia,</span> <span class='ocrx_word' id='word_1_103' title='bbox 1538 2101 1702 2134; x_wconf 88' lang='lat' dir='ltr'>nostra</span> <span class='ocrx_word' id='word_1_104' title='bbox 1736 2094 1783 2133; x_wconf 90' lang='lat' dir='ltr'>in</span> 
     </span>
     <span class='ocr_line' id='line_1_17' title="bbox 149 2162 1784 2214; baseline 0.001 -12"><span class='ocrx_word' id='word_1_105' title='bbox 149 2162 292 2203; x_wconf 87' lang='lat' dir='ltr'>Missa</span> <span class='ocrx_word' id='word_1_106' title='bbox 322 2164 746 2214; x_wconf 74' lang='lat' dir='ltr'>communicarunt,</span> <span class='ocrx_word' id='word_1_107' title='bbox 768 2164 1058 2204; x_wconf 87' lang='lat' dir='ltr'>tantumdem</span> <span class='ocrx_word' id='word_1_108' title='bbox 1084 2164 1131 2204; x_wconf 90' lang='lat' dir='ltr'>in</span> <span class='ocrx_word' id='word_1_109' title='bbox 1158 2164 1231 2204; x_wconf 88' lang='lat' dir='ltr'>die</span> <span class='ocrx_word' id='word_1_110' title='bbox 1260 2163 1485 2204; x_wconf 81' lang='lat' dir='ltr'>Paschae.</span> <span class='ocrx_word' id='word_1_111' title='bbox 1513 2163 1629 2204; x_wconf 84' lang='lat' dir='ltr'>Sunt</span> <span class='ocrx_word' id='word_1_112' title='bbox 1657 2164 1784 2204; x_wconf 91' lang='lat' dir='ltr'>nobi-</span> 
     </span>
     <span class='ocr_line' id='line_1_18' title="bbox 149 2233 1781 2285; baseline 0.001 -12"><span class='ocrx_word' id='word_1_113' title='bbox 149 2234 352 2274; x_wconf 84' lang='lat' dir='ltr'>lissimae</span> <span class='ocrx_word' id='word_1_114' title='bbox 384 2233 646 2284; x_wconf 88' lang='lat' dir='ltr'>hujusmodi</span> <span class='ocrx_word' id='word_1_115' title='bbox 678 2235 889 2285; x_wconf 84' lang='lat' dir='ltr'>virgines</span> <span class='ocrx_word' id='word_1_116' title='bbox 919 2240 964 2274; x_wconf 89' lang='lat' dir='ltr'>et</span> <span class='ocrx_word' id='word_1_117' title='bbox 996 2234 1130 2274; x_wconf 91' lang='lat' dir='ltr'>nobis</span> <span class='ocrx_word' id='word_1_118' title='bbox 1165 2246 1220 2274; x_wconf 89' lang='lat' dir='ltr'>ac</span> <span class='ocrx_word' id='word_1_119' title='bbox 1262 2235 1347 2274; x_wconf 86' lang='lat' dir='ltr'>toti</span> <span class='ocrx_word' id='word_1_120' title='bbox 1381 2233 1607 2274; x_wconf 86' lang='lat' dir='ltr'>Societati</span> <span class='ocrx_word' id='word_1_121' title='bbox 1642 2235 1781 2274; x_wconf 83' lang='lat' dir='ltr'>valde</span> 
     </span>
     <span class='ocr_line' id='line_1_19' title="bbox 150 2304 1781 2357; baseline 0 -13"><span class='ocrx_word' id='word_1_122' title='bbox 150 2304 363 2351; x_wconf 72' lang='lat' dir='ltr'>affectae:</span> <span class='ocrx_word' id='word_1_123' title='bbox 395 2305 642 2356; x_wconf 85' lang='lat' dir='ltr'>praecipue</span> <span class='ocrx_word' id='word_1_124' title='bbox 672 2305 948 2356; x_wconf 82' lang='lat' dir='ltr'>Abbatissa,</span> <span class='ocrx_word' id='word_1_125' title='bbox 978 2317 1097 2357; x_wconf 89' lang='lat' dir='ltr'>quae</span> <span class='ocrx_word' id='word_1_126' title='bbox 1120 2311 1165 2346; x_wconf 87' lang='lat' dir='ltr'>et</span> <span class='ocrx_word' id='word_1_127' title='bbox 1195 2317 1268 2345; x_wconf 90' lang='lat' dir='ltr'>me</span> <span class='ocrx_word' id='word_1_128' title='bbox 1297 2317 1451 2357; x_wconf 87' lang='lat' dir='ltr'>saepe,</span> <span class='ocrx_word' id='word_1_129' title='bbox 1476 2305 1652 2357; x_wconf 87' lang='lat' dir='ltr'>aliquid</span> <span class='ocrx_word' id='word_1_130' title='bbox 1673 2305 1781 2346; x_wconf 89' lang='lat' dir='ltr'>boni</span> 
     </span>
     <span class='ocr_line' id='line_1_20' title="bbox 149 2375 1783 2427; baseline 0.001 -12"><span class='ocrx_word' id='word_1_131' title='bbox 149 2375 419 2415; x_wconf 79' lang='lat' dir='ltr'>confercndi</span> <span class='ocrx_word' id='word_1_132' title='bbox 439 2376 614 2426; x_wconf 78' lang='lat' dir='ltr'>gratia,</span> <span class='ocrx_word' id='word_1_133' title='bbox 637 2381 778 2416; x_wconf 81' lang='lat' dir='ltr'>vocat</span> <span class='ocrx_word' id='word_1_134' title='bbox 799 2381 843 2416; x_wconf 87' lang='lat' dir='ltr'>et</span> <span class='ocrx_word' id='word_1_135' title='bbox 863 2376 1060 2416; x_wconf 88' lang='lat' dir='ltr'>libenter</span> <span class='ocrx_word' id='word_1_136' title='bbox 1080 2376 1232 2426; x_wconf 89' lang='lat' dir='ltr'>audit,</span> <span class='ocrx_word' id='word_1_137' title='bbox 1258 2387 1314 2416; x_wconf 90' lang='lat' dir='ltr'>ac</span> <span class='ocrx_word' id='word_1_138' title='bbox 1336 2376 1383 2415; x_wconf 90' lang='lat' dir='ltr'>in</span> <span class='ocrx_word' id='word_1_139' title='bbox 1412 2376 1590 2427; x_wconf 89' lang='lat' dir='ltr'>coeptis</span> <span class='ocrx_word' id='word_1_140' title='bbox 1619 2376 1783 2416; x_wconf 84' lang='lat' dir='ltr'>alacri-</span> 
     </span>
     <span class='ocr_line' id='line_1_21' title="bbox 149 2447 405 2497; baseline 0 -11"><span class='ocrx_word' id='word_1_141' title='bbox 149 2452 218 2486; x_wconf 80' lang='lat' dir='ltr'>ter</span> <span class='ocrx_word' id='word_1_142' title='bbox 239 2447 405 2497; x_wconf 86' lang='lat' dir='ltr'>pergit.</span> 
     </span>
    </p>

    <p class='ocr_par' dir='ltr' id='par_1_8' title="bbox 147 2516 1784 2852">
     <span class='ocr_line' id='line_1_22' title="bbox 224 2516 1775 2570; baseline 0.001 -13"><span class='ocrx_word' id='word_1_143' title='bbox 224 2516 344 2557; x_wconf 86' lang='lat' dir='ltr'>Aliis</span> <span class='ocrx_word' id='word_1_144' title='bbox 364 2518 411 2557; x_wconf 89' lang='lat' dir='ltr'>in</span> <span class='ocrx_word' id='word_1_145' title='bbox 433 2518 747 2568; x_wconf 87' lang='lat' dir='ltr'>monasteriis,</span> <span class='ocrx_word' id='word_1_146' title='bbox 770 2518 927 2558; x_wconf 88' lang='lat' dir='ltr'>multis</span> <span class='ocrx_word' id='word_1_147' title='bbox 947 2518 1294 2570; x_wconf 87' lang='lat' dir='ltr'>praesentibus,</span> <span class='ocrx_word' id='word_1_148' title='bbox 1325 2518 1632 2558; x_wconf 87' lang='lat' dir='ltr'>concionatus</span> <span class='ocrx_word' id='word_1_149' title='bbox 1654 2529 1775 2569; x_wconf 92' lang='lat' dir='ltr'>sum,</span> 
     </span>
     <span class='ocr_line' id='line_1_23' title="bbox 147 2588 1781 2640; baseline 0.001 -13"><span class='ocrx_word' id='word_1_150' title='bbox 147 2599 253 2628; x_wconf 90' lang='lat' dir='ltr'>curn</span> <span class='ocrx_word' id='word_1_151' title='bbox 279 2599 472 2639; x_wconf 83' lang='lat' dir='ltr'>magna,</span> <span class='ocrx_word' id='word_1_152' title='bbox 502 2594 550 2628; x_wconf 93' lang='lat' dir='ltr'>ut</span> <span class='ocrx_word' id='word_1_153' title='bbox 581 2588 849 2639; x_wconf 74' lang='lat' dir='ltr'>videbatur,</span> <span class='ocrx_word' id='word_1_154' title='bbox 878 2589 1213 2629; x_wconf 86' lang='lat' dir='ltr'>satisfactione.</span> <span class='ocrx_word' id='word_1_155' title='bbox 1246 2588 1419 2629; x_wconf 83' lang='lat' dir='ltr'>Nostra</span> <span class='ocrx_word' id='word_1_156' title='bbox 1441 2601 1554 2629; x_wconf 85' lang='lat' dir='ltr'>vero</span> <span class='ocrx_word' id='word_1_157' title='bbox 1578 2589 1625 2628; x_wconf 94' lang='lat' dir='ltr'>in</span> <span class='ocrx_word' id='word_1_158' title='bbox 1645 2600 1781 2640; x_wconf 81' lang='lat' dir='ltr'>paro-</span> 
     </span>
     <span class='ocr_line' id='line_1_24' title="bbox 148 2658 1782 2711; baseline 0.001 -13"><span class='ocrx_word' id='word_1_159' title='bbox 148 2658 254 2698; x_wconf 89' lang='lat' dir='ltr'>chia</span> <span class='ocrx_word' id='word_1_160' title='bbox 287 2670 445 2698; x_wconf 91' lang='lat' dir='ltr'>mense</span> <span class='ocrx_word' id='word_1_161' title='bbox 479 2659 712 2699; x_wconf 80' lang='lat' dir='ltr'>februario</span> <span class='ocrx_word' id='word_1_162' title='bbox 748 2659 885 2700; x_wconf 85' lang='lat' dir='ltr'>valde</span> <span class='ocrx_word' id='word_1_163' title='bbox 924 2665 1180 2711; x_wconf 88' lang='lat' dir='ltr'>occupatus</span> <span class='ocrx_word' id='word_1_164' title='bbox 1210 2659 1275 2699; x_wconf 83' lang='lat' dir='ltr'>fui</span> <span class='ocrx_word' id='word_1_165' title='bbox 1313 2660 1361 2699; x_wconf 89' lang='lat' dir='ltr'>in</span> <span class='ocrx_word' id='word_1_166' title='bbox 1409 2659 1782 2699; x_wconf 86' lang='lat' dir='ltr'>confessionibus</span> 
     </span>
     <span class='ocr_line' id='line_1_25' title="bbox 148 2729 1783 2782; baseline 0.001 -14"><span class='ocrx_word' id='word_1_167' title='bbox 148 2729 410 2780; x_wconf 85' lang='lat' dir='ltr'>audiendis,</span> <span class='ocrx_word' id='word_1_168' title='bbox 446 2730 552 2770; x_wconf 88' lang='lat' dir='ltr'>licet</span> <span class='ocrx_word' id='word_1_169' title='bbox 592 2741 788 2782; x_wconf 82' lang='lat' dir='ltr'>corpore</span> <span class='ocrx_word' id='word_1_170' title='bbox 824 2730 1009 2779; x_wconf 89' lang='lat' dir='ltr'>debilis,</span> <span class='ocrx_word' id='word_1_171' title='bbox 1041 2731 1236 2770; x_wconf 91' lang='lat' dir='ltr'>multum</span> <span class='ocrx_word' id='word_1_172' title='bbox 1275 2736 1432 2770; x_wconf 89' lang='lat' dir='ltr'>tamen</span> <span class='ocrx_word' id='word_1_173' title='bbox 1470 2729 1529 2770; x_wconf 89' lang='lat' dir='ltr'>ad</span> <span class='ocrx_word' id='word_1_174' title='bbox 1564 2729 1783 2770; x_wconf 84' lang='lat' dir='ltr'>ferendos</span> 
     </span>
     <span class='ocr_line' id='line_1_26' title="bbox 148 2799 1784 2852; baseline 0.001 -14"><span class='ocrx_word' id='word_1_175' title='bbox 148 2799 330 2839; x_wconf 84' lang='lat' dir='ltr'>labores</span> <span class='ocrx_word' id='word_1_176' title='bbox 351 2800 641 2840; x_wconf 83' lang='lat' dir='ltr'>confortatus</span> <span class='ocrx_word' id='word_1_177' title='bbox 662 2800 749 2841; x_wconf 87' lang='lat' dir='ltr'>Dei</span> <span class='ocrx_word' id='word_1_178' title='bbox 773 2801 941 2852; x_wconf 83' lang='lat' dir='ltr'>gratia.</span> <span class='ocrx_word' id='word_1_179' title='bbox 968 2801 1092 2842; x_wconf 84' lang='lat' dir='ltr'>Inter</span> <span class='ocrx_word' id='word_1_180' title='bbox 1114 2807 1330 2841; x_wconf 89' lang='lat' dir='ltr'>caeteros</span> <span class='ocrx_word' id='word_1_181' title='bbox 1355 2799 1630 2840; x_wconf 90' lang='lat' dir='ltr'>confitentes</span> <span class='ocrx_word' id='word_1_182' title='bbox 1647 2812 1784 2852; x_wconf 90' lang='lat' dir='ltr'>quae-</span> 
     </span>
    </p>
   </div>
   <div class='ocr_carea' id='block_1_7' title="bbox 211 2958 916 2994">
    <p class='ocr_par' dir='ltr' id='par_1_9' title="bbox 211 2958 916 2994">
     <span class='ocr_line' id='line_1_27' title="bbox 211 2958 916 2994; baseline 0.003 -8"><span class='ocrx_word' id='word_1_183' title='bbox 211 2958 219 2977; x_wconf 92' lang='lat'><strong>¹</strong></span> <span class='ocrx_word' id='word_1_184' title='bbox 259 2959 503 2994; x_wconf 82' lang='lat' dir='ltr'>Apographum</span> <span class='ocrx_word' id='word_1_185' title='bbox 518 2960 550 2987; x_wconf 87' lang='lat' dir='ltr'>in</span> <span class='ocrx_word' id='word_1_186' title='bbox 566 2960 644 2987; x_wconf 83' lang='lat' dir='ltr'>solio</span> <span class='ocrx_word' id='word_1_187' title='bbox 661 2961 672 2987; x_wconf 96' lang='lat'>1</span> <span class='ocrx_word' id='word_1_188' title='bbox 689 2959 822 2988; x_wconf 83' lang='lat' dir='ltr'>Codicis</span> <span class='ocrx_word' id='word_1_189' title='bbox 837 2960 916 2988; x_wconf 79' lang='lat'>1551.</span> 
     </span>
    </p>
   </div>
  </div>
 </body>
</html>
