1987 3260
834 241 916 278 AN.
953 241 1038 278 1551
1680 240 1748 276 417

130 337 428 388 pravitatem,
452 347 670 376 reversus
691 335 861 381 fuerat,
886 347 975 387 quo
1007 337 1052 376 in
1081 346 1239 376 errore
1270 334 1422 375 adhuc
1450 335 1613 375 vivunt
1644 347 1747 376 con-

127 407 384 458 sanguinei.

206 477 306 518 Hoc
340 478 525 518 demum
552 477 938 528 praetereundum
967 489 1059 517 non
1086 478 1198 518 duxi
1225 477 1335 528 quin
1363 477 1578 517 videlicet
1604 477 1748 517 scires

127 559 266 599 quam
297 549 354 587 ab
389 548 600 588 omnibus
630 547 802 588 Christi
830 548 1016 598 pietatis
1045 548 1263 588 studiosis
1294 548 1437 587 amati
1464 559 1694 599 essemus,
1723 560 1749 587 a

126 619 358 669 religiosis
378 619 667 670 praesertim,
687 618 765 670 qui
781 624 940 658 nostro
962 619 1278 670 maximopere
1298 617 1503 670 gaudent
1523 619 1748 668 instituto,

127 690 374 741 praecipue
390 689 560 729 fratres
577 690 834 741 capuccini,
851 689 1125 741 quibuscum
1141 689 1344 729 maxima
1359 689 1492 729 nobis
1509 690 1751 729 intercedit

128 761 436 808 familiaritas
455 760 501 799 hi
523 760 645 800 enim
667 771 771 800 cum
792 772 879 800 nos
900 759 1065 811 majori
1087 761 1133 800 in
1153 766 1428 811 paupertate
1444 760 1606 800 vivere
1622 766 1750 812 puta-

127 837 244 879 rent,
264 831 448 870 illorum
466 831 555 870 duo
578 831 636 870 ad
657 842 742 870 nos
764 831 916 870 onusti
938 836 1252 881 accesserunt,
1271 842 1386 882 quos
1407 836 1455 870 ut
1471 831 1567 870 Vidi
1589 842 1752 871 saccos

126 902 288 952 plenos
318 901 364 941 in
386 901 590 941 humeris
619 907 880 952 gestantes,
911 901 999 941 illis
1029 901 1217 941 obviam
1245 900 1449 952 prodivi,
1479 902 1753 942 existimans

127 972 249 1022 illos,
287 972 345 1012 ob
373 973 717 1023 eleemosynam
745 972 1002 1023 quaesitam
1030 973 1198 1022 lassos,
1233 972 1356 1023 apud
1375 970 1469 1018 {nos
1497 972 1751 1024 defatigata

128 1043 334 1082 membra
370 1044 488 1082 velle
523 1054 758 1093 recreare;
797 1049 843 1082 at
878 1043 1088 1093 inquiunt
1116 1043 1201 1082 illi:
1230 1042 1289 1081 ad
1316 1054 1402 1082 vos
1429 1043 1484 1083 de
1512 1043 1753 1083 hortorum

127 1120 393 1153 nostrorum
416 1114 641 1153 fructibus
663 1114 779 1153 haec
797 1113 998 1153 tulimus.
1023 1112 1144 1163 Quin
1165 1113 1306 1152 etiam
1327 1114 1553 1164 nonnulli,
1577 1120 1674 1154 tum
1695 1126 1752 1154 ex

127 1185 215 1224 illis
237 1191 336 1224 tum
358 1196 414 1224 ex
436 1184 538 1224 aliis
558 1184 875 1234 religionibus,
900 1183 1149 1223 conciones
1170 1183 1380 1223 audiunt.

207 1254 335 1294 Haec
365 1260 485 1304 sunt,
524 1254 796 1294 Reverende
831 1253 985 1303 Pater,
1023 1265 1140 1305 quae
1168 1254 1250 1294 tibi
1278 1254 1324 1293 in
1350 1255 1615 1305 praesentia
1643 1255 1750 1294 scri-

128 1325 278 1365 benda
301 1331 576 1375 occurrunt;
599 1336 712 1364 sane
738 1330 782 1364 et
805 1325 927 1364 bona
949 1336 1059 1375 pars
1082 1325 1284 1375 excedit:
1309 1336 1427 1376 quae
1449 1326 1485 1365 si
1514 1332 1752 1377 exspecta-

123 1395 241 1435 tioni
263 1401 369 1435 tuae
391 1407 540 1446 parva
557 1395 852 1444 videbuntur,
871 1394 971 1434 Deo
988 1401 1145 1434 tamen
1162 1394 1348 1446 Optimo
1365 1395 1570 1436 Maximo
1587 1397 1751 1436 horum

127 1467 308 1506 auctori
329 1466 510 1518 gratiae
532 1466 742 1517 agendae
765 1471 913 1515 erunt,
933 1465 1011 1517 qui
1026 1476 1112 1505 nos
1132 1465 1178 1504 in
1199 1477 1283 1505 sua
1299 1467 1453 1516 gratia
1471 1479 1752 1507 conservare

127 1537 358 1588 dignetur.
381 1536 514 1588 Quod
537 1537 722 1588 quidem
742 1548 827 1588 pro
848 1537 983 1576 nobis
1004 1536 1050 1576 in
1071 1536 1378 1576 sanctissimis
1399 1538 1489 1577 tuis
1511 1538 1752 1577 sacrificiis

122 1615 172 1648 ut
196 1620 361 1648 exores
382 1608 616 1648 humiliter
637 1608 966 1659 supplicamus.

205 1679 381 1719 Datum
401 1679 647 1719 Ferrariae
667 1679 728 1718 39
751 1691 824 1718 no.
849 1677 1135 1730 Septembris
1155 1679 1320 1720 MDLI.

204 1750 258 1790 R.
288 1750 332 1790 Ρ.
356 1751 550 1804 Joannis
567 1749 712 1801 jussu.

204 1821 378 1862 Servus
400 1821 446 1861 in
467 1821 652 1861 Christo
672 1821 890 1871 indignus

1084 1963 1153 2016 Jo.
1186 1963 1297 2002 BAP.
1330 1976 1391 2003 DE
1420 1963 1546 2016 JESU.

212 2175 580 2227 superscriptio.
613 2174 877 2215 Admodum
896 2174 998 2214 R.d0
1025 2175 1071 2214 in
1099 2174 1237 2215 Chro.
1267 2175 1395 2216 Patri
1422 2176 1541 2217 Dno.
1570 2178 1752 2228 Ignatio

130 2248 187 2288 de
210 2248 403 2299 Loyola‚
428 2246 699 2298 Praeposito
721 2244 940 2286 Generali
961 2244 1208 2286 Societatis
1227 2247 1352 2299 Jesu,
1375 2246 1566 2288 Romae.

211 2318 321 2358 Alsa
343 2329 510 2358 manu:
536 2317 648 2356 1551.
673 2316 821 2367 Quad.
844 2316 1005 2356 Ferra.
1028 2317 1052 2356 3
1073 2317 1118 2357 di
1138 2317 1207 2357 7b.
1233 2317 1286 2368 Q.
1311 2324 1354 2358 et
1375 2318 1465 2359 An.
1488 2331 1535 2360 v.
