1987 3260
869 225 950 262 AN.
982 224 1068 261 1551
1713 222 1779 259 371

159 318 409 358 Testantur
430 329 523 358 non
545 320 696 360 minus
717 321 866 361 videri
895 321 982 361 sibi
1012 320 1136 371 quod
1165 318 1427 359 Germanus
1457 318 1516 358 ad
1547 329 1634 358 nos
1663 329 1783 358 unus

160 389 338 439 veniat,
371 400 510 440 quam
536 390 575 429 si
602 391 677 430 vel
706 391 807 431 Itali
834 392 909 431 vel
937 390 1134 442 Hispani
1153 389 1323 439 Viginti
1344 388 1562 428 offerrent
1583 400 1685 428 sese
1706 387 1783 428 So-

161 452 492 500 cietati.‘N0vit
514 460 721 511 profecto
739 461 867 502 Deus
885 461 988 513 Opt.
1010 462 1134 501 Max.
1154 466 1197 500 et
1218 460 1318 510 ipsa
1335 459 1527 499 nimium
1544 471 1628 498 nos
1650 459 1784 498 docet

160 530 473 582 experientia,
507 531 615 582 quid
643 539 957 584 quantumque
993 531 1275 572 difficultatis
1310 529 1631 570 devorandum
1664 528 1673 547 ¹
1708 530 1782 579 sit,

162 602 435 653 priusquam
462 601 548 641 hoc
578 603 838 643 institutum
865 603 1210 643 Germanorum
1238 601 1421 641 animus
1442 600 1691 651 intelligat,
1722 600 1784 639 in-

161 672 395 711 tellectum
416 673 592 720 probet,
617 674 865 724 probatum
884 685 997 713 Vero
1019 673 1191 712 sectari
1212 672 1323 711 velit
1345 678 1389 711 et
1410 671 1571 722 possit.

242 742 392 793 Quam
413 749 481 782 est
504 755 751 795 operosum
772 745 877 795 (heu
897 744 984 794 me)
1012 743 1281 784 Catholicos
1308 743 1355 782 in
1384 742 1609 792 religione
1638 741 1787 781 veteri

163 813 423 853 continere!
453 820 625 865 quanto
648 814 879 855 difficilius
906 821 1062 855 autem
1081 813 1420 854 sacerdotalem
1448 812 1658 852 ordinem
1686 812 1786 851 istis

162 884 491 934 comprobare!
528 892 574 925 at
602 886 739 937 longe
768 886 1060 926 rarissimum
1095 890 1139 924 et
1166 884 1585 924 laboriosissimum
1617 881 1784 932 isthuc,

162 953 429 1005 Religiosae
451 956 576 995 vitae
607 956 817 996 ordinem
845 956 984 996 alicui
1012 955 1295 1007 persuadere
1321 966 1473 1005 posse.
1507 953 1581 993 Nil
1609 953 1784 1002 Vident,

162 1025 225 1064 nil
246 1026 438 1066 audiunt
458 1027 616 1067 miseri
639 1027 761 1078 quod
782 1027 841 1067 ad
862 1028 1009 1067 Vitam
1029 1026 1376 1078 perfectiorem,
1407 1024 1466 1064 ad
1487 1024 1788 1064 consiliorum
1840 1024 1844 1027 ’

164 1096 558 1147 Evangelicorum
576 1098 953 1138 observationem
971 1096 1166 1148 frigidos
1183 1097 1357 1137 incitet.
1376 1095 1556 1148 jacent,
1579 1095 1697 1146 proh
1713 1094 1787 1135 do-

167 1167 250 1213 lor,
277 1167 340 1206 ita
362 1168 568 1219 corrupti
589 1168 751 1219 animi,
777 1174 824 1208 ut
846 1168 905 1208 ad
926 1180 1110 1207 omnem
1131 1167 1227 1207 fere
1249 1166 1527 1206 medicinam
1546 1171 1787 1216 nauseent;

166 1238 346 1277 laetalis
378 1237 498 1287 (sic)
526 1244 688 1289 torpor
718 1250 773 1278 ac
800 1245 934 1289 tepor
962 1243 1160 1289 occupat
1185 1238 1355 1278 omnia.
1385 1236 1516 1277 Adeo
1545 1242 1594 1276 ut
1615 1236 1789 1276 nullum

165 1319 267 1347 esse
288 1308 565 1348 crediderim
586 1308 930 1360 Religiosorum
952 1308 1194 1359 Ordinem,
1219 1308 1297 1360 qui
1316 1320 1411 1347 non
1431 1307 1490 1348 ad
1518 1306 1789 1347 internecio-

164 1390 269 1418 nem
290 1378 376 1418 sibi
402 1379 477 1418 hic
505 1378 518 1397 ‘³
546 1390 745 1430 vergere
776 1379 1007 1430 videatur,
1037 1380 1266 1430 planeque
1293 1379 1505 1430 desperet
1536 1378 1591 1418 de
1619 1378 1791 1418 instau-

165 1448 324 1489 randis
353 1450 429 1489 hic
459 1450 769 1489 monasteriis.
800 1450 979 1490 Verum
1006 1450 1092 1489 has
1122 1449 1436 1500 querimonias
1463 1449 1637 1489 idcirco
1665 1459 1791 1499 repe-

165 1526 262 1560 tere
282 1520 437 1560 visum
458 1527 547 1570 est,
572 1527 620 1560 ut
649 1521 725 1560 alii
745 1521 1098 1572 lacrymabilem
1121 1521 1243 1560 hunc
1271 1526 1458 1570 statum,
1484 1527 1528 1559 et
1549 1531 1659 1559 sane
1683 1519 1791 1560 affli-

166 1592 444 1642 ctissimum,
468 1592 750 1642 intelligant,
775 1591 1077 1642 intelligendo
1100 1591 1378 1631 condoleant
1399 1590 1696 1641 Germaniae,
1719 1590 1794 1630 cui

165 1674 259 1702 non
281 1662 404 1702 intus
424 1663 562 1702 modo
584 1668 739 1713 pestes
760 1662 883 1702 mille
912 1668 1101 1712 nocent,
1132 1661 1212 1701 sed
1240 1661 1381 1701 etiam
1406 1661 1522 1701 foris
1549 1661 1646 1701 vim
1674 1673 1794 1701 sum-

166 1744 291 1773 mam
313 1733 463 1773 adfert
484 1733 684 1773 Turcica
709 1733 884 1783 rabies,
915 1744 1033 1783 quae
1060 1733 1127 1772 sic
1157 1732 1451 1783 Hungariam
1477 1732 1607 1772 hisce
1634 1731 1795 1772 diebus

168 1804 360 1844 vexavit
390 1802 418 1844 ⁵.
456 1804 694 1855 Respiciat
726 1816 812 1844 nos
847 1804 1035 1844 tandem
1057 1803 1447 1844 clementissimus
1468 1802 1617 1854 Deus,
1650 1803 1794 1855 prius-

167 1886 308 1926 quam
328 1874 714 1915 Lutheranismus
736 1881 780 1915 et
800 1874 1188 1915 Mahumetismus
1209 1875 1461 1925 pessundet
1481 1886 1619 1914 sacra
1642 1874 1797 1914 omnia

168 1945 484 1997 Divinumque
506 1947 680 1986 cultum
701 1946 959 1996 extinguat.

249 2017 324 2057 Ad
344 2017 611 2069 praedictos
634 2017 953 2057 adolescentes
976 2017 1093 2056 duos
1115 2016 1270 2065 redeo,
1295 2017 1373 2067 qui
1392 2017 1526 2056 nobis
1548 2016 1603 2056 de
1625 2027 1675 2055 se
1704 2027 1796 2056 ma-

168 2087 339 2139 gnifica
356 2088 402 2127 in
420 2087 604 2128 Christo
622 2087 913 2139 pollicentur,
932 2087 1100 2138 quique
1117 2087 1181 2126 nil
1203 2092 1365 2138 optant
1386 2087 1624 2127 ardentius
1641 2097 1795 2138 quam,

170 2159 344 2198 relictis
367 2159 509 2198 semel
531 2158 764 2208 omnibus,
789 2158 985 2209 pauperi
1006 2157 1193 2198 Christo
1216 2169 1265 2198 se
1286 2158 1556 2209 mancipare
1584 2169 1640 2197 ac
1669 2157 1798 2209 spiri-

171 2230 320 2269 tuales
355 2229 402 2269 in
427 2229 515 2268 hac
551 2228 784 2268 Societate
815 2240 927 2279 opes
955 2228 1244 2278 conquirere.
1274 2228 1471 2281 Jamque
1499 2234 1548 2268 ut
1575 2228 1634 2268 ad
1667 2229 1798 2268 colle-

170 2301 299 2352 gium
319 2300 518 2340 fratrum
534 2299 769 2339 Viennam
789 2298 1033 2339 mittantur
1054 2310 1080 2338 a
1102 2299 1236 2339 nobis
1257 2298 1393 2339 valde
1415 2298 1716 2350 contendunt,
1739 2305 1798 2349 et,

173 2371 212 2411 si
233 2370 445 2411 Christus
465 2369 637 2419 faveat,
663 2369 795 2409 brevi
816 2375 921 2409 sunt
943 2369 1252 2420 impetraturi.

252 2440 538 2492 Auspicatus
565 2451 668 2480 sum
694 2451 802 2491 ego,
833 2446 1020 2491 praeter
1041 2440 1332 2490 theologicas
1360 2441 1585 2480 lectiones
1607 2441 1666 2481 ad
1688 2452 1803 2492 quas

174 2512 390 2564 frequens
429 2511 666 2551 concurrit
707 2510 1002 2561 auditorium,
1036 2511 1314 2562 praesertim
1342 2517 1591 2563 postquam
1621 2511 1804 2563 suscepi

175 2583 483 2633 Evangelium
503 2582 599 2622 divi
615 2581 807 2634 Joannis
829 2581 1158 2633 explicandum
1175 2580 1203 2632 ⁴,
1223 2593 1391 2622 munus
1412 2581 1736 2634 concionandi,
1759 2582 1805 2621 in

175 2665 322 2705 eoque
357 2665 564 2694 mensem
597 2664 719 2693 nunc
753 2664 870 2704 pene
899 2658 1116 2704 quartum
1144 2664 1255 2704 ago,
1295 2654 1591 2694 commutatis
1621 2653 1807 2693 interim

230 2839 239 2858 ¹
282 2837 541 2864 absumendum
557 2836 743 2870 scripserat
760 2835 925 2863 Canisius.

231 2885 243 2903 ²
282 2884 350 2911 Hic
364 2884 468 2911 deleri
484 2887 640 2917 coeptum
655 2883 801 2917 videtur,
817 2890 860 2910 an
876 2891 896 2910 a
912 2882 1047 2910 Canisio
1062 2891 1106 2910 an
1121 2891 1202 2910 vero
1218 2891 1238 2911 a
1255 2884 1402 2911 Polanco
1416 2891 1480 2911 non
1496 2889 1653 2919 apparet.

231 2931 245 2950 ⁵
283 2931 357 2964 Hic,
372 2931 427 2958 ubi
443 2931 609 2957 Polancus
624 2930 734 2964 posuit
746 2929 842 2958 hisce
854 2930 978 2958 diebus
990 2931 1146 2963 vexavit,
1157 2936 1319 2965 posuerat
1334 2931 1489 2959 Canisius
1501 2932 1670 2966 conficere
1680 2933 1807 2967 pergit.

231 2978 246 2998 Α
285 2978 377 3011 Quae
393 2986 412 3006 a
427 2978 541 3006 verbis
553 2979 701 3012 praeter
716 2977 928 3011 theologicas
951 2978 993 3005 ad
1020 2978 1271 3013 explt‘catzdum
1299 2979 1524 3013 continentur,
1551 2980 1667 3008 addita
1689 2985 1765 3008 sunt
1789 2989 1809 3007 a

184 3025 341 3052 Polanco.
