1987 3260
262 183 336 220 548
775 180 808 217 L
817 190 999 217 1TTERAE
1026 190 1380 222 QUADRJMESTRES

963 627 1205 682 CXXIX

333 855 382 892 P.
402 854 627 893 Adrianus
646 855 970 893 Adriaenssens

379 919 500 956 Patri
518 920 687 967 Ignatio
707 920 761 957 de
776 920 960 967 Loyola.

428 983 650 1032 Lovanio‚
675 986 690 1021 1
712 985 858 1022 Martii
879 985 969 1022 1552
988 985 1013 1020 ¹.

1036 1158 1134 1233 ulis

347 1336 511 1377 Gratia
533 1342 576 1376 et
596 1347 689 1387 pax
709 1334 783 1374 Xss
811 1346 916 1374 cum
938 1334 1152 1374 omnibus
1172 1334 1318 1374 nobis.
1342 1334 1508 1375 Amen.

338 1407 610 1447 Reverende
632 1418 687 1445 ac
708 1405 1027 1446 amantissime
1049 1406 1095 1445 in
1115 1405 1199 1445 Χ.0
1218 1404 1379 1446 Pater:

276 1531 278 1534 Ι
341 1478 586 1518 Confrater
613 1483 770 1517 noster
797 1477 855 1516 D.
886 1476 1174 1516 Licentiatus
1201 1475 1215 1494 ²
1243 1476 1380 1516 valde
1406 1476 1601 1527 gavisus
1628 1482 1696 1516 est
1726 1476 1891 1517 intelli·

257 1560 377 1599 gens
399 1561 457 1589 ex
478 1549 643 1589 litteris
663 1548 717 1588 R.
740 1548 799 1588 V.
823 1560 872 1587 se
901 1547 1098 1587 Romam
1125 1553 1345 1587 vocatum
1373 1548 1500 1587 circa
1526 1547 1811 1598 Augustum,
1843 1554 1887 1588 et

256 1620 451 1659 multum
471 1619 655 1659 videtur
677 1619 789 1658 mihi
809 1618 856 1658 in
876 1617 1077 1657 Domino
1108 1624 1153 1657 et
1180 1618 1346 1669 spiritu
1373 1616 1618 1658 Societatis
1643 1618 1886 1669 proficere;

254 1694 315 1748 sit
335 1693 563 1733 Dominus
584 1693 868 1732 benedictus.

336 1764 561 1814 Magister
591 1764 665 1803 ille
694 1762 706 1781 ⁵
736 1762 918 1814 collegii
944 1762 1253 1802 Lovaniensis
1277 1762 1315 1802 F
1319 1763 1604 1813 alconensis,
1639 1762 1884 1802 occasione

256 1833 388 1885 cujus
409 1846 555 1886 nuper
578 1834 743 1885 scripsi
763 1833 932 1873 fratres
953 1839 1139 1872 nostros
1159 1845 1217 1872 ex
1239 1833 1401 1873 eodem
1422 1833 1619 1884 collegio
1649 1834 1885 1884 expulsos,

250 1904 348 1956 jam
368 1906 501 1956 plene
524 1917 573 1944 se
594 1904 921 1944 determinavit
943 1903 1001 1943 ad
1022 1903 1305 1944 Societatem
1330 1910 1552 1944 nostram.
1575 1902 1627 1944 In
1649 1904 1884 1944 exercitiis

255 1976 392 2015 valde
415 1976 499 2016 fuit
520 1976 718 2026 diligens
741 1981 784 2015 et
807 1973 1129 2026 profecit3jam
1149 1975 1246 2025 agit
1268 1975 1508 2015 nobiscum
1531 1981 1574 2015 et
1596 1987 1703 2016 ecce
1725 1975 1885 2015 scribit

256 2045 315 2085 ad
334 2045 383 2085 Ρ.
407 2046 466 2086 V.

335 2115 528 2156 Fratres
548 2127 662 2155 vero
684 2115 864 2166 expulsi
885 2115 1021 2154 valde
1039 2114 1291 2155 honorifice
1312 2116 1495 2167 excepti
1517 2121 1623 2155 sunt
1639 2127 1666 2154 a
1683 2115 1884 2166 quodam

254 2187 445 2238 antiquo
467 2186 657 2225 doctore
679 2192 723 2225 et
738 2185 947 2235 Regente
966 2184 1161 2236 Collegii
1181 2185 1409 2236 Liliensis,
1432 2185 1490 2225 ad
1512 2197 1648 2237 quem
1669 2197 1775 2225 cum
1795 2185 1883 2225 hac

257 2258 313 2297 de
330 2268 474 2296 causa
491 2256 607 2296 duos
623 2257 754 2296 nobis
772 2255 1079 2296 amicissimos
1095 2256 1397 2306 misissemus,
1416 2257 1514 2308 ipse
1531 2256 1682 2296 dictus
1698 2255 1893 2307 Regens

256 2329 376 2367 ultro
412 2328 613 2378 incoepit
648 2327 778 2366 miris
810 2326 961 2366 modis
994 2338 1079 2366 nos
1113 2325 1485 2378 Societatemque
1518 2332 1727 2367 nostram
1763 2338 1884 2366 com-

256 2398 490 2438 mendare.
516 2397 656 2447 Quid,
681 2397 848 2448 inquit,
872 2397 1044 2436 illudne
1066 2402 1134 2436 est
1151 2395 1347 2447 juvenes
1368 2397 1588 2437 seducere
1610 2409 1714 2437 cum
1736 2397 1794 2437 ad
1814 2408 1882 2436 re·

254 2469 474 2519 ligionem
503 2467 759 2507 ducuntur?
783 2467 1097 2518 Proptereane
1125 2467 1232 2507 boni
1254 2467 1318 2507 illi
1344 2467 1516 2508 domini
1545 2474 1675 2508 tanta
1704 2467 1889 2519 patiunv

254 2540 353 2579 tur?
373 2539 496 2589 Ego,
520 2538 687 2588 inquit,
711 2538 811 2577 istis
832 2538 992 2577 diebus
1014 2538 1137 2589 apud
1162 2549 1360 2588 magnos
1390 2538 1615 2590 quosdam
1641 2538 1778 2578 valde
1808 2538 1880 2577 de-

254 2610 381 2650 fendi
400 2621 479 2649 eos
496 2615 539 2649 et
556 2608 797 2659 increpavi
814 2609 927 2648 dure
943 2620 1104 2649 eorum
1120 2609 1434 2650 adversarios.
1453 2609 1673 2659 Veniant,
1691 2609 1882 2649 veniant

310 2793 319 2811 ¹
360 2792 609 2826 Autographae
625 2791 761 2818 litterae
779 2791 811 2817 in
827 2790 905 2817 folio
922 2790 1056 2825 duplici,
1072 2799 1125 2818 nn.
1143 2791 1190 2817 141
1208 2795 1240 2818 et
1257 2792 1315 2818 1112.

311 2840 324 2857 ²
360 2839 573 2866 Licentiatus
589 2838 766 2871 Quintinus
779 2836 951 2864 Charlart.

308 2887 321 2905 3
359 2886 481 2912 Petrus
497 2885 643 2921 Sylvius,
660 2889 696 2911 ut
711 2884 798 2911 infra
813 2886 909 2917 patet
924 2883 956 2910 in
972 2883 1024 2911 his
1040 2884 1120 2918 ipsis
1135 2885 1270 2913 litteris.
1288 2885 1337 2913 De
1353 2894 1391 2913 eo
1406 2886 1454 2914 ita
1469 2886 1648 2921 Delplace:
1664 2885 1795 2912 “pierre
1814 2892 1883 2911 van-

254 2932 319 2959 den
334 2932 482 2959 Bossche
498 2931 660 2965 (Silvius),
685 2933 724 2957 ne?
750 2932 768 2957 a
793 2929 999 2957 Houthen-S.
1017 2930 1137 2958 Lievin
1159 2940 1238 2959 vers
1259 2933 1336 2966 1535,
1351 2933 1458 2960 admis
1483 2935 1503 2960 Ξι
1526 2933 1673 2967 Cologne
1698 2933 1774 2964 1552,
1793 2936 1883 2959 mort

260 2980 280 3005 ἐι
294 2978 499 3014 Mayenccle
517 2978 678 3010 10Jui11et
696 2977 827 3010 1571„,1.
843 2984 870 3004 c.
