1987 3260
225 153 294 190 632
742 152 966 189 LITTERAE
992 162 1345 194 QUADRJMESTRES

228 249 334 288 dent
362 249 547 300 quidem
576 249 766 288 meliora
792 249 1101 300 probantque,
1131 249 1363 288 deteriora
1393 254 1549 288 tamen
1569 256 1839 300 sequuntur,

228 325 271 358 et
309 320 503 366 malunt,
546 319 681 370 pravi
714 317 954 368 cujusdam
986 318 1175 369 pudoris
1209 319 1408 370 caligine
1442 318 1624 369 suffusi,
1661 320 1841 359 nescire

227 401 366 440 quam
387 390 580 439 discere;
604 388 817 440 quamvis
847 389 1054 428 nonnulli
1074 395 1274 439 nostros,
1298 389 1560 429 clanculum
1579 394 1750 439 tamen,
1774 401 1841 429 so-

228 461 351 499 leant
385 470 742 509 nonnunquam,
779 459 818 498 si
852 459 1037 510 quando
1077 459 1214 498 fuerit
1248 460 1377 499 locus
1413 459 1621 499 authoris
1650 457 1843 509 alicujus

228 530 469 568 obscurior
507 529 789 579 enodandus,
827 530 1083 579 consulere,
1120 541 1300 569 necnon
1334 530 1452 569 inter
1486 530 1626 581 ipsos,
1662 530 1701 569 si
1734 529 1843 580 quid

228 600 403 639 oriatur
433 600 572 649 dubii,
604 598 782 650 judices
809 600 1105 639 constituere.
1137 600 1364 651 Discipuli
1391 600 1628 651 diligentia
1657 611 1843 651 praece-

228 670 435 721 ptoribus
457 671 671 721 quamvis
692 672 829 721 longe
850 671 941 710 sint
967 671 1229 721 inferiores,
1255 671 1359 721 quia
1382 671 1512 710 multi
1531 671 1845 721 negligentius

229 742 273 780 in
295 741 443 781 officio
465 741 602 791 domi,
626 742 767 781 nimia
788 748 971 793 patrum
989 742 1277 792 indulgentia
1297 743 1373 782 vel
1393 742 1586 792 incuria,
1611 742 1842 782 continen-

227 820 313 860 tur,
337 818 492 851 tamen
511 812 693 851 illorum
710 812 916 852 tarditati
934 812 1132 852 assiduis
1150 813 1313 852 horum
1330 813 1503 863 vigiliis
1519 813 1712 852 multum
1734 823 1842 863 quo-

227 883 334 923 tidie
352 883 545 922 decedit.

304 952 500 993 Strenue
537 964 638 992 sese
671 960 839 1004 gerunt
874 960 1203 1005 praeceptores
1237 954 1282 993 in
1317 954 1616 1001 lectionibus;
1653 966 1745 993 non
1777 966 1842 993 se-

225 1025 362 1074 gnius
383 1024 650 1063 sacerdotes
681 1024 728 1063 in
756 1024 997 1063 audiendis
1025 1024 1413 1074 confessionibus;
1445 1035 1645 1074 magnae
1673 1030 1779 1064 sunt
1798 1025 1844 1063 in

224 1094 395 1133 scholis
417 1094 769 1145 occupationes,
794 1095 841 1134 in
867 1094 1064 1134 ecclesia
1092 1107 1183 1134 non
1211 1095 1427 1134 minores.
1452 1094 1627 1134 Tamen
1653 1095 1843 1134 nonnul-

224 1165 278 1204 lis
294 1171 519 1214 nostrum,
543 1165 667 1216 quod
686 1165 785 1204 fieri
813 1176 906 1204 non
927 1165 1040 1204 satis
1062 1165 1303 1205 commode
1324 1170 1496 1216 potest,
1520 1171 1589 1205 est
1609 1165 1780 1205 scholis
1800 1171 1844 1205 et

222 1236 447 1275 ecclesiae
470 1235 749 1275 vacandum.
778 1235 896 1275 Nam
922 1236 1012 1275 duo
1039 1242 1144 1275 sunt
1166 1237 1329 1287 solum,
1352 1242 1539 1287 praeter
1560 1248 1639 1276 eos
1668 1236 1746 1287 qui
1767 1236 1842 1276 do-

222 1314 339 1355 cent,
373 1306 661 1355 sacerdotes,
685 1311 729 1345 et
758 1311 827 1345 est
854 1306 1170 1346 confitentium
1198 1307 1421 1356 maxima,
1453 1307 1702 1358 praecipue
1729 1307 1841 1346 sole-

221 1377 475 1417 mnioribus
505 1376 636 1416 festis
665 1376 964 1425 instantibus,
994 1377 1253 1416 multitudo.
1277 1377 1327 1417 In
1348 1378 1435 1417 hac
1463 1378 1839 1428 quadragesima,

219 1454 267 1487 ut
289 1448 544 1497 minimum,
580 1459 721 1498 supra
753 1447 875 1486 mille
901 1447 1088 1487 ducenti
1116 1454 1222 1487 sunt
1250 1447 1469 1497 confessi,
1500 1448 1564 1487 ita
1585 1453 1634 1487 ut
1659 1448 1715 1488 ab
1738 1454 1842 1488 ortu

220 1519 328 1558 solis
350 1530 495 1570 usque
518 1519 575 1558 ad
597 1519 802 1568 tertiam,
827 1524 869 1557 et
894 1518 1123 1558 interdum
1144 1524 1380 1569 quartam,
1402 1519 1553 1558 noctis
1574 1520 1741 1559 horam
1763 1519 1840 1558 im-

218 1590 376 1640 pransi
404 1590 573 1636 nostri,
606 1589 809 1629 maxima
841 1590 1052 1640 corporis
1082 1590 1290 1629 molestia
1322 1590 1403 1629 sed
1437 1601 1620 1629 summa
1654 1590 1843 1641 spiritus

220 1661 452 1710 animique
473 1660 662 1709 laetitia,
688 1660 841 1699 multis
863 1659 1023 1699 diebus
1044 1660 1396 1711 permanserint.
1428 1659 1560 1710 Quod
1591 1661 1713 1700 enim
1743 1672 1839 1700 cor-

218 1742 303 1781 pus
325 1731 588 1779 stenuabat,
614 1730 659 1770 id
680 1731 884 1770 animum
906 1731 1148 1770 recreabat
1166 1736 1209 1769 et
1232 1730 1479 1770 reficiebat.
1507 1731 1842 1771 Confluxerunt

217 1802 389 1841 multae
406 1801 586 1841 nobiles
607 1806 877 1847 matronae;
901 1801 1031 1840 multi
1052 1813 1110 1840 ex
1130 1801 1453 1841 remotissimis
1475 1801 1678 1841 civitatis
1703 1802 1841 1852 parti-

216 1873 301 1911 bus
323 1878 675 1917 concu1·rerunt;
698 1883 791 1911 non
812 1871 962 1923 pauci,
988 1873 1065 1922 qui
1086 1872 1214 1923 prius
1234 1871 1336 1911 aliis
1357 1878 1489 1912 erant
1510 1872 1725 1923 confessi,
1748 1884 1838 1923 quo

216 1942 398 1982 facilius
433 1942 618 1981 illorum
646 1942 904 1993 quiesceret
925 1942 1232 1992 conscientia,
1263 1941 1603 1982 confessionem
1633 1954 1737 1982 cum
1766 1955 1842 1982 no-

216 2014 325 2052 stris
348 2014 589 2052 iterarunt.
620 2012 724 2052 Non
746 2012 988 2052 defuerunt
1018 2013 1095 2063 qui
1119 2024 1146 2051 a
1167 2012 1360 2061 duobus,
1385 2019 1598 2064 quatuor,
1623 2013 1839 2064 quinque,

217 2096 312 2133 sex,
337 2090 503 2123 octove
527 2083 662 2122 annis
684 2083 884 2122 confessi
913 2095 1006 2122 non
1026 2083 1222 2123 fuerant.
1247 2083 1400 2134 Atque
1423 2083 1508 2122 has
1529 2083 1714 2135 quidem
1736 2096 1840 2123 con-

216 2154 441 2193 sessiones
461 2165 554 2193 non
569 2153 815 2193 mediocris
831 2153 1010 2193 fructus
1027 2159 1096 2193 est
1117 2160 1416 2204 consecutus;
1440 2166 1548 2194 nam
1565 2154 1840 2194 concubina-

216 2225 273 2263 rii
294 2224 471 2275 aliquot
494 2235 603 2263 suas
624 2224 827 2275 pelliceS,
847 2224 1013 2275 quibus
1034 2224 1189 2263 multis
1211 2225 1345 2264 annis
1364 2225 1548 2264 fuerant
1570 2225 1716 2275 abusi,
1739 2225 1842 2264 reli-

217 2301 427 2345 querunt;
450 2295 633 2345 aliquae
646 2294 874 2334 foeminae
891 2295 1082 2345 nobiles,
1097 2293 1194 2345 jam
1209 2295 1401 2345 nubiles,
1420 2307 1469 2334 se
1486 2301 1736 2346 perpetuae
1753 2296 1844 2334 vir-

217 2365 401 2416 ginitati
423 2371 773 2415 consecrarunt,
798 2371 841 2405 et
863 2377 933 2415 ne,
958 2365 1175 2405 humanis
1194 2366 1396 2417 pollutae
1418 2366 1675 2416 connubiis,
1698 2378 1841 2406 verae

217 2436 470 2475 nobilitatis
498 2441 542 2475 et
570 2436 830 2487 splendoris
851 2436 995 2475 divini
1021 2435 1254 2486 jacturam
1280 2436 1510 2487 facerent,
1535 2437 1618 2476 soli
1640 2437 1841 2485 Christo,

217 2506 438 2545 nobilium
459 2506 762 2553 nobilissimo,
794 2507 966 2546 nubere
989 2508 1258 2557 voluerunt;
1283 2507 1423 2558 aliae,
1447 2508 1648 2558 virginei
1676 2508 1844 2547 cando-

218 2577 283 2616 ris
306 2588 466 2616 amore
489 2582 668 2627 captae,
689 2577 837 2615 eidem
858 2589 959 2616 sese
976 2577 1210 2617 devovere
1231 2583 1506 2617 statuerunt.

300 2647 499 2696 Quidam
517 2646 732 2697 juveneS,
758 2647 932 2686 alumni
953 2654 1221 2687 nostrorum
1242 2647 1433 2687 Patrum
1459 2648 1744 2699 spirituales,
1775 2660 1841 2687 re-

222 2717 441 2767 ligionem
482 2717 896 2756 Dominicanorum
936 2723 979 2757 et
1020 2718 1253 2757 dictorum
1291 2719 1433 2769 vulgo
1473 2718 1842 2769 Capuecinorum

220 2792 325 2826 sunt
362 2788 582 2837 ingressi3
620 2788 879 2837 complures
915 2788 1097 2838 ingredi
1129 2788 1451 2828 decreverunt.
1490 2789 1621 2828 Multi
1650 2788 1843 2838 singulis

222 2857 476 2906 mensibus,
507 2858 694 2908 quidam
721 2857 1029 2908 frequentius,
1061 2857 1270 2898 confiteri
1298 2864 1651 2909 proposuerunt.
1675 2857 1840 2908 Quam-

223 2927 405 2976 plurimi
427 2928 632 2976 generali
655 2927 944 2966 confessione
972 2928 1112 2967 totius
1133 2928 1256 2967 vitae
1278 2929 1438 2968 sordes
1469 2934 1512 2968 et
1533 2929 1742 2967 maculas
1764 2939 1840 2967 ex-
