1987 3260
876 150 959 188 AN.
991 150 1081 188 1552
1719 154 1789 192 575

166 252 326 286 rentur
348 246 531 297 assequi
554 246 760 297 linguam
778 246 882 296 viri,
902 252 1059 298 utpote
1080 246 1290 287 nonnihil
1309 247 1510 288 fortasse
1532 261 1559 288 a
1580 260 1664 289 suo
1686 262 1787 290 ver-

160 317 328 356 naculo
351 322 394 356 et
411 317 617 356 austrico
641 316 859 357 idiomate
880 317 1073 357 subinde
1095 317 1453 369 discrepantem.
1471 319 1650 359 Verum
1668 332 1786 371 quae

160 387 350 426 minima
372 394 477 427 sunt
501 387 850 438 impedimenta,
875 399 986 428 usus
1012 387 1321 439 audiendique
1343 389 1629 429 consuetudo
1651 389 1787 430 facile

164 457 295 496 tollit.

241 527 399 567 Italica
433 528 642 568 similiter
679 530 842 569 concio
870 535 1085 581 speratur
1114 529 1512 569 continuationem
1547 531 1784 581 sortitura,

157 609 293 649 quae,
317 605 504 649 praeter
527 610 819 639 communem
843 599 1128 639 audientium
1158 599 1532 650 instructionem,
1559 599 1662 640 ideo
1690 613 1786 641 sus-

156 668 350 719 cipitur,
386 675 433 708 ut
462 669 593 719 pueri
623 676 760 720 atque
783 670 1103 710 adolescentes
1138 670 1285 710 Italici
1317 670 1410 721 (qui
1439 670 1513 710 hic
1543 678 1667 711 certe
1688 684 1786 723 per-

157 739 288 779 multi
319 740 439 787 sunt)
475 740 657 780 facilius
694 740 848 780 induci
882 740 1063 791 possint
1100 740 1158 780 ad
1193 739 1464 780 discendum
1494 741 1579 780 sub
1613 743 1786 782 nostris

155 821 451 850 communem
481 810 743 850 doctrinam
774 811 1058 850 christianae
1089 811 1342 860 religionis.
1376 811 1471 851 Vix
1509 811 1632 851 enim
1667 813 1786 863 quis-

158 892 299 931 quam
324 881 370 920 in
398 887 528 920 tanto
558 892 752 921 numero
782 887 870 931 est,
894 881 971 932 qui
1001 882 1146 932 possit
1177 881 1357 932 integre
1389 882 1651 922 orationem
1673 884 1786 923 reci-

153 958 254 990 tare
275 951 582 1001 dominicam;
605 952 868 1003 symbolum
889 951 992 991 fidei
1014 952 1283 1003 paucissimi
1310 959 1502 1002 norunt;
1534 961 1784 1006 praecepta

153 1021 240 1061 Dei
260 1021 460 1062 fortasse
482 1023 656 1072 nullus;
681 1034 771 1074 qua
794 1023 1068 1073 ignorantia
1089 1022 1288 1062 fortasse
1309 1028 1353 1062 et
1373 1022 1420 1062 hi
1436 1022 1533 1063 fere
1553 1023 1783 1074 laborant,

151 1092 230 1143 qui
247 1092 511 1144 hujusmodi
531 1094 688 1144 pueris
718 1094 764 1133 in
786 1094 1024 1133 laboribus
1045 1099 1269 1144 praesunt
1291 1093 1589 1134 mechanicis.

232 1162 301 1202 De
331 1164 628 1213 lectionibus,
661 1176 780 1215 quae
814 1164 860 1203 in
880 1164 1065 1215 publico
1094 1163 1227 1214 fiunt,
1258 1164 1303 1204 id
1330 1164 1536 1205 breviter
1566 1165 1780 1206 referam.

152 1233 204 1273 R.
229 1234 277 1274 P.
305 1234 546 1285 Claudius,
571 1246 678 1274 cum
702 1235 816 1275 satis
846 1247 1116 1282 numerosO,
1149 1236 1214 1275 uti
1245 1236 1389 1286 solet,
1412 1236 1660 1287 auditorio,
1685 1249 1783 1289 per-

150 1305 218 1355 git
246 1305 291 1345 in
317 1306 516 1345 lectione
544 1305 739 1345 Paulina
768 1306 827 1346 ad
858 1306 1094 1345 Romanos
1128 1305 1153 1343 ¹.
1188 1306 1245 1345 D.
1280 1305 1502 1347 Nicolaus
1533 1307 1588 1347 de
1618 1308 1781 1360 Lanoy

152 1376 399 1415 lectionem
421 1377 576 1426 quarti
596 1377 937 1416 sententiarum
955 1375 1010 1415 de
1029 1377 1338 1416 sacramentis
1359 1378 1618 1429 continuat:
1641 1390 1781 1430 quam

151 1447 396 1486 materiam
427 1447 503 1487 ubi
534 1447 812 1496 absolverit,
846 1453 1064 1497 putamus
1100 1447 1452 1497 auspicaturum
1478 1447 1637 1488 Sancti
1667 1449 1779 1489 Mat-

151 1517 276 1557 thaei
298 1524 376 1557 aut
398 1518 635 1570 quippiam
658 1530 718 1557 ex
739 1529 862 1558 novo
885 1523 1179 1557 testamento.
1202 1516 1259 1557 D.
1283 1517 1504 1558 Nicolaus
1525 1519 1780 1560 Gaudanus

152 1589 222 1628 his
243 1588 404 1628 diebus
424 1590 678 1640 explanare
706 1589 859 1640 coepit
885 1588 1053 1628 librum
1081 1586 1332 1628 Geneseos
1368 1588 1623 1630 Decretum
1653 1602 1780 1631 nam-

150 1671 239 1710 que
260 1667 329 1699 est
349 1671 431 1710 per
458 1658 706 1711 deputatos
734 1672 760 1699 a
788 1659 936 1710 Regia
958 1658 1222 1710 Majestate,
1247 1665 1296 1698 ut
1316 1670 1398 1710 per
1432 1660 1646 1701 diversos
1677 1673 1779 1712 pro-

150 1730 370 1781 fessores,
408 1742 667 1781 paucorum
701 1742 929 1771 annorum
958 1730 1129 1781 spatio,
1168 1735 1315 1770 totum
1345 1741 1515 1781 corpus
1548 1732 1774 1773 librorum

151 1802 487 1841 canonicorum
510 1802 556 1841 in
576 1802 762 1853 publica
785 1801 946 1841 schola
968 1801 1293 1851 theologorum
1316 1802 1628 1853 praelegatur.

230 1872 309 1912 D.¹·
339 1884 450 1911 vero
482 1872 697 1912 Canisius
724 1872 996 1923 propediem
1025 1871 1322 1922 expositurus
1353 1878 1422 1912 est
1454 1874 1778 1924 compendium

150 1943 385 1994 quoddam
423 1943 713 1994 theologiae,
755 1955 835 1983 seu
875 1942 1158 1982 christianae
1198 1942 1461 1992 doctrinae,
1503 1944 1625 1994 quod
1664 1957 1779 1996 opus

145 2013 276 2064 jussu
305 2013 598 2053 Serenissimi
624 2013 767 2064 Regis
797 2013 944 2053 nostri
965 2012 1014 2052 P.
1051 2012 1272 2052 Claudius
1293 2013 1543 2054 concinnat
1568 2015 1615 2054 in
1644 2027 1778 2056 usum

151 2085 443 2135 potissimum
464 2084 781 2124 studiosorum
813 2090 857 2124 et
885 2089 1148 2135 pastorum,
1179 2083 1258 2134 qui
1287 2083 1334 2122 in
1365 2083 1615 2125 ditionibus
1636 2088 1779 2137 regiis

150 2156 345 2203 degunt,
370 2156 535 2206 quibus
557 2166 651 2195 non
673 2155 944 2195 conceditur
965 2154 1180 2194 diversas
1202 2153 1259 2192 ob
1282 2155 1586 2196 necessitates
1607 2157 1653 2196 in
1675 2170 1776 2198 aca-

149 2227 314 2266 demiis
337 2226 509 2266 diutius
530 2233 805 2277 permanere
827 2226 855 2263 ‘·‘.

229 2296 493 2347 Postremo,
518 2297 572 2337 de
595 2297 757 2337 studiis
779 2297 1062 2348 domesticis,
1084 2297 1313 2349 quaedam
1331 2301 1493 2351 paucis
1514 2300 1774 2351 expediam,

148 2368 296 2419 deque
328 2368 585 2417 exercitiis,
621 2379 738 2419 quae
773 2368 832 2408 ad
866 2369 1272 2412 mortificationem
1303 2372 1474 2412 veteris
1504 2371 1703 2411 hominis
1733 2377 1776 2411 et

148 2438 207 2478 ad
234 2438 493 2489 profectum
524 2439 799 2490 praesertim
830 2440 1093 2481 conducunt
1123 2442 1414 2483 humilitatis.
1448 2443 1500 2483 In
1529 2443 1600 2482 his
1634 2443 1776 2482 omni-

146 2510 253 2560 bus,
279 2517 325 2549 ut
349 2509 567 2556 antehac,
593 2509 844 2560 persistunt
864 2509 1054 2562 fratres,
1079 2511 1338 2554 distributis
1357 2514 1577 2554 nimirum
1596 2513 1773 2563 officiis,

146 2591 265 2631 quae
287 2580 346 2619 ad
368 2591 661 2619 communem
691 2580 896 2620 omnium
923 2583 1251 2624 necessitatem
1280 2585 1536 2636 pertinent;
1572 2595 1772 2624 commu-

200 2716 209 2735 ¹
252 2715 282 2742 in
300 2716 444 2742 lectione
462 2715 638 2749 Epistolae
655 2715 751 2743 Pauli
767 2716 808 2743 ad
822 2716 1002 2744 Romanos.

199 2762 212 2781 ’Ξ
250 2762 347 2794 Vide,
365 2767 501 2796 praeter
517 2770 567 2795 ca,
584 2769 668 2796 quae
683 2768 869 2790 narrantur
884 2764 915 2790 in
929 2763 1007 2790 vitis
1021 2764 1160 2792 Parrum
1174 2766 1299 2794 Canisii
1313 2770 1345 2793 et
1359 2767 1447 2802 Jayi,
1465 2770 1498 2793 et
1510 2767 1614 2794 etiam
1626 2766 1772 2802 Laynez.

145 2816 178 2836 ct
194 2810 226 2837 in
241 2809 400 2836 Hestoma
418 2810 602 2836 Societatis
627 2810 668 2836 ab
693 2809 876 2837 Orlandino
900 2815 933 2838 et
958 2810 1134 2845 Sacchino,
1161 2821 1245 2847 quae
1270 2813 1399 2848 colligit
1425 2814 1713 2847 BRAUNSBERGER,
1743 2815 1774 2841 in

146 2859 272 2885 recenti
288 2858 485 2884 eruditionis
500 2858 598 2891 pleno
616 2865 715 2891 opere
731 2857 954 2892 Entstelmng
979 2860 1051 2885 und
1079 2862 1170 2887 erste
1193 2860 1437 2895 Entzm'cklung
1451 2862 1515 2888 der
1528 2861 1770 2889 katechismen

145 2905 208 2931 des
221 2905 354 2937 seligen
369 2905 495 2931 Petrus
508 2904 683 2937 Canisius,
696 2912 761 2931 aus
776 2905 840 2932 der
853 2906 1084 2941 Cesellscltast
1094 2907 1194 2941 Jesn,
1206 2909 1408 2942 praesertim
1422 2911 1536 2936 erster
1546 2908 1772 2936 abschnitt.—

148 2951 221 2978 Der
234 2957 356 2984 grosse
372 2951 623 2978 lcatesln'smns.
