1987 3260
253 179 324 216 300
539 195 543 198 ·
762 182 989 218 LITTERAE
1016 193 1372 225 QUADRlMESTRES

253 281 351 315 tum
371 276 640 317 mulieribus
662 289 688 316 a
717 277 1010 318 confessione
1036 277 1226 329 fuimus,
1251 285 1345 319 tam
1366 280 1413 319 in
1434 280 1688 320 domestico
1717 286 1881 320 nostro

254 347 440 397 sacello,
466 352 562 387 tam
583 348 629 387 in
651 347 892 399 adjacente
914 348 1126 398 ecclesia,
1150 348 1358 400 hispanis
1379 351 1563 401 quidem
1584 350 1879 390 scholasticis

252 428 346 456 non
366 418 527 468 paucis
545 450 552 468 ,
578 419 715 468 gallis
737 424 890 457 autem
912 419 1285 471 quamplurimis3
1309 421 1418 471 quin
1439 421 1579 460 etiam
1600 433 1692 461 non
1713 421 1879 461 desunt

254 487 438 538 hispani
478 499 615 539 quos,
659 500 764 528 cum
802 489 930 540 prius
970 501 1056 529 nos
1093 489 1329 540 fugerent,
1367 491 1562 541 singulis
1603 492 1763 531 diebus
1802 492 1878 531 do-

253 558 435 598 minicis
457 559 700 599 audiamus
722 559 768 599 in
790 559 1174 611 confessionibus,
1199 566 1243 600 et
1263 561 1352 600 illis
1373 573 1478 601 cum
1505 562 1659 602 multis
1681 562 1783 602 aliis
1809 574 1880 601 sa-

255 640 383 668 cram
405 630 623 680 synaxim
644 630 977 671 ministramus.

333 700 437 739 Duo
454 699 664 750 juvenes,
690 713 885 752 quorum
907 703 1023 741 alter
1044 702 1224 752 sardus,
1250 703 1366 742 alter
1387 703 1681 753 burgundus,
1712 710 1756 742 et
1787 714 1879 742 mo-

255 771 504 810 destissimi
526 771 724 822 quidem,
748 778 852 822 post
884 773 1114 823 completa
1142 773 1366 812 exercitia
1393 773 1674 823 spiritualia,
1706 785 1824 824 quae
1854 785 1879 812 a

254 842 385 880 nobis
407 842 452 881 in
475 842 698 882 auxilium
720 843 982 882 animarum
1003 843 1204 883 conferri
1227 844 1388 893 solent,
1413 843 1660 883 Societatis
1687 850 1877 883 nostrae

253 912 515 952 institutum
531 913 786 963 elegerunt.
800 913 976 953 Sardus
989 914 1188 964 quidem,
1208 920 1315 954 ante
1334 914 1556 954 exercitia
1570 914 1629 954 ad
1645 926 1729 954 nos
1746 914 1881 954 enixe

254 983 578 1033 contendebat,
603 996 725 1024 nunc
746 996 859 1024 vero
881 985 1095 1024 manibus
1117 985 1403 1036 pedibusque
1430 985 1591 1025 nititur
1621 991 1669 1025 ut
1698 985 1745 1024 in
1776 997 1881 1025 con—

254 1053 449 1093 sortium
468 1060 679 1094 nostrum
701 1061 981 1095 assumatur.
1006 1054 1185 1095 Verum
1205 1057 1361 1095 monui
1383 1056 1510 1096 illum
1524 1062 1573 1095 ut
1595 1056 1877 1107 diligentiori

254 1136 366 1164 cura
386 1125 694 1175 perpenderet
717 1138 775 1165 an
797 1132 976 1165 tantum
993 1126 1079 1166 sibi
1100 1127 1261 1166 talenti
1283 1127 1571 1166 existimaret
1592 1127 1707 1177 dari,
1730 1134 1780 1167 ut
1800 1126 1877 1167 So-

253 1195 435 1234 cietatis
456 1201 643 1235 nostrae
665 1208 807 1236 onera
829 1196 951 1236 ferre
972 1196 1134 1246 possit.
1162 1196 1294 1236 Alter
1316 1209 1428 1236 vero
1446 1197 1492 1236 in
1512 1197 1713 1248 patriam
1731 1209 1879 1237 seces—

254 1266 312 1305 sit
334 1278 408 1305 res
430 1277 540 1306 suas
561 1268 918 1318 compositurus.

332 1335 562 1377 Sacerdos
583 1337 658 1376 ille
679 1337 871 1389 flander,
897 1339 952 1378 de
975 1350 1064 1390 quo
1087 1339 1146 1378 ad
1167 1345 1209 1378 te
1228 1339 1389 1389 paucis
1406 1339 1574 1378 abhinc
1591 1339 1751 1379 diebus
1769 1340 1881 1379 scri-

251 1407 337 1457 psi,
360 1412 456 1447 tum
480 1415 667 1459 propter
690 1407 788 1458 ejus
808 1409 1063 1449 bonitatem
1085 1415 1128 1449 et
1145 1409 1435 1459 modestiam,
1456 1415 1552 1449 tum
1578 1410 1634 1449 ob
1662 1421 1877 1460 perseve-

251 1478 466 1529 rantiam,
492 1491 631 1530 quam
650 1479 696 1519 in
718 1479 793 1519 illo
816 1491 975 1519 sumus
1005 1480 1204 1531 experti,
1235 1480 1293 1519 ad
1321 1480 1436 1520 duos
1464 1486 1542 1520 aut
1570 1486 1665 1520 tres
1693 1492 1877 1520 menses

255 1549 503 1600 recipietur
524 1550 571 1589 in
592 1549 816 1590 familiam
837 1557 1046 1590 nostram
1072 1549 1095 1590 ¹.

332 1619 510 1660 Doctor
545 1621 734 1671 quidam
763 1621 1028 1671 theologus,
1059 1621 1168 1661 dum
1197 1621 1512 1672 superioribus
1540 1621 1774 1661 mensibus
1803 1622 1878 1661 ad-

252 1702 391 1731 versa
412 1692 645 1731 laboraret
666 1691 946 1743 valetudine,
970 1693 1076 1732 licet
1097 1692 1209 1732 mihi
1231 1692 1497 1742 incognitus
1513 1698 1650 1741 esset,
1670 1703 1742 1731 me
1762 1692 1874 1731 invi-

251 1762 323 1811 sit,
344 1773 480 1813 quem
501 1773 606 1802 cum
627 1773 715 1813 ego
732 1763 993 1814 alloquerer
1009 1769 1052 1802 et
1068 1764 1288 1802 nonnulla
1305 1763 1360 1802 de
1376 1763 1501 1802 vitae
1522 1768 1710 1802 nostrae
1728 1763 1878 1802 incer—

251 1834 462 1884 titudine,
486 1834 541 1873 de
562 1834 827 1884 virtutibus,
854 1834 909 1874 de
929 1846 1037 1874 raro
1060 1846 1146 1874 usu
1167 1845 1328 1874 earum
1350 1834 1473 1884 apud
1498 1833 1711 1873 homines
1739 1833 1874 1884 hujus
1929 1855 1933 1859 -

252 1905 555 1955 tempestatiS,
580 1905 727 1956 deque
747 1905 1047 1945 beatitudinis
1063 1904 1271 1956 praemio
1294 1905 1348 1944 iis
1365 1905 1609 1955 promisso,
1634 1904 1712 1955 qui
1733 1905 1877 1944 talen—

252 1981 349 2015 tum
367 1976 450 2015 sub
467 1981 640 2015 terram
658 1988 750 2015 non
768 1976 1136 2026 abscondissent,
1159 1976 1450 2026 dissererem,
1471 1975 1510 2015 is
1526 1975 1639 2015 mihi
1658 1975 1722 2014 ita
1744 1975 1877 2014 satis-

252 2045 361 2086 fecit
388 2052 437 2086 ut
464 2058 628 2086 verum
655 2047 910 2087 israelitam
944 2047 1002 2087 ad
1030 2059 1103 2086 me
1131 2047 1316 2086 venisse
1352 2046 1652 2096 crediderim3
1682 2057 1878 2096 cumque

254 2118 310 2157 ab
331 2129 609 2169 unoquoque
626 2118 825 2158 fratrum
844 2124 1112 2157 nostrorum
1133 2117 1467 2157 humanissime
1489 2117 1805 2168 exciperetur,
1830 2124 1873 2156 et

253 2188 298 2227 in
320 2189 538 2228 universa
561 2188 724 2228 domus
746 2189 972 2239 cubicula,
997 2200 1116 2239 quae
1137 2188 1338 2228 invisere
1359 2187 1675 2238 desiderabat,
1701 2199 1750 2227 se
1772 2199 1876 2227 con-

254 2260 447 2310 tulisset,
473 2260 666 2299 lectulos
686 2266 872 2299 nostros
894 2271 1032 2310 super
1053 2260 1167 2299 duos
1184 2270 1365 2299 asseres
1382 2264 1426 2298 et
1442 2259 1532 2298 duo
1550 2259 1754 2299 scabella
1772 2270 1879 2298 con—

255 2330 467 2369 cinnatos
495 2330 688 2380 videret,
720 2341 977 2370 conversus
998 2330 1056 2370 ad
1076 2330 1224 2380 binos,
1249 2341 1366 2380 quos
1386 2340 1544 2369 secum
1564 2328 1777 2379 duxerat,
1810 2340 1881 2368 so—

255 2401 365 2441 cios:
390 2412 462 2448 en,
487 2402 647 2452 inquit,
672 2402 894 2452 optimam
916 2401 1042 2440 nacti
1064 2412 1223 2440 sumus
1245 2401 1536 2450 concionem;
1562 2400 1651 2439 hac
1679 2399 1804 2439 enim
1834 2400 1879 2438 in

255 2472 392 2511 domo
414 2471 501 2511 hoc
522 2478 619 2511 tam
639 2472 771 2511 brevi
792 2478 1002 2522 tempore
1028 2472 1131 2522 plus
1156 2471 1438 2522 profecimus
1467 2482 1607 2521 quam
1634 2470 1673 2509 si
1700 2470 1882 2521 praedi-

244 2542 429 2582 ¹cationi
450 2542 833 2582 interfuissemus.

335 2612 533 2663 Quidam
555 2613 670 2652 alius
699 2612 878 2652 Doctor
905 2613 1174 2663 theologus,
1204 2612 1446 2664 cujusdam
1475 2611 1658 2662 collegii
1685 2611 1877 2662 primas,

258 2695 363 2723 curn
384 2684 526 2723 semel
554 2689 676 2723 esset
704 2683 761 2723 ad
785 2682 953 2734 januas
981 2684 1052 2723 sui
1079 2683 1284 2733 collegii,
1309 2689 1352 2723 et
1380 2688 1656 2734 procurator
1678 2680 1797 2732 ejus,
1831 2688 1881 2721 ut

257 2760 326 2794 est
347 2754 505 2804 moris,
530 2766 557 2793 a
578 2754 872 2794 scholasticis
893 2754 1130 2793 extraneis
1150 2754 1373 2804 pecunias
1398 2753 1650 2804 colligeret,
1677 2752 1883 2792 animad-
1940 2797 1942 2799 ,

312 2891 320 2910 ¹
362 2888 729 2923 ⁸⁴OlivierMana1·e,ne
745 2891 765 2916 a
780 2888 1108 2924 Quincy-en-Artois‚
1132 2896 1171 2915 en
1197 2889 1272 2922 1523,
1297 2889 1406 2916 admis
1429 2890 1447 2915 a
1468 2888 1566 2915 Paris
1590 2895 1630 2914 en
1655 2887 1733 2921 1550,
1759 2890 1845 2914 mort
1863 2888 1883 2912 it

258 2937 427 2972 Tournay,
443 2938 473 2963 le
488 2937 522 2963 ⁴28
536 2937 718 2964 novembre
736 2936 814 2970 1612&
829 2936 849 2962 il
866 2936 1002 2970 remplit
1018 2936 1066 2962 les
1086 2936 1231 2969 charges
1252 2936 1290 2962 de
1312 2940 1458 2969 recteur,
1475 2935 1513 2962 de
1529 2935 1733 2969 provincial,
1749 2934 1788 2960 de
1805 2933 1883 2961 visi-

259 2988 347 3017 teus,
364 2984 558 3011 d'assistant
575 2988 607 3011 et
620 2984 659 3010 de
675 2984 804 3011 vicaire
821 2984 990 3017 genereth„
1005 2982 1196 3017 DELPLACE,
1214 2984 1233 3010 1.
1251 2990 1279 3011 c.
