1987 3260
832 178 915 214 AN.
946 177 1031 214 1551
1678 177 1749 214 379

204 273 326 314 Nihil
361 273 486 313 aliud
521 273 817 313 scribendum
845 273 1061 313 occurrit.
1093 272 1426 313 Paternitatem
1453 277 1580 312 tuam
1614 273 1747 313 unice

125 355 312 384 oramus
339 350 387 383 ut
414 344 504 384 tuis
530 343 812 395 Patrumquc
833 344 1122 384 orationibus
1143 342 1244 383 Deo
1266 343 1660 383 commendemur.

203 414 354 454 Pridie
380 414 604 454 kalendas
631 414 917 465 Septembris
945 425 1067 454 anno
1098 413 1340 453 millesimo
1371 413 1746 464 quingentesimo

122 485 510 536 quinquagesimo
531 485 696 536 primo.
720 485 894 525 Datum
914 483 1242 525 Salmanticae.

204 555 557 606 Indignissimus
575 555 694 596 filius
716 562 845 606 tuus,

1040 715 1273 755 NICOLAUS
1301 713 1532 754 GRAZIDA.

200 981 567 1032 Sllpel‘scrlpllb,
598 946 707 1021 IfIS.
733 980 1000 1021 Admodum
1020 978 1297 1020 Reverendo
1321 978 1460 1018 Mtro.
1483 977 1667 1028 Ignatio
1692 979 1750 1018 de

118 1052 319 1103 Loyola‚
344 1052 616 1103 Praeposito
639 1052 858 1092 Generali
878 1051 1125 1092 Societatis
1145 1050 1270 1102 Jesu.
1296 1049 1492 1089 Romae.

198 1123 346 1162 Alaun
382 1123 591 1174 sommis
621 1122 841 1173 Philippi
880 1122 977 1162 Vtto
1000 1134 1014 1161 .·
1052 1121 1165 1171 1551,
1204 1120 1378 1171 Quadr.
1416 1119 1746 1169 Salmanticae,

119 1192 246 1245 Sept.
272 1194 326 1244 Q.
352 1193 397 1234 S.

241 1422 387 1450 Eaedem
401 1423 532 1450 Nicolai
549 1423 696 1450 Grazida
711 1424 847 1450 litterae
870 1424 995 1457 absque
1018 1424 1307 1450 emendationibus
1332 1423 1446 1450 Patris
1462 1423 1619 1450 Polanco.

919 1560 939 1592 †

885 1595 981 1636 IHS

194 1757 459 1797 Admodum
480 1756 579 1797 R.de
596 1755 748 1796 Pater:

194 1828 380 1867 Summi
402 1827 626 1867 Numinis
654 1827 821 1877 gratia
847 1827 1149 1878 effus-demque
1179 1838 1294 1867 vera
1322 1832 1431 1878 pax
1459 1826 1521 1866 sit
1555 1832 1742 1878 semper

115 1899 366 1939 nobiscum.
392 1900 556 1939 Amen.

194 1971 254 2011 Ut
276 1971 564 2010 obedientiae
585 1971 865 2021 adimpleam
882 1969 1028 2021 jussa,
1052 1968 1221 2020 quibus
1251 1968 1436 2019 quidem
1467 1979 1644 2008 morem
1665 1979 1743 2018 ge-

114 2042 252 2081 rendi
274 2053 368 2081 uon
397 2047 554 2092 parvo
583 2045 743 2081 teneor
769 2040 1019 2090 desiderio,
1049 2040 1387 2080 paternitatem
1421 2045 1549 2079 tuam
1583 2050 1744 2078 eorum

113 2113 318 2152 omnium
358 2124 476 2164 quae
518 2113 564 2152 in
591 2112 965 2163 praesentiarum
993 2117 1267 2161 occurrunt,
1308 2116 1414 2162 post
1454 2110 1744 2161 superiorem

112 2183 356 2233 epistolam
390 2190 546 2233 gesta,
583 2182 831 2222 certiorem
866 2181 1071 2221 reddam.
1115 2181 1414 2232 Primumque
1452 2181 1541 2221 hoc
1581 2188 1744 2220 teneas

114 2254 267 2304 velim,
305 2254 441 2293 solita
475 2264 589 2303 erga
624 2265 709 2293 nos
748 2252 820 2292 X.¹'
856 2252 1117 2302 clementia,
1155 2252 1315 2292 deesse
1347 2263 1601 2303 numquam
1634 2251 1743 2302 quid

113 2335 326 2375 agamus,
349 2336 441 2364 non
459 2324 557 2364 sine
578 2324 783 2363 maxima
803 2324 1128 2375 stupendaque
1148 2329 1244 2363 tum
1266 2323 1606 2373 proximorum
1627 2322 1745 2362 utili-

113 2402 206 2435 tate
234 2402 330 2435 tum
361 2395 499 2434 etiam
531 2395 735 2434 civitatis
763 2395 905 2434 totius
935 2395 993 2434 ad
1016 2394 1238 2434 virtutem
1266 2393 1630 2434 inflammatione
1651 2405 1744 2433 non

113 2465 351 2506 mediocri.
384 2466 589 2517 Populus
616 2466 738 2505 enim
765 2471 889 2505 totus
916 2464 1085 2505 fratres
1116 2471 1304 2505 nostros
1325 2465 1450 2515 colit,
1475 2476 1530 2504 ac
1550 2475 1743 2504 venera-

112 2544 186 2576 tur
217 2548 309 2576 ιιοιι
334 2542 536 2587 parumj
557 2536 704 2587 hujus
733 2536 806 2575 rei
829 2536 1010 2575 abunde
1036 2547 1270 2586 magnum
1303 2539 1374 2575 est
1401 2538 1744 2585 argumentum

111 2608 235 2657 qnod
262 2619 354 2647 non
389 2607 526 2659 pauci
559 2607 747 2647 domum
782 2614 994 2647 nostram
1032 2613 1228 2658 peccata
1267 2605 1440 2646 fassuri
1480 2617 1742 2657 corpusque

111 2677 184 2717 Χῖ
211 2679 450 2729 accepturi
484 2690 532 2718 se
568 2677 827 2728 conferunt;
863 2677 1046 2718 Pascha
1080 2689 1194 2717 vero
1231 2677 1500 2729 praeterita,
1527 2675 1740 2727 jubilaeo

106 2754 256 2800 prope
288 2749 423 2800 lapso
459 2749 763 2799 Virginisque
806 2748 983 2788 Mariae
1016 2748 1168 2798 festis,
1206 2754 1337 2788 tanta
1358 2747 1466 2798 fuit
1500 2747 1743 2787 hominum

110 2820 249 2859 turba
270 2824 527 2871 tantusque
556 2819 905 2860 advenientium
932 2819 1137 2871 impetus
1163 2826 1225 2866 ut,
1260 2830 1366 2858 cum
1387 2824 1566 2870 septem
1587 2824 1742 2858 essent

112 2897 305 2940 peccata
327 2891 588 2940 audientes,
621 2891 752 2930 multi
778 2903 871 2930 non
900 2891 1101 2930 confessi
1129 2890 1444 2929 discesserint.
1469 2890 1739 2929 Adventan-

112 2963 183 3000 tes
204 2968 357 3001 autem
378 2962 473 3002 fere
491 2974 651 3002 omnes
670 2962 933 3001 scholastici
957 2968 1078 3012 sunt,
1102 2961 1268 3012 quibus
1290 2961 1476 3012 quidem
1489 2960 1585 3012 jam
1602 2966 1671 3000 est
1686 2959 1742 3000 de
