1987 3260
213 189 284 225 314
726 189 951 226 LITTERAE
977 200 1332 232 QUADRIMESTRES

218 282 426 322 discendi
453 284 685 323 curriculo
715 289 820 323 sunt
847 285 1085 335 progressi
1109 283 1119 302 ¹
1149 286 1378 337 nonnulli,
1409 292 1458 325 ut
1488 286 1639 337 magis
1666 298 1715 325 se
1745 292 1842 326 tam

215 353 384 404 exiguo
406 359 614 405 tempore
636 354 649 372 ²
677 354 801 404 apud
830 360 1015 394 nostros
1047 366 1186 406 quam
1213 356 1334 407 apud
1365 357 1568 407 reliquos
1596 357 1837 406 ludimagi-

214 429 338 463 stros
358 424 497 475 longo
519 420 749 464 annorum
770 425 969 464 decursu
991 425 1280 476 promovisse
1303 426 1606 477 profiteantur
1627 425 1655 464 ³.
1680 427 1838 478 Neque

213 505 325 533 vero
347 495 393 534 in
414 495 502 534 hoc
524 500 703 534 tantum
724 501 1082 546 praeceptorum
1098 508 1209 535 cura
1228 496 1439 548 ratioque
1461 497 1764 548 consumitur,
1790 504 1838 537 ut

214 564 544 616 discipulorum
572 564 770 605 eruditio
806 577 1092 605 summorum
1125 567 1374 606 authorum
1402 568 1697 607 enarratione
1727 566 1742 586 4
1762 579 1837 607 au—

213 642 393 686 geatur,
409 635 706 687 quotidieque
725 636 876 687 magis
893 648 947 676 ac
964 637 1115 687 magis
1127 637 1300 687 aliquid
1317 637 1536 676 inlitteris
1555 639 1839 678 accessionis

215 705 313 754 fiat3
337 718 502 746 verum
526 718 579 745 eo
603 707 750 746 aciem
772 707 1065 757 ingeniorum
1088 719 1279 747 suorum
1308 708 1564 758 intendunt,
1593 714 1641 747 ut
1669 707 1682 726 ὅ
1709 709 1838 748 scho—

213 777 365 816 lastici
392 777 621 827 universi,
651 789 743 816 non
770 777 922 817 minus
952 789 1133 817 morum
1164 778 1432 828 integritate
1465 790 1603 829 quam
1632 779 1839 819 honestis

214 847 469 899 disciplinis
490 847 802 887 commendati
823 848 1093 895 enitescant;
1128 860 1221 888 non
1249 849 1400 899 magis
1421 848 1434 866 ⁶
1457 849 1679 888 scientiae
1702 861 1839 900 quam

214 918 551 958 sanctimoniae
578 919 697 958 ratio
727 918 968 968 habeatur,
1003 919 1187 970 quando
1217 919 1421 958 maxima
1452 931 1562 970 pars
1588 918 1836 966 felicitatis,

210 989 284 1028 vel
305 994 400 1028 tota
420 989 574 1039 potius
596 988 808 1038 felicitas,
832 1000 925 1028 non
946 988 992 1028 in
1012 1000 1168 1028 rerum
1190 988 1454 1039 cognitione
1475 990 1556 1028 sed
1578 989 1625 1028 in
1645 989 1834 1029 virtutis

214 1059 395 1098 actione
418 1059 643 1099 consistit.

292 1129 450 1180 Itaque
469 1141 562 1168 non
584 1130 712 1180 prius
735 1130 895 1169 diebus
917 1130 1112 1180 singulis
1141 1130 1199 1169 ad
1231 1130 1486 1169 audiendas
1514 1131 1737 1170 lectiones
1765 1143 1834 1170 ac-

214 1199 383 1238 cedunt
404 1200 514 1250 quin
536 1206 699 1239 sancto
732 1200 799 1239 rei
831 1200 1017 1240 divinae
1048 1207 1342 1240 sacramento
1374 1201 1601 1240 intersint.
1633 1200 1836 1240 Domini-

212 1270 279 1309 cis
300 1275 545 1321 praeterea
566 1270 727 1310 diebus
749 1270 998 1310 conciones
1020 1271 1202 1320 audire,
1227 1276 1285 1321 et,
1317 1270 1538 1322 cujusque
1560 1272 1732 1311 mensis
1754 1271 1836 1310 ini-

211 1341 291 1389 tiO,
315 1346 616 1391 peccatorum
637 1353 826 1381 suorum
856 1341 1197 1381 confessionem
1226 1341 1407 1391 facere,
1440 1343 1637 1392 vulgare
1659 1349 1727 1382 est
1749 1342 1837 1382 illis

216 1417 259 1450 et
280 1411 516 1462 usitatum,
540 1411 658 1451 adde
680 1412 819 1451 etiam
840 1411 1086 1451 familiaria
1110 1423 1215 1451 cum
1239 1412 1480 1462 discipulis
1503 1413 1754 1463 colloquia,
1779 1425 1837 1452 ex

211 1482 376 1532 quibus
396 1483 566 1522 mirum
590 1483 635 1521 in
656 1482 845 1522 modum
866 1483 1184 1522 adolescentes
1212 1483 1270 1522 ad
1298 1482 1506 1522 divinum
1537 1495 1745 1523 amorem
1772 1484 1835 1523 in—

210 1552 522 1602 flammantur,
545 1558 589 1593 et
611 1554 834 1593 coelestis
855 1553 977 1603 ignis
999 1553 1215 1593 ardorem
1236 1553 1516 1604 concipiunt.
1542 1553 1675 1594 Adde
1697 1554 1837 1594 etiam

208 1623 550 1663 admonitiones
573 1629 616 1663 et
637 1624 889 1663 verborum
915 1624 1227 1674 spiritualium
1256 1624 1302 1663 in
1331 1624 1606 1663 lectionibus
1639 1625 1836 1675 singulis

184 1693 632 1744 -interpositionem3
661 1705 770 1733 nam
798 1694 837 1733 si
867 1694 969 1745 quis
997 1694 1132 1733 datur
1162 1694 1307 1744 locus,
1343 1694 1379 1733 si
1403 1706 1520 1745 quae
1543 1695 1662 1734 inter
1684 1696 1836 1745 legen—

210 1763 319 1803 dum
341 1763 532 1803 offertur
554 1764 757 1814 occasio,
787 1769 836 1804 ut
857 1764 1030 1815 aliquid
1051 1764 1106 1804 de
1129 1763 1287 1803 mundi
1309 1771 1597 1815 contemptu,
1624 1765 1678 1804 de
1709 1765 1839 1805 vitae

210 1834 531 1875 emendatione
552 1835 872 1885 interseratur,
897 1835 1090 1874 libenter
1113 1834 1420 1885 interjiciunt,
1441 1841 1483 1874 ct
1507 1836 1551 1874 in
1572 1836 1703 1885 haec,
1723 1842 1833 1875 tam-

210 1916 349 1956 quam
369 1905 415 1944 in
435 1916 633 1944 amoena
653 1905 881 1955 quaedam
908 1905 1200 1954 diverticula,
1236 1917 1399 1945 eorum
1432 1906 1663 1945 interdum
1699 1906 1833 1946 decli-

209 1982 289 2015 nat
311 1976 476 2015 oratio.

289 2046 415 2097 Ergo
437 2046 513 2097 qui
544 2046 590 2085 in
619 2046 745 2085 vitiis
766 2046 977 2085 omnibus
1004 2046 1307 2086 contaminati
1338 2054 1473 2097 atque
1496 2047 1645 2087 obruti
1666 2048 1755 2087 huc
1786 2061 1835 2087 se

209 2117 515 2166 contulerant,
533 2116 630 2167 jam
647 2129 705 2156 ex
725 2116 1044 2156 sordidissima
1061 2128 1240 2156 morum
1262 2117 1523 2157 colluvione
1545 2118 1712 2157 emersi
1728 2125 1834 2158 sunt

209 2193 251 2229 et
275 2187 320 2227 in
338 2187 501 2226 melius
523 2187 670 2227 vitam
698 2192 1060 2233 commutarunt;
1091 2192 1134 2226 et
1164 2198 1256 2226 non
1288 2188 1436 2227 solum
1466 2199 1550 2238 pro
1579 2189 1831 2238 petulantia

206 2258 452 2309 pudorem,
475 2269 559 2308 pro
582 2257 778 2297 audacia
800 2257 1153 2307 verecundiam,
1186 2269 1270 2308 pro
1303 2258 1660 2309 intemperantia
1690 2260 1832 2299 conti-

207 2328 470 2379 tinentiam‚
494 2339 578 2379 pro
607 2328 818 2367 vanitate
848 2327 1116 2376 veritatem,
1149 2327 1344 2378 denique
1376 2340 1460 2378 pro
1488 2328 1704 2379 perjuriis
1730 2341 1832 2369 san-

261 2462 269 2481 ¹
311 2462 342 2488 in
358 2462 420 2488 hoc
436 2462 583 2489 discendi
601 2463 769 2489 curriculo
780 2462 1022 2497 profecerunt,
1037 2464 1110 2488 tam
1119 2462 1425 2497 faustoselz'ciqne
1446 2465 1535 2497 pede
1551 2467 1627 2490 sunt
1642 2466 1824 2498 progressi.

207 2510 367 2542 Aca-in
382 2509 444 2536 hoc
460 2510 608 2536 discendi
624 2511 791 2537 curriculo
807 2514 885 2537 sunt
899 2510 1083 2544 progressi.
1099 2510 1178 2537 Por.

259 2556 273 2574 2
312 2558 477 2591 temporis
494 2558 562 2583 itm
558 2557 692 2583 rvallo.
710 2557 830 2584 Acn—
840 2561 1003 2591 tempore.
1019 2556 1096 2584 POL.

260 2604 274 2623 5
310 2605 399 2639 apud
416 2609 549 2632 nostros
562 2606 783 2638 pronzovzsse
799 2612 898 2639 quam
920 2604 1008 2639 apud
1027 2605 1174 2638 reliquos
1189 2606 1336 2633 docendi
1350 2607 1531 2641 magistrso
1553 2608 1651 2639 longo
1668 2613 1828 2633 annorum

206 2651 350 2678 decursu
365 2652 533 2679 dza'zcz‘sse
546 2651 780 2686 profiteantur.
797 2653 883 2679 ΑΕΗ.
890 2652 1012 2686 -apud
1028 2657 1160 2680 nostros
1176 2661 1275 2687 quarn
1297 2655 1385 2688 apui
1407 2654 1554 2687 reliquos
1569 2653 1831 2687 ludzmagistros

206 2699 306 2732 longo
321 2706 487 2726 annorum
502 2700 645 2726 decursu
657 2701 878 2733 promovzsse
893 2699 1128 2734 profiteantur.
1149 2700 1226 2727 Por..

261 2747 275 2766 4
309 2747 502 2781 perspicua
517 2754 721 2773 summorum
737 2747 918 2774 authorum
933 2748 962 2773 e!
980 2747 1124 2779 linguae
1136 2747 1271 2774 (altnae
1282 2749 1487 2782 principum
1500 2749 1727 2775 enarratione.
1744 2749 1833 2775 Aca.

208 2802 449 2821 —sumrnorum
464 2795 645 2821 authorum
661 2795 887 2822 enarratione.
901 2795 979 2821 Por.

262 2841 276 2860 5
314 2849 433 2868 verum
448 2849 486 2868 eo
503 2842 610 2868 aciem
625 2842 835 2875 ingeniorum
850 2849 986 2869 suorum
1002 2843 1188 2875 intendunt,
1202 2843 1267 2869 huc
1283 2845 1428 2870 conatus
1443 2849 1563 2869 omnes
1582 2850 1770 2877 omnesque
1783 2843 1831 2869 la-

206 2890 306 2915 bores
327 2889 507 2923 referunt,
521 2888 587 2916 huc
602 2889 692 2916 velis
708 2890 874 2922 equisque
889 2890 1114 2919 contendunt.
1128 2894 1173 2916 ut.
1190 2890 1433 2917 AcH.-—vcrum
1446 2898 1483 2916 eo
1496 2890 1604 2917 aciem
1619 2890 1827 2924 ingeniorum

205 2943 342 2962 suorum
358 2936 532 2962 intendunt
548 2941 593 2964 ut.
611 2936 688 2963 Por.

259 2982 273 3002 6
313 2990 421 3017 neque
440 2985 559 3010 minus
578 2986 723 3012 virtutis
740 2992 844 3018 quam
862 2986 1086 3018 eruditionis²
1101 2993 1164 3011 non
1180 2986 1298 3019 magis.
1316 2984 1644 3018 Ac÷1.—n0n-magis.
1662 2984 1739 3011 Pox..
