1987 3260
921 203 1003 240 ΑΝ.
1035 202 1125 239 1552
1759 199 1831 234 003

955 653 1084 707 CLI

278 881 322 917 P.
343 880 642 929 Hieronymus
662 881 914 919 Domenech

323 946 443 983 Patri
462 945 630 993 Ignatio
650 946 704 983 de
722 946 904 992 Loyola.

368 1010 587 1057 Valentia,
609 1011 648 1048 31
675 1011 778 1048 Maii
795 1010 886 1048 1552
905 1011 929 1045 ¹.

1001 1184 1028 1229 ᾧ

283 1359 547 1399 Admodum
569 1360 861 1400 observande
881 1361 927 1399 in
949 1359 1133 1400 Christo
1155 1360 1306 1399 Pater.

282 1429 446 1469 Gratia
468 1436 512 1469 et
531 1442 626 1481 pax
646 1430 833 1470 Domini
853 1431 1000 1471 nostri
1016 1430 1127 1483 Jesu
1142 1430 1314 1470 Christi
1331 1428 1532 1469 abundet
1547 1427 1827 1472 incordibus

203 1501 389 1540 nostris.
413 1500 579 1540 Amen.

280 1571 421 1624 Juxta
442 1571 642 1611 formam
660 1584 686 1611 a
702 1572 752 1612 Ρ.
772 1572 830 1612 V.
850 1572 1204 1623 praescriptam,
1224 1571 1425 1611 referam
1443 1571 1606 1621 paucis
1622 1582 1691 1619 ea,
1713 1580 1831 1620 quae

206 1641 433 1682 Dominus
453 1654 538 1682 sua
558 1642 880 1683 misericordia
901 1643 1119 1694 dignatus
1136 1649 1204 1682 est
1226 1641 1406 1681 efficere
1422 1653 1504 1692 per
1522 1652 1633 1680 suos
1650 1639 1832 1680 infimos

203 1724 367 1753 servos
393 1711 531 1764 hujus
556 1714 694 1764 parvi
721 1713 915 1764 Collegii
943 1713 1195 1761 Valentini,
1225 1713 1404 1752 exactis
1435 1718 1634 1763 quatuor
1660 1712 1824 1750 mensi-

202 1783 309 1833 bus;
333 1795 423 1834 quo
444 1783 524 1823 Ρ.ῖὶ
552 1783 656 1823 Vssff-
681 1791 726 1824 et
747 1783 862 1833 Deo,
895 1784 954 1823 ad
982 1783 1112 1835 cujus
1138 1784 1337 1833 gloriam
1365 1783 1519 1823 omnia
1546 1781 1823 1829 referantur,

203 1853 530 1905 obtemperem.

283 1923 453 1965 Sumus
473 1924 520 1964 in
540 1925 628 1965 hoc
650 1925 857 1976 Collegio
880 1925 1103 1966 tredecim
1124 1933 1203 1965 aut
1224 1925 1601 1977 quatuordecim,
1628 1935 1824 1975 quorum

202 2004 404 2047 quatuor
425 2002 531 2035 sunt
552 1996 836 2040 sacerdotes,
861 2008 944 2036 sex
964 1997 1247 2046 scholastici,
1272 1997 1435 2047 reliqui
1456 1995 1662 2045 Collegio
1684 1995 1824 2034 inser—

203 2066 348 2106 viunt.
371 2065 444 2106 Ex
464 2066 757 2106 scholasticis
778 2067 868 2106 duo
889 2079 1052 2107 sacrae
1073 2067 1338 2117 theologiae
1368 2067 1479 2106 dant
1506 2077 1710 2117 operam,
1734 2065 1825 2105 duo

200 2137 549 2188 philosophiae,
586 2138 663 2188 qui
698 2138 829 2177 brevi
862 2138 1166 2189 peripatetico
1203 2138 1359 2177 cursui
1395 2137 1533 2177 finem
1570 2137 1823 2187 imponent:

200 2219 319 2247 unus
340 2208 628 2258 dialecticae,
652 2208 769 2248 alius
789 2220 903 2248 vero
924 2209 1210 2258 rhetoricae;
1239 2209 1317 2260 qui
1338 2220 1518 2259 omneS,
1552 2207 1723 2248 Christi
1750 2207 1823 2247 be-

203 2278 389 2328 neficio,
423 2279 466 2318 in
497 2279 594 2318 dies
621 2279 772 2329 magis
804 2279 850 2318 in
884 2279 1049 2330 spiritu
1078 2285 1122 2319 et
1142 2279 1309 2319 litteris
1338 2279 1600 2329 proficiunt,
1636 2279 1822 2329 suisque

202 2350 702 2389 communicationibus
729 2357 773 2390 et
801 2351 904 2390 aliis
930 2351 975 2390 in
1004 2350 1214 2390 eamdem
1241 2350 1531 2390 academiam
1557 2349 1821 2390 confluenti-

200 2420 287 2460 bus
308 2427 415 2460 sunt
436 2421 648 2470 exemplo
670 2427 714 2460 et
736 2421 1046 2461 admirationi.

280 2489 561 2531 Sacerdotes
589 2503 717 2540 vero,
747 2492 1001 2531 secundum
1027 2493 1207 2543 gratiae
1235 2492 1629 2543 dispensationem
1655 2492 1719 2530 eis
1747 2491 1824 2530 da-

198 2566 309 2611 tam,
333 2561 445 2601 dant
466 2573 658 2612 operam
671 2568 721 2601 ut
737 2562 828 2602 sint
844 2563 948 2602 usui
962 2563 1177 2613 proximo
1194 2564 1240 2603 in
1257 2563 1328 2603 his
1344 2563 1608 2614 praecipue,
1628 2574 1747 2614 quae
1765 2562 1823 2601 ad

200 2630 334 2682 hujus
355 2630 601 2672 Societatis
622 2631 882 2672 institutum
902 2633 1146 2684 pertinent.
1171 2633 1347 2673 Diebus
1367 2633 1612 2673 dominicis
1633 2640 1678 2672 et
1692 2633 1824 2672 festis

199 2701 324 2741 haud
344 2713 520 2752 parvus
542 2702 781 2742 hominum
807 2714 1044 2751 numerus,
1068 2710 1111 2743 et
1138 2705 1388 2755 praecipue
1415 2703 1820 2749 scholasticorum,

199 2772 254 2811 ad
274 2784 358 2812 nos
380 2773 559 2813 accedit
581 2772 639 2812 ad
657 2772 984 2824 confitendum;
1004 2787 1027 2814 e
1044 2775 1208 2826 quibus
1222 2786 1315 2814 non
1332 2774 1469 2826 pauci
1485 2774 1733 2826 aliquando
1755 2786 1822 2814 re—

198 2850 460 2889 vertuntur,
484 2843 693 2884 frustrati
710 2856 793 2884 suo
811 2845 1040 2885 desiderio
1057 2851 1246 2896 propter
1266 2845 1469 2896 inopiam
1486 2845 1819 2885 confessorum„

257 3002 264 3021 ¹
306 3002 552 3036 Autogrnphae
569 3004 600 3030 in
617 3004 739 3037 duplici
757 3004 834 3030 solio
850 3011 903 3030 nn.
917 3004 966 3030 ‘32⁴
983 3010 1013 3030 et
1027 3005 1088 3031 225.
