1987 3260
848 173 929 210 ΑΝ.
961 172 1051 210 1550
1693 171 1762 208 ⁴235

142 285 245 314 rum
266 273 419 313 fructu
441 271 516 312 hic
538 278 712 323 ageret.
737 270 825 311 Sed
847 282 934 311 nos
955 271 1083 322 digni
1114 281 1206 310 non
1227 280 1386 309 sumus
1415 275 1458 308 et
1480 269 1578 319 ipse
1607 268 1760 307 Domi-

142 355 229 384 nus
259 343 390 383 novit
412 341 520 394 quid
551 341 783 394 expediat.
808 341 940 392 Quod
961 342 1000 381 si
1030 340 1197 392 aliquis
1225 339 1417 380 Patrum
1438 345 1517 379 aut
1542 338 1763 378 Fratrum

140 413 199 454 ad
221 414 334 453 istas
356 414 566 453 mittatur
586 418 758 464 partes,
782 413 892 453 utile
919 418 1041 452 esset
1062 410 1273 451 conferre
1300 422 1441 450 unam
1468 410 1648 450 Bullam
1674 409 1762 460 pri-

140 484 422 535 vilegiorum
443 482 693 524 Societatis
720 484 765 523 in
794 494 1076 534 parcameno
1104 480 1231 531 (sic),
1259 486 1303 520 et
1324 480 1510 520 tertiam
1538 479 1761 531 approba-

141 555 315 595 tionem
350 553 596 594 Societatis
624 565 729 594 cum
758 553 1038 605 privilegiis,
1061 553 1137 593 vel
1165 552 1202 592 si
1230 551 1468 591 videretur
1496 550 1543 590 P.
1568 550 1627 590 V.
1658 561 1762 590 con-

144 626 329 675 sultum,
352 630 545 676 possent
565 636 646 676 per
666 631 850 676 postam
871 623 1138 664 transmitti.

221 696 399 748 Accepi
421 695 600 736 litteras
620 695 673 736 R.
697 695 850 736 Patris
870 695 1083 745 Polanci,
1114 694 1281 746 quibus
1309 693 1482 732 indicat
1510 703 1603 731 non
1630 702 1764 742 expe-

143 766 241 807 dire
274 773 321 806 ut
351 766 631 818 particulam
667 767 793 806 illam
828 767 882 806 de
918 765 1158 816 Magistris
1188 764 1360 804 nostris
1394 762 1765 803 Lovaniensibus

142 838 311 877 addam
357 843 635 877 testamento
672 835 697 877 ¹.
740 837 985 887 Agnosco,
1023 836 1072 877 P.
1110 835 1187 886 R,
1235 835 1419 886 culpam
1454 844 1605 873 meam
1643 832 1766 884 quod

142 920 196 948 ea
218 909 263 948 in
286 919 335 948 re
356 915 452 948 tam
471 907 638 948 fuerim
668 919 851 959 caecus,
890 914 933 948 et
967 918 1082 958 rogo
1118 906 1167 947 P.
1205 906 1265 946 V.
1301 912 1351 946 ut
1379 905 1491 945 mihi
1520 904 1766 955 ignoscere

143 979 375 1030 dignetur.

220 1049 415 1101 Scripsit
437 1049 559 1090 idem
580 1049 881 1090 Reverendus
902 1049 1040 1089 Pater
1068 1060 1173 1090 cum
1194 1050 1447 1101 penultimo
1474 1057 1612 1102 posta
1639 1057 1702 1101 ut,
1729 1052 1767 1090 si

141 1121 254 1161 mihi
274 1121 428 1161 visum
455 1126 591 1171 esset,
621 1120 887 1172 expedirem
914 1132 986 1160 me
1014 1120 1071 1160 ab
1100 1121 1314 1161 omnibus
1342 1122 1698 1173 temporalibus;
1722 1128 1766 1162 et

141 1192 362 1242 secundo,
386 1192 424 1231 si
447 1191 636 1243 aliquod
665 1191 866 1231 dedisset
887 1191 998 1231 mihi
1028 1191 1228 1243 Spiritus
1255 1191 1453 1234 Sanctus
1485 1193 1766 1234 desiderium

142 1263 480 1314 professionem
511 1262 558 1302 in
592 1261 825 1303 Societate
858 1262 1079 1310 faciendi,
1112 1269 1162 1302 ut
1196 1263 1285 1303 hoc
1317 1263 1365 1304 P.
1397 1264 1458 1305 V.
1492 1264 1762 1305 indicarem.

139 1334 263 1374 Ecce
284 1344 387 1385 ego,
412 1333 461 1374 P.
485 1333 586 1374 R.de
613 1333 749 1384 Quod
770 1333 829 1373 ad
849 1334 1050 1385 primum
1077 1334 1255 1385 attinet,
1284 1335 1490 1375 nondum
1521 1336 1765 1376 commode

138 1404 236 1445 fieri
256 1412 425 1456 potest,
450 1411 500 1444 ut
525 1410 655 1456 patet
682 1416 740 1444 ex
767 1404 870 1444 aliis
897 1404 1077 1444 litteris.
1101 1404 1235 1455 Nam,
1264 1416 1337 1445 me
1358 1405 1525 1456 inscio,
1551 1406 1763 1446 sollicita-

137 1482 234 1515 tum
257 1482 325 1516 est
347 1476 394 1515 in
416 1475 546 1516 curia
567 1475 775 1526 Reginae
796 1480 846 1514 ut
874 1486 1026 1515 emam
1046 1476 1201 1516 locum
1229 1487 1314 1527 pro
1336 1475 1591 1527 Societate;
1622 1489 1767 1529 quare

140 1547 510 1598 exspectandum
545 1546 633 1586 erit
663 1546 791 1596 mihi,
828 1546 951 1597 quod
983 1552 1140 1586 tamen
1174 1547 1307 1587 brevi
1332 1547 1538 1588 futurum
1569 1548 1764 1597 confido,

142 1617 289 1658 donec
311 1618 442 1658 curia
462 1618 596 1669 plene
618 1617 925 1657 consenserit.

220 1688 355 1739 Quod
386 1688 444 1728 ad
472 1688 727 1729 secundum
754 1689 932 1739 attinet,
966 1688 1025 1728 ad
1051 1689 1140 1729 hoc
1169 1701 1241 1729 me
1270 1689 1514 1741 indignum
1542 1695 1586 1730 et
1625 1690 1768 1730 inido-

137 1771 276 1799 neum
298 1759 403 1809 (sz‘c)
424 1759 588 1810 fateor,
606 1759 774 1811 quippe
791 1760 868 1810 qui
883 1770 969 1799 nec
987 1759 1177 1799 minimo
1194 1758 1445 1800 Societatis
1464 1760 1613 1800 officio
1630 1760 1769 1811 digne

137 1830 324 1870 functus
347 1830 449 1870 sim.
472 1830 715 1881 Attamen,
740 1831 779 1870 si
799 1829 989 1870 Domini
1010 1830 1056 1870 in
1082 1842 1156 1870 me
1176 1830 1369 1882 indigno
1398 1831 1601 1882 gratiam
1628 1837 1673 1871 et
1695 1831 1768 1871 de-

139 1901 362 1941 siderium
383 1906 603 1953 spectem,
631 1901 768 1941 valde
797 1901 1054 1952 gauderem
1083 1913 1188 1941 eam
1218 1900 1330 1941 mihi
1359 1902 1562 1952 gratiam
1593 1901 1766 1951 offerri,

139 1979 266 2012 certo
289 1972 528 2012 confidens
549 1973 673 2024 quod
693 1972 771 2024 qui
803 1971 1023 2023 dignatus
1044 1977 1114 2012 est
1145 1972 1258 2012 dare
1286 1972 1568 2023 desiderare,
1601 1966 1769 2024 quique

139 2043 360 2094 dignatur
383 2055 556 2083 vocare
577 2050 620 2083 et
642 2043 821 2093 offerre,
844 2043 971 2082 dabit
992 2054 1174 2095 quoque
1196 2043 1334 2094 longe
1363 2043 1560 2094 amplius
1589 2048 1633 2083 et
1662 2043 1769 2083 libe-

138 2114 283 2154 ralius
305 2114 575 2165 adimplere.
598 2114 929 2154 Existimarem
947 2114 1088 2154 etiam
1104 2114 1293 2164 insuper
1314 2125 1398 2165 pro
1415 2113 1504 2154 Dei
1526 2113 1703 2154 honore
1725 2120 1771 2153 et

140 2186 391 2224 multorum
413 2185 560 2224 salute
581 2184 680 2225 fore
701 2185 825 2236 quod
845 2185 920 2224 hic
942 2184 1142 2225 Lovanii
1163 2185 1334 2236 aliquis
1351 2184 1533 2235 publice
1551 2185 1635 2224 sub
1653 2184 1769 2225 Can-

140 2255 344 2305 cellariO,
379 2255 529 2295 amico
561 2261 736 2306 nostro,
770 2256 847 2307 qui
874 2255 1015 2295 etiam
1043 2268 1069 2296 a
1098 2255 1283 2306 magnis
1308 2261 1509 2295 vocatur
1536 2255 1610 2295 hic
1637 2261 1771 2307 pater

139 2325 439 2378 Jesuitarum,
470 2326 699 2366 emitteret
720 2326 1059 2378 professionem
1085 2327 1132 2366 in
1158 2325 1406 2366 Societate.
1441 2325 1533 2366 Sed
1559 2326 1647 2366 hoc
1674 2326 1767 2366 for-

140 2397 280 2437 tassis
309 2408 462 2437 meum
489 2403 558 2437 est
589 2397 842 2437 humanum
867 2397 1106 2449 judicium.
1137 2397 1336 2437 Proinde
1366 2397 1568 2437 Domino
1598 2396 1698 2437 Deo
1720 2404 1765 2437 et

142 2466 191 2507 P.
217 2467 276 2507 V.
300 2467 453 2507 omnia
476 2468 714 2508 committo
737 2467 764 2507 ².

195 2538 278 2578 His
298 2539 404 2578 vale
421 2539 467 2578 in
482 2537 683 2579 Domino
699 2539 824 2592 Jesu,
844 2539 878 2579 P
913 2538 1013 2579 R.cle
1030 2572 1037 2589 ,
1058 2545 1101 2580 et
1122 2551 1206 2579 nos
1222 2539 1271 2579 P.
1291 2538 1350 2579 V.
1370 2539 1666 2590 omniumque
1685 2537 1765 2578 Pa-

196 2791 207 2811 ¹
245 2791 399 2825 Lovanii,
416 2792 469 2827 qui
486 2791 643 2820 Doctoris
667 2792 699 2820 in
725 2792 897 2826 theologia
912 2793 1066 2819 lauream
1089 2795 1187 2819 erant
1210 2791 1374 2825 assecuti,
1405 2790 1573 2824 Magistri
1587 2791 1700 2818 nostri
1715 2798 1771 2825 ap-

159 2839 385 2872 pellabantur.
400 2839 495 2867 Unde
510 2839 599 2867 dubii
622 2839 801 2867 haeremus
825 2847 867 2867 an
891 2840 929 2866 de
953 2840 994 2866 iis
1016 2839 1190 2873 Magistris
1210 2839 1335 2866 nostris
1349 2846 1460 2865 sermo
1476 2838 1529 2865 hic
1545 2837 1615 2871 fiat,
1632 2846 1674 2866 an
1688 2846 1771 2865 vero

142 2885 182 2912 de
198 2887 332 2920 nostris,
348 2894 405 2919 sc.,
423 2886 605 2914 societatis
620 2886 849 2921 scholasticis,
867 2894 1007 2921 quorum
1028 2886 1269 2913 sustentationi
1293 2886 1361 2913 suis
1376 2886 1471 2913 bonis
1487 2886 1662 2913 consulere
1678 2889 1768 2913 sata-

141 2934 243 2966 gebat
265 2934 447 2967 Adrianus,
464 2934 584 2968 quique
603 2934 706 2962 etiam
721 2935 852 2961 nomine
870 2934 1039 2967 Magistri
1053 2934 1332 2968 designabantur.

196 2980 209 2998 ἱ·
249 2980 431 3008 Consilium
447 2981 510 3008 hoc
525 2982 685 3016 probavit
701 2981 864 3017 Ignatius,
881 2986 916 3009 ut
934 2982 1048 3009 videre
1065 2985 1115 3008 est
1131 2981 1163 3010 in
1178 2981 1345 3013 POLANco‚
1363 2979 1574 3013 ORLAxmxo,
1589 2984 1653 3008 etc.
