1987 3260
192 161 262 198 264
698 159 924 196 LITTERAE
959 168 1314 201 QUADRlMEsrREs

193 257 269 309 pio
291 257 593 307 constitutae,
617 263 664 295 ut
691 255 887 305 singulis
914 254 1149 294 mensibus
1177 265 1336 293 omnes
1364 251 1601 292 auditores
1624 257 1819 302 peccata

195 327 518 378 confiteantur,
538 327 699 367 diebus
720 325 904 365 veneris
926 324 1116 364 audiant
1138 324 1398 364 doctrinam
1418 322 1736 373 christianam,
1760 322 1821 361 ad

195 399 444 440 conciones
483 403 670 449 praesto
705 397 796 436 sint
830 401 1016 435 nostras
1051 394 1211 434 diebus
1246 394 1457 433 omnibus
1496 392 1741 433 dominicis
1775 398 1820 432 et

195 469 345 520 festis,
374 469 462 520 piis
483 468 724 518 colloquiis
755 479 781 506 a
802 466 928 506 vitiis
950 466 1301 505 absterreantur
1322 470 1365 503 et
1387 464 1445 503 ad
1460 464 1658 503 virtutes
1679 463 1819 514 pieta—

196 546 381 591 temque
402 539 697 579 inducantur.

277 611 436 661 Itaque
458 621 562 649 cum
583 609 629 648 in
650 609 753 648 aliis
775 608 988 647 omnibus
1008 607 1187 647 fructus
1214 606 1468 657 spiritualis
1493 617 1587 645 non
1612 605 1822 655 vulgaris

200 681 484 732 agnoscitur,
509 686 606 720 tum
625 691 739 719 vero
762 679 836 718 ille
858 684 926 718 est
946 677 1370 730 praeclarissim11S‚
1401 676 1524 727 quod
1549 676 1702 715 nullus
1726 674 1824 714 fere

200 758 269 791 est
295 751 341 791 in
368 751 582 790 omnibus
618 750 864 797 classibus,
903 749 981 799 qui
1015 759 1180 800 parum
1210 748 1285 787 vel
1313 747 1499 798 ingenio
1527 746 1724 785 excellat
1751 747 1824 785 Vel

200 823 379 873 spiritu,
403 822 480 873 qui
502 821 624 861 idem
643 832 737 860 non
757 831 987 871 propense
1010 819 1068 858 ad
1089 818 1369 858 Societatem
1389 817 1580 866 feratur,
1600 816 1826 866 enixeque

202 899 301 932 oret
323 905 349 933 a
370 892 503 932 nobis
523 892 689 942 recipi;
712 897 923 930 nostrum
950 896 1106 929 tamen
1136 889 1381 929 consilium
1408 893 1477 927 est
1506 888 1594 927 hoc
1620 893 1826 937 tempore

203 964 383 1003 animos
403 974 565 1003 eorum
592 963 715 1002 alere
745 973 799 1001 ac
831 962 992 1001 fovere
1021 960 1255 1011 spiritum,
1286 959 1432 999 donec
1460 958 1737 998 maturiores
1772 970 1826 997 ac

204 1034 496 1084 probatiores
530 1033 661 1081 fiant,
700 1040 743 1072 et
770 1044 856 1072 nos
883 1032 1035 1082 magis
1068 1031 1219 1081 parati
1249 1036 1297 1069 ut
1330 1030 1431 1069 illos
1460 1029 1507 1068 in
1540 1029 1831 1080 probationis

206 1105 394 1145 domum
414 1104 628 1155 accipere
649 1104 897 1154 possimus.

284 1175 414 1226 Quae
435 1175 493 1214 ad
513 1180 723 1214 nostrum
745 1174 991 1224 collegium
1014 1186 1067 1212 ac
1089 1172 1376 1223 probationis
1399 1172 1585 1211 domum
1618 1171 1827 1216 attinent,

207 1246 469 1298 hujusmodi
489 1252 616 1294 sunt,
641 1245 813 1285 Christi
833 1245 943 1297 Jesu
964 1244 1249 1294 benignitate
1271 1255 1325 1282 ac
1347 1242 1520 1293 gratia,
1552 1248 1599 1281 ut
1627 1242 1832 1281 animum

206 1324 418 1357 nostrum
452 1316 721 1367 quotidiana
758 1317 884 1355 alant
916 1314 1220 1366 jucunditate.
1252 1313 1319 1353 Ita
1350 1312 1476 1352 fovet
1498 1324 1583 1352 nos
1604 1312 1834 1352 Dominus

207 1387 581 1438 praeclarissimo
602 1387 678 1425 illo
702 1386 886 1437 spiritu,
912 1396 1049 1436 quem
1069 1384 1361 1435 gratificatus
1382 1391 1450 1423 est
1472 1383 1694 1423 Societati
1722 1394 1833 1422 suae

210 1458 405 1505 abunde,
430 1464 477 1497 ut
495 1458 632 1497 facile
654 1458 700 1496 in
721 1457 842 1496 illius
862 1456 1047 1495 luminis
1075 1463 1119 1495 et
1148 1455 1330 1505 gratiae
1351 1455 1658 1496 illustratione
1680 1454 1832 1493 omnia

210 1529 340 1569 nobis
373 1534 642 1580 suppetant,
681 1534 724 1567 et
759 1526 1034 1567 confirment
1062 1537 1178 1577 quae
1204 1525 1263 1565 ad
1291 1525 1564 1575 religionem
1590 1523 1838 1564 Societatis

211 1605 423 1650 spectant
445 1605 488 1638 et
510 1599 569 1638 ad
589 1598 924 1650 perfectionem
946 1596 1235 1636 obedientiae
1257 1600 1603 1636 sacrosanctae.

292 1670 453 1710 Oratio
475 1668 640 1720 majori
661 1681 798 1709 sensu
826 1673 1070 1709 exercetur
1102 1674 1145 1707 et
1174 1667 1340 1707 fructu.
1370 1666 1444 1706 Ad
1465 1678 1541 1715 ea,
1566 1677 1684 1717 quae
1706 1677 1836 1716 supe-

211 1741 412 1781 rioribus
447 1740 611 1780 litteris
639 1740 932 1790 scripsimus,
968 1739 1057 1778 hoc
1094 1738 1234 1777 etiam
1269 1737 1490 1787 accessit,
1528 1742 1578 1776 ut
1612 1742 1837 1788 quotquot

212 1817 318 1851 sunt
338 1812 385 1851 in
406 1812 542 1851 domo
563 1811 851 1862 probationis
873 1810 1091 1861 juvenes,
1119 1815 1345 1860 quotquot
1373 1808 1419 1847 in
1441 1808 1637 1858 collegio
1658 1807 1838 1857 novitii,

214 1883 277 1923 illi
296 1882 481 1933 quidem
502 1883 728 1933 magistro
745 1881 1034 1932 probationis
1051 1879 1253 1931 quotidie
1271 1879 1330 1919 ad
1349 1890 1594 1930 vesperum
1610 1878 1841 1917 rationem

213 1954 445 2005 explicent
467 1965 521 1993 ac
542 1953 739 1993 reddant
762 1952 955 1992 diurnae
978 1950 1349 1991 conversationis
1371 1961 1502 1995 suae,
1528 1948 1574 1988 hi
1604 1960 1718 1988 Vero
1748 1960 1842 1988 ma-

213 2025 360 2075 gistro
381 2024 685 2074 novitiorum,
709 2035 798 2074 qua
820 2023 866 2062 in
894 2034 943 2062 re
972 2028 1102 2061 tanta
1134 2027 1432 2072 comparatur
1462 2020 1723 2059 animorum
1749 2031 1844 2070 pax

214 2102 257 2135 et
280 2095 607 2146 tranquillitas,
631 2099 680 2134 ut
702 2105 933 2133 summum
954 2093 1001 2132 in
1021 2104 1075 2131 ea
1098 2103 1211 2132 cura
1232 2090 1515 2142 praesidium
1544 2090 1846 2129 constitutum

218 2177 319 2205 esse
340 2165 554 2205 videatur
577 2176 736 2204 eorum
758 2164 835 2215 qui
855 2165 975 2203 lacte
997 2163 1249 2202 etiamdum
1270 2161 1422 2201 alendi
1451 2167 1570 2200 sunt.
1596 2159 1711 2200 Illud
1731 2171 1843 2200 vero

217 2248 312 2276 non
333 2236 544 2276 omittam
560 2235 616 2275 de
632 2235 771 2274 domo
788 2233 1091 2285 probationis,
1112 2239 1290 2272 tantam
1309 2232 1404 2283 jam
1426 2231 1490 2270 illi
1507 2231 1666 2271 domui
1686 2231 1844 2270 autho-

218 2308 403 2346 ritatem
425 2306 548 2357 apud
569 2306 829 2354 civitatem,
853 2303 925 2343 X.i
954 2304 1129 2354 gratia,
1155 2303 1473 2351 conciliatam,
1497 2307 1677 2341 tantam
1697 2300 1843 2341 chari-

220 2383 363 2417 tatem
401 2377 606 2416 omnium
646 2376 874 2424 ordinum,
907 2381 955 2414 ut
989 2374 1247 2424 margarita
1283 2373 1511 2425 quaedam
1559 2371 1848 2412 existimetur

222 2447 426 2487 civitatis
442 2446 602 2486 videre
620 2445 816 2497 juvenes
838 2445 884 2485 in
906 2444 1057 2484 media
1078 2444 1231 2495 patria
1252 2444 1377 2483 velut
1400 2444 1445 2482 in
1473 2454 1628 2482 eremo
1649 2442 1845 2489 versari,

223 2517 436 2568 orationi,
456 2517 611 2557 carnis
628 2515 988 2565 mortificationi,
1010 2515 1300 2555 obedientiae
1322 2526 1376 2554 ac
1399 2513 1562 2553 studiis
1590 2513 1850 2552 litterarum

225 2588 530 2628 attentissime
562 2598 834 2637 summaque
863 2597 967 2625 cum
1002 2585 1144 2625 animi
1179 2584 1413 2624 hilaritate
1449 2583 1648 2632 deditos,
1681 2588 1731 2622 ut
1764 2593 1849 2622 nos

224 2671 318 2699 non
339 2670 447 2698 raro
474 2663 662 2697 nostrae
694 2655 1067 2696 conversationis
1094 2656 1287 2706 pudeat,
1317 2654 1494 2694 adeone
1524 2654 1724 2703 ignavos
1749 2664 1851 2692 esse

226 2741 332 2780 nos,
365 2741 393 2768 a
419 2729 590 2780 pueris,
622 2728 821 2767 necdum
848 2726 1032 2778 quidem
1061 2726 1322 2777 tyronibus,
1346 2734 1394 2765 ut
1415 2725 1674 2774 vincamur,
1698 2723 1776 2774 qui
1797 2723 1852 2772 (si

228 2807 410 2851 tempus
431 2798 682 2851 spectetur)
703 2803 954 2837 veteranos
970 2803 1210 2847 praestare
1232 2796 1491 2836 debuimus?
1508 2793 1599 2834 Sed
1615 2794 1703 2834 hoc
1719 2793 1854 2833 nobis

229 2870 456 2910 victoriae
476 2871 579 2909 loco
602 2875 692 2920 est,
716 2869 762 2907 in
782 2867 866 2907 X.⁰
884 2868 1016 2920 Jesu,
1042 2867 1081 2906 si
1102 2878 1128 2906 a
1149 2867 1304 2918 pueris
1325 2867 1371 2905 in
1391 2866 1479 2905 hac
1499 2865 1735 2916 palaestra
1756 2864 1852 2903 vin-

232 2952 408 2990 camur,
427 2940 566 2980 modo
587 2945 795 2979 nostram
818 2938 904 2989 ipsi
926 2938 1139 2977 inertiam
1162 2948 1343 2987 semper
1364 2936 1594 2976 enitamur
1614 2945 1852 2985 superare.
