1987 3260
867 155 947 192 ΑΝ.
979 154 1071 191 1552
1714 150 1795 189 685-

155 268 230 297 ses
252 260 485 307 ageretur,
505 265 612 294 ecce
634 259 788 293 tantus
805 251 1225 303 depromendorum
1242 249 1368 289 Patri
1386 248 1594 288 Adriano
1616 248 1794 288 mentisv

157 337 441 367 arcanorum
464 324 638 364 invasit
666 324 863 375 impetus
889 327 938 362 ut
963 322 1111 361 bonus
1138 320 1366 360 Dominus
1400 304 1665 370 eripiendiis
1697 319 1784 359 sibi

157 398 386 446 videatur,
409 396 499 436 nisi
522 395 621 435 voti
642 406 833 446 compos
863 393 1099 433 reddatur.
1130 391 1439 442 Quapropter,
1471 390 1543 429 cui
1575 390 1784 429 convivit

157 467 418 507 Licentiato
437 465 554 516 juris
574 465 620 505 in
642 464 938 504 Hollandiam
958 462 1195 514 profectus
1216 468 1304 511 est,
1328 473 1425 502 rem
1447 466 1612 507 totam,
1637 467 1685 500 ut
1708 471 1783 510 ge-

158 538 288 587 ritur,
313 542 640 586 enarraturus3
665 535 746 575 sed
766 534 970 575 nondum
991 544 1223 573 reversus.
1253 532 1421 572 Annue
1448 531 1653 582 possidet
1685 531 1787 571 1200

158 609 355 656 carolos,
375 608 622 658 praeclara
643 606 785 657 stirpe
806 611 949 655 satus,
968 603 1090 644 unde
1111 615 1168 643 ne
1184 603 1371 642 fallatur
1389 602 1617 642 Dominus
1632 602 1784 654 Jesus,

157 679 314 719 multis
334 678 550 729 precibus
570 676 934 728 interpellandus
955 682 1036 716 est.
1061 674 1151 715 Sed
1172 675 1288 715 haee
1311 674 1473 714 obiter.

235 749 398 799 Filias,
434 760 540 788 cum
570 748 659 788 alio
689 759 803 788 sexu
837 745 1147 787 sanctimonia
1181 750 1436 795 certantes,
1465 755 1558 784 non
1592 755 1785 795 prorsus

158 821 335 860 tacebo.
361 819 450 860 Sed
472 825 576 870 post
597 819 852 859 maximum
873 828 1033 857 earum
1054 827 1312 866 numerum,
1337 816 1425 856 hoc
1448 816 1565 855 sciat
1585 815 1639 854 R.
1662 814 1711 854 Ρ.
1731 814 1784 853 T.

157 891 408 942 quamdam
429 890 615 930 Patrem
637 900 797 929 orasse
819 895 862 928 et
892 887 1080 928 tandem
1105 887 1321 938 precibus
1349 898 1571 926 exorasse
1593 891 1641 925 ut
1662 886 1788 925 nuda

158 963 322 1013 pedes,
356 968 541 1001 caetera
573 962 699 1001 lauto
730 966 852 1000 tecta
879 971 1055 1011 panno,
1085 970 1206 1010 pane
1236 969 1341 998 cum
1369 969 1488 1008 aqua
1520 956 1786 1004 reficienda,

157 1039 313 1084 posset
349 1031 675 1072 Beatissimam
701 1030 788 1071 Dei
816 1030 1014 1070 Matrem
1041 1029 1265 1079 invisere,
1296 1028 1419 1079 quod
1446 1033 1490 1068 et
1517 1027 1606 1067 Dei
1632 1027 1787 1078 gratia

158 1104 352 1143 feliciter
392 1103 545 1142 cessit.
583 1102 718 1142 Adde
754 1101 893 1141 aliam
926 1100 1159 1151 virginem
1199 1099 1530 1151 copiosissimis
1570 1098 1786 1138 fortunae

158 1173 509 1223 blandimentis,
543 1173 708 1224 quibus
737 1171 965 1221 abundat,
1000 1171 1226 1211 hactenus
1254 1170 1539 1219 deliciatam,
1570 1181 1698 1209 more
1729 1169 1787 1208 ab

159 1245 334 1296 aliquot
355 1243 592 1283 mensibus
609 1249 814 1292 servato,
833 1241 1020 1282 Patrem
1037 1241 1357 1281 consessuram
1374 1240 1645 1289 accessisse,
1664 1239 1787 1279 dein-

159 1316 214 1355 de
236 1325 431 1366 rogasse
453 1314 731 1365 quibusnam
752 1313 912 1353 tutiori
933 1311 1219 1352 conscientia
1241 1311 1401 1351 usibus
1417 1311 1642 1362 pristinae
1657 1310 1786 1350 vani-

157 1386 266 1425 tatis
285 1386 502 1436 phaleras
523 1384 799 1436 applicaret,
824 1395 884 1423 an
905 1383 1122 1432 vendere,
1148 1394 1207 1422 an
1229 1382 1353 1421 aliud
1384 1382 1538 1433 potius
1567 1381 1788 1432 expedire

161 1457 385 1496 videatur.
400 1457 403 1459 ’
418 1455 673 1506 Respondit
694 1454 833 1494 Pater
854 1453 1091 1494 Adrianus
1112 1453 1200 1493 Dei
1221 1453 1370 1493 amori
1394 1452 1402 1471 ¹
1435 1452 1785 1492 distractionem

154 1529 280 1567 illam
302 1539 397 1567 non
417 1527 532 1567 satis
552 1526 849 1577 respondere.
874 1524 921 1565 Si
942 1525 1079 1575 enim,
1104 1524 1266 1576 inquit,
1290 1523 1442 1563 Deum
1464 1524 1664 1575 quaeris,
1692 1529 1789 1562 tam

154 1599 364 1649 graviter
384 1598 505 1638 feres
526 1597 678 1648 ipsum
699 1597 756 1636 ab
788 1596 890 1636 aliis
918 1607 1057 1647 quam
1085 1608 1113 1636 a
1140 1595 1385 1646 temetipsa
1413 1577 1599 1634 offendi.
1633 1593 1787 1644 Quare

156 1670 320 1709 melius
355 1669 546 1718 feceris,
585 1668 622 1707 si
658 1667 867 1708 ecclesiis
901 1678 983 1707 seu
1016 1666 1312 1706 monasteriis
1352 1665 1659 1705 dedicaveris.
1696 1663 1788 1705 Sed

156 1741 277 1780 bona
304 1740 397 1780 filia
424 1751 518 1779 non
545 1738 775 1779 dubitavit
802 1738 1030 1789 replicare
1060 1737 1307 1788 religiosos
1334 1742 1414 1776 aut
1444 1736 1791 1776 ecclesiasticos

156 1811 275 1851 forte
305 1811 603 1860 vendituros,
634 1821 687 1849 ac
722 1810 786 1849 ita
821 1809 1033 1849 similiter
1062 1807 1268 1848 offensae
1298 1807 1500 1847 Divinae
1527 1806 1786 1858 Majestatis

158 1881 402 1921 materiam
428 1881 518 1920 hoe
546 1879 681 1920 modo
711 1879 1121 1931 suppeditandam,
1145 1890 1237 1918 non
1273 1890 1407 1918 secus
1441 1890 1580 1929 quam
1615 1877 1653 1917 si
1688 1877 1787 1928 ipsa

158 1952 446 1993 divenderet.
470 1951 590 1991 Huic
612 1951 829 2002 scrupulo
851 1949 1075 1990 satisfecit
1095 1949 1233 1989 Pater
1255 1949 1538 1988 concludens
1560 1948 1789 1988 tutissime

159 2030 368 2063 acturam
394 2022 664 2072 elargiendo
686 2020 911 2061 aedilibus
927 2019 940 2038 ‘²
963 2032 1017 2060 ea
1039 2019 1302 2059 conditione
1323 2025 1372 2058 ut
1393 2026 1662 2058 sanctorum
1680 2018 1788 2058 ima-

158 2094 345 2144 ginibus
367 2098 659 2144 coaptentur,
685 2091 855 2142 alioqui
875 2102 1184 2141 nequaquam.
1214 2090 1335 2130 Huic
1364 2090 1503 2141 paulo
1533 2095 1639 2129 ante
1669 2089 1797 2129 simi-⁷

158 2165 214 2204 lis
236 2164 320 2204 fuit
344 2163 609 2213 domicella,
641 2162 722 2201 sed
752 2168 920 2212 nupta,
951 2161 1009 2200 ob
1035 2160 1172 2212 idque
1199 2161 1355 2200 mariti
1383 2161 1564 2200 ratione
1592 2160 1793 2200 sollicita

161 2235 519 2286 aliquantulum,
545 2232 600 2272 de
621 2244 711 2284 qua
734 2232 855 2271 idem
875 2243 1066 2283 prorsus
1084 2230 1254 2282 judica.
1279 2231 1487 2282 Utraque
1510 2237 1688 2282 autem,
1713 2243 1790 2270 au·-

160 2306 254 2346 dito
277 2306 438 2345 ultimo
461 2304 614 2344 Patris
636 2303 843 2352 consilio,
862 2303 985 2342 laeta
1006 2313 1189 2342 necnon
1211 2313 1375 2342 secura
1398 2302 1589 2342 recessit
1611 2302 1791 2342 humili-

161 2384 231 2416 ter
253 2376 509 2416 obeditura.

241 2447 315 2487 Ad
335 2447 523 2487 Patrem
546 2445 704 2495 venio,
730 2444 807 2496 qui
827 2443 887 2483 3.0
912 2443 1132 2483 calendas
1151 2443 1314 2497 Junias
1336 2449 1464 2483 certo
1493 2443 1681 2495 spiritus
1709 2442 1791 2482 im-

160 2520 295 2569 pulsu
325 2517 666 2569 professionem
700 2514 1039 2565 redintegravit
1075 2525 1129 2554 ac
1164 2515 1292 2554 velut
1324 2514 1573 2554 renovavit
1609 2513 1789 2563 eodem,

161 2600 252 2641 quo
281 2587 510 2639 superiori
549 2598 670 2626 anno
698 2586 822 2636 loco,
851 2595 1076 2636 magnum
1102 2584 1214 2624 illud
1248 2584 1348 2624 Deo
1377 2584 1657 2624 sacrificium
1685 2583 1790 2623 offe·

164 2671 285 2699 rens.
318 2658 481 2698 Altare
510 2656 757 2708 magnifice
788 2660 1023 2715 ornatum,
1055 2655 1323 2695 indumenta
1349 2655 1660 2695 sacerdotalia
1689 2666 1796 2706 pre-⁷

163 2730 296 2779 tiosa,
317 2740 489 2779 magna
511 2728 692 2779 piorum
713 2709 949 2767 hominum
971 2726 1121 2777 copia,
1141 2726 1306 2766 concio
1328 2726 1604 2777 purissimae
1622 2726 1796 2765 verita-

220 2916 228 2935 ί
272 2915 335 2943 Ubi
353 2915 479 2941 habent
496 2914 730 2947 autographae
746 2912 814 2940 Dei
828 2913 960 2946 amori,
974 2917 1025 2940 est
1040 2913 1071 2940 in
1086 2912 1293 2947 apographis
1309 2919 1390 2940 vero
1407 2912 1473 2939 Dcz'
1487 2913 1618 2939 timori.

220 2962 233 2980 ἓ
277 2963 329 2990 Sic
349 2966 527 2995 utrumque
543 2961 727 2995 exemplam
744 2961 887 2988 sortasse
904 2961 1029 2988 rectius
1045 2960 1234 2987 aeditibus.
