1987 3260
877 161 961 199 AN.
993 161 1084 199 1552
1722 164 1791 200 541

846 611 1121 667 CXXVII

237 862 283 899 P.
305 862 496 909 joannes
519 862 714 910 Baptista
736 863 864 900 Viola

286 928 406 965 Patri
425 928 594 975 Ignatio
613 928 666 965 de
683 928 865 976 Loyola.

331 992 525 1038 Parisiis,
552 994 593 1029 17
611 993 841 1030 Februarii
862 993 953 1030 1532
974 994 997 1028 ¹.

959 1169 985 1214 ,2

248 1325 315 1365 La
342 1325 497 1376 gratia
525 1331 567 1365 et
590 1337 704 1377 pace
734 1326 789 1366 de
819 1327 930 1379 Jesu
965 1326 1150 1367 Christo
1180 1327 1354 1367 Nostro
1385 1328 1574 1378 signore
1605 1330 1673 1369 sia
1705 1342 1792 1369 con

165 1396 272 1436 tutti
292 1396 384 1436 noi.
408 1396 574 1436 Amen.

243 1467 520 1507 Reverendo
541 1466 706 1507 Padre:

243 1539 310 1578 La
331 1550 475 1578 causa
496 1537 615 1578 della
636 1538 809 1578 tardita
830 1538 875 1578 di
903 1538 1110 1578 scrivere
1138 1551 1164 1578 3
1188 1538 1247 1578 V.
1279 1539 1331 1578 R.
1362 1551 1453 1579 non
1480 1544 1504 1579 6
1534 1552 1617 1591 per
1646 1542 1790 1591 negli-

157 1609 332 1659 gentia,
357 1620 414 1648 ne
435 1620 515 1660 per
538 1620 728 1660 sprezzo
750 1609 792 1649 d'
819 1608 1097 1659 obedientia;
1120 1620 1194 1648 ma
1214 1610 1259 1648 13
1281 1621 1424 1649 causa
1445 1611 1678 1660 medema‚
1704 1611 1790 1651 che

158 1679 219 1719 ha
241 1679 358 1719 fatto
382 1679 466 1719 che
489 1680 640 1719 3116110
663 1679 741 1719 1101
761 1691 855 1719 11011
876 1678 1124 1719 habbiamo
1146 1680 1357 1719 ricevuto
1374 1681 1537 1720 lettere
1556 1681 1599 1721 di
1617 1681 1689 1732 lei,
1708 1693 1791 1733 per

158 1756 488 1790 mancamento
510 1750 555 1790 di
577 1750 773 1790 corrieri
792 1751 871 1801 gia
894 1761 1008 1790 sono
1026 1756 1142 1790 sette
1160 1751 1289 1790 mesi.
1309 1750 1478 1791 Scrissi
1495 1752 1525 1791 il
1542 1763 1667 1792 mese
1684 1764 1788 1804 pas-

157 1827 260 1861 5310
282 1832 364 1872 per
386 1821 416 1861 11
436 1821 689 1861 banchiero
711 1821 827 1861 delle
855 1833 963 1861 cose
993 1833 1184 1862 occorse
1213 1822 1319 1861 delli
1346 1828 1513 1873 quatro
1541 1824 1656 1863 mesi
1688 1835 1790 1875 pas-

159 1892 261 1940 sati,
286 1897 331 1932 et
352 1904 496 1943 penso
519 1893 603 1932 che
623 1896 799 1932 venera
818 1893 863 1932 13
883 1893 1049 1932 1611613
1072 1893 1159 1932 3116
1180 1893 1307 1932 mani
1329 1893 1374 1932 di
1396 1893 1454 1933 V.
1479 1893 1534 1933 R.

238 1962 368 2002 Hora
389 1963 506 2002 hora
525 1962 584 2002 ho
606 1969 792 2002 trovato
815 1963 845 2002 il
866 1963 1140 2014 cappellano
1162 1962 1234 2002 del
1262 1962 1374 2002 R.1¹10
1401 1964 1579 2015 Legato
1602 1964 1631 2014 ⁹²,
1655 1967 1791 2016 qualc

157 2035 216 2073 m'
252 2033 313 2073 113
342 2033 466 2073 detto
497 2033 581 2073 che
609 2032 796 2073 domani
822 2034 861 2073 si
890 2033 1076 2084 pastino
1103 2045 1186 2084 per
1213 2032 1381 2083 Roma;
1413 2041 1456 2074 et
1483 2037 1581 2074 cosi
1611 2036 1673 2075 mi
1707 2048 1792 2076 son

159 2100 293 2155 p'osto
316 2116 343 2144 a
364 2104 572 2144 scrivere
593 2110 753 2155 queste
775 2110 962 2155 quattro
985 2105 1159 2153 parole.
1184 2104 1234 2144 L’
1266 2105 1428 2144 ultimo
1460 2105 1505 2145 di
1532 2105 1792 2146 Decembre

158 2180 351 2226 passato
374 2175 562 2215 mandai
582 2186 665 2226 per
687 2175 732 2214 di
752 2175 797 2214 la
819 2174 878 2214 M.
901 2174 1143 2214 Everardo
1166 2186 1270 2214 com
1292 2181 1477 2226 quattro
1495 2177 1602 2216 altri
1619 2176 1791 2217 fratelli

161 2254 205 2286 et
225 2258 317 2286 uno
338 2246 459 2286 bono
481 2246 724 2293 servitore,
748 2245 871 2297 quali
894 2257 1037 2305 penso
1061 2245 1146 2285 che
1167 2246 1245 2296 gia
1267 2246 1397 2286 siano
1420 2247 1463 2286 la
1492 2246 1519 2286 ³.
1553 2247 1617 2288 Le
1646 2260 1787 2288 cause

213 2408 220 2426 ¹
263 2406 513 2440 Autographae
537 2407 671 2433 litterae
695 2406 728 2432 in
752 2405 874 2440 duplici
899 2405 987 2437 folio.
1014 2413 1044 2432 n.
1071 2404 1240 2432 hat—Eas
1265 2405 1318 2432 hie
1343 2405 1530 2440 inserimus,
1554 2407 1633 2434 licet
1655 2409 1790 2442 quadri-

156 2459 302 2482 mestres
316 2454 453 2488 proprie
475 2461 537 2480 non
553 2453 630 2484 sint,
644 2454 722 2487 quia
737 2453 1004 2487 quadrimestres
1020 2453 1170 2487 proxime
1193 2453 1418 2486 praecedente
1441 2452 1603 2486 Januario
1621 2455 1730 2489 datas,
1746 2456 1787 2483 de

158 2502 279 2535 quibus
294 2502 348 2529 hic
363 2506 413 2528 est
429 2507 550 2533 sermo,
567 2501 682 2528 nullibi
699 2500 808 2527 adhuc
823 2499 973 2534 reperire
990 2499 1172 2526 valuimus.

211 2550 224 2569 Ξ
261 2549 414 2583 Legatus
429 2552 505 2576 erat
519 2548 608 2582 apud
624 2548 752 2581 Regem
768 2547 900 2574 Galliae
917 2546 1143 2582 Hieronymus
1158 2546 1331 2574 Verallus.

210 2597 223 2615 ³
262 2597 397 2623 “Annus
412 2597 578 2630 agebatur
596 2595 656 2622 1551
676 2595 917 2628 redemptionis
934 2594 1112 2627 humanae,
1129 2601 1203 2621 cum
1217 2595 1365 2622 subitum
1381 2598 1413 2621 et
1429 2603 1537 2629 grave
1553 2596 1679 2623 bellum
1701 2596 1791 2623 inter

156 2644 342 2671 Caesarem
358 2643 516 2670 Carolum
539 2642 569 2669 V
589 2648 621 2670 et
647 2642 830 2669 Henricum
844 2641 885 2675 II,
903 2641 1035 2668 Galliae
1060 2641 1198 2676 Regem,
1215 2642 1353 2669 exarsit.
1371 2642 1449 2669 Inde
1472 2644 1723 2677 promulgatum
1740 2649 1790 2671 est

156 2691 303 2717 edictum
320 2698 380 2724 per
395 2694 503 2718 totum
518 2697 670 2724 regnum,
693 2692 729 2716 ut
749 2688 822 2715 fieri
843 2689 930 2716 solet
952 2689 1030 2715 belli
1054 2693 1217 2723 tempore,
1239 2693 1275 2716 ut
1298 2689 1353 2723 qui
1369 2689 1483 2716 Caroli
1498 2689 1529 2716 V
1545 2690 1662 2717 ditioni
1677 2692 1792 2718 subes-

158 2741 243 2769 sent,
260 2737 394 2764 Galliae
410 2736 528 2764 finibus
543 2736 792 2771 quamprimum
807 2735 1021 2762 excederent.
1038 2735 1110 2762 Hac
1126 2736 1199 2769 ipsa
1215 2736 1380 2762 bellorum
1396 2736 1573 2763 occasione
1587 2740 1620 2763 et
1634 2738 1674 2764 ob
1686 2737 1791 2772 Regis

158 2785 306 2811 edictum
321 2784 355 2811 P.
371 2784 566 2811 Everardus
582 2783 722 2810 Romam
737 2783 857 2810 missus
882 2786 944 2816 est,
971 2783 1026 2816 qui
1050 2783 1173 2809 litteris
1189 2782 1305 2809 Patris
1321 2782 1436 2810 Nostri
1453 2783 1671 2811 nihilominus
1686 2790 1790 2811 antea

156 2832 269 2859 fuerat
285 2836 458 2862 evocatus.
474 2831 682 2865 studiosique
699 2831 838 2865 aliquot,
854 2830 980 2864 partim
996 2830 1131 2864 Belgae,
1148 2831 1273 2864 partim
1289 2830 1379 2862 Itali,
1397 2838 1478 2863 quos
1495 2830 1636 2858 Parisiis
1653 2831 1790 2859 Christo

158 2878 302 2906 Domino
321 2878 548 2909 lucrifecerat,
574 2879 635 2912 ipsi
660 2878 794 2904 fuerunt
819 2876 982 2911 adjuncti,
1004 2877 1161 2904 nimirum
1184 2877 1355 2904 Adrianus
1372 2876 1553 2911 Candidus,
1570 2878 1791 2906 Eleutherius

158 2926 344 2958 Fontanus,
367 2925 571 2952 Franciscus
595 2925 718 2959 Scipio,
742 2924 942 2951 Leonardus
968 2923 1148 2951 Masserus.
1173 2923 1255 2951 Cum
1281 2924 1333 2950 his
1359 2924 1474 2957 igitur,
1490 2926 1530 2951 ob
1548 2925 1696 2953 furorem
1711 2927 1790 2953 belli

156 2974 270 3007 magis
285 2974 460 3007 magisque
476 2972 719 3005 accrescentis,
742 2971 850 2998 hieme
874 2971 988 2998 media
1010 2972 1103 2999 viam
1128 2971 1301 3006 ingressus
1317 2974 1367 2998 est
1382 2972 1445 2999 sub
1462 2972 1605 2999 initium
1621 2973 1795 3007 Jamcarzi
