1987 3260
877 182 911 217 A
921 192 956 217 x.
991 179 1079 216 1552
1715 177 1788 213 639

161 279 370 320 trustrati
392 291 567 319 sumus.
591 279 799 318 Instante
821 276 1047 328 siquidem
1075 275 1269 315 solemni
1297 273 1673 313 Resurrectionis
1700 273 1787 321 die,

158 351 312 402 coepit
332 350 528 402 privatis
561 349 804 400 colloquiis
833 347 959 388 domi
986 352 1175 386 nostrae
1203 345 1384 395 agitare
1413 355 1472 383 an
1502 343 1652 383 redire
1685 355 1791 383 cum

162 422 260 462 Deo
283 422 328 461 in
349 421 550 471 gratiam
573 427 744 472 posset.
768 419 884 460 Cum
905 425 1059 458 autem
1080 416 1125 456 id
1153 416 1251 456 fieri
1280 426 1372 455 non
1400 425 1536 465 posse
1569 413 1790 464 intellige-

163 497 252 542 ret,
282 491 370 531 nisi
398 492 669 531 adversario
705 492 991 541 ignosceret,
1021 498 1195 537 negare
1222 486 1421 537 primum
1453 485 1640 524 omnino
1670 483 1713 524 id
1742 475 1793 524 se

162 563 413 613 facturum,
452 564 589 613 paulo
629 568 733 613 post
773 561 910 601 etiam
951 559 1055 599 ficte
1094 558 1237 597 multa
1277 556 1506 607 polliceri,
1558 567 1793 606 nunquam

162 640 315 672 tamen
336 644 394 672 ex
416 633 568 672 animo
587 633 837 684 quicquam
855 631 937 681 (sic
959 640 1015 669 ex
1035 629 1134 680 ipso
1152 634 1315 679 postea
1337 626 1612 675 didicimus).
1634 625 1792 676 Neque

161 710 314 743 tamen
338 703 513 742 interea
539 716 564 742 a
587 715 672 743 suo
695 713 822 741 more
841 699 1108 741 discedebat
1129 698 1238 749 quin
1261 704 1304 736 et
1326 708 1462 736 sacra
1485 702 1527 735 et
1545 696 1794 735 conciones

160 774 357 823 audiret,
383 774 627 825 proximus
649 784 846 824 semper,
871 772 909 811 si
930 776 1102 822 posset,
1126 767 1467 817 concionatori,
1493 772 1542 806 ut
1562 766 1697 806 facile
1719 778 1794 817 ap<

163 852 347 895 pareret
369 856 538 896 cupere
562 856 664 884 eum
688 858 713 884 a
738 843 916 895 laqueis
938 840 1178 881 daemonis
1200 838 1422 886 evadere,
1446 837 1527 877 sed
1548 837 1703 876 illatae
1733 837 1796 875 in-

157 914 308 966 juriae
331 915 544 955 oblivisci
566 927 659 954 non
682 925 833 965 posse.
863 913 951 952 Hic
979 910 1077 962 ejus
1106 911 1325 950 misertus
1356 907 1586 948 Dominus
1615 906 1688 946 die
1715 906 1797 946 Pa-

164 997 358 1026 rasceve
380 986 442 1026 ita
465 985 815 1026 concionatoris
836 984 983 1024 nostri
1005 988 1205 1022 mentem
1226 979 1470 1020 charitatis
1498 978 1605 1028 igne
1632 989 1794 1017 accen-

163 1057 242 1106 dit,
263 1064 484 1108 tantoque
506 1057 547 1096 ei
570 1056 761 1107 spiritus
784 1055 982 1103 fervore,
1003 1064 1108 1093 cum
1129 1053 1184 1092 de
1206 1050 1405 1090 caeteris
1427 1049 1485 1089 ad
1506 1060 1604 1088 rem
1625 1048 1794 1088 facien-

164 1128 306 1172 tibus.
342 1134 439 1167 tum
473 1127 529 1166 de
564 1126 885 1166 condonandis
920 1123 1195 1176 praesertim
1220 1121 1423 1173 injuriis,
1453 1120 1682 1161 disserere
1712 1131 1796 1159 sua

163 1198 449 1249 benignitate
470 1197 724 1244 concessit,
750 1203 797 1236 ut
817 1208 910 1235 non
932 1196 1083 1235 solum
1103 1193 1225 1242 huic,
1249 1192 1305 1232 de
1322 1204 1412 1244 quo
1434 1192 1680 1242 loquimur,
1715 1191 1797 1230 sed

167 1269 321 1309 multis
343 1269 483 1308 etiam
506 1268 609 1307 aliis
631 1267 811 1307 initium
840 1267 954 1306 haec
983 1266 1081 1305 dies
1110 1264 1320 1304 attulisse
1348 1263 1566 1303 credatur
1593 1261 1798 1301 melioris

167 1341 304 1380 vitae.
329 1339 558 1380 Permotis
581 1339 705 1378 enim
729 1337 1026 1377 vehementer
1048 1335 1253 1375 omnium
1274 1334 1463 1383 animis,
1488 1345 1594 1372 curn
1614 1345 1668 1372 eo
1689 1343 1797 1372 ven-

166 1422 264 1452 tum
285 1418 406 1451 esset
427 1416 476 1449 ut
497 1409 749 1449 Dominum
772 1414 983 1447 nostrum
1003 1406 1161 1459 Jesum
1188 1405 1424 1446 Christum
1452 1404 1580 1444 cruci
1610 1403 1798 1443 affixum

168 1489 290 1522 esset
325 1488 617 1530 ostensurus,
655 1491 802 1530 eoque
840 1478 1076 1529 paulisper
1117 1477 1298 1516 detecto
1339 1488 1392 1515 ac
1433 1475 1597 1515 deinde
1637 1485 1797 1514 rursus

167 1554 376 1602 obtecto,
401 1564 449 1592 se
477 1563 570 1591 non
597 1551 727 1602 prius
758 1555 1054 1589 ostensurum
1081 1548 1203 1587 serio
1233 1546 1505 1596 affirmaret,
1537 1557 1678 1597 quam
1707 1546 1799 1584 alta

167 1635 285 1664 ‘voce
308 1623 637 1674 pollicerentur
658 1634 707 1662 se
731 1621 886 1661 omnia
909 1620 1116 1660 facturos
1139 1630 1258 1669 quae
1280 1618 1338 1658 ad
1360 1618 1557 1657 salutem
1588 1617 1644 1656 iis
1673 1623 1801 1656 esent

169 1695 458 1744 necessaria,
483 1693 744 1745 trepidante
767 1692 988 1731 universo
1011 1695 1145 1730 coetu
1166 1689 1377 1729 virorum
1398 1700 1453 1727 ac
1474 1688 1734 1737 mulierum,
1759 1694 1801 1726 et

171 1766 261 1813 iam
293 1778 406 1817 prae
434 1764 678 1816 lacrymis,
710 1764 870 1803 dolore
899 1774 954 1802 ac
982 1762 1171 1813 planctu
1199 1761 1281 1800 vix
1308 1771 1357 1799 se
1386 1759 1664 1808 sustinente,
1696 1769 1801 1797 cun-

172 1837 408 1876 ctantibus
429 1842 584 1875 tamen
607 1834 758 1874 adhuc
782 1833 842 1873 ad
862 1832 907 1872 id
932 1831 1215 1883 respondere
1242 1830 1365 1882 quod
1397 1829 1684 1881 propositum
1711 1828 1800 1868 fue-

174 1914 246 1947 rat
269 1907 432 1958 (neque
454 1906 575 1946 enim
597 1905 824 1956 putabant
846 1904 973 1943 illurn
994 1902 1116 1942 serio
1138 1901 1343 1952 exigere,
1367 1899 1449 1940 sed
1471 1912 1527 1939 ex
1548 1911 1676 1939 more
1699 1910 1802 1939 con-

173 1979 467 2018 cionatorum
501 1977 546 2016 id
575 1976 730 2015 facere
758 1975 988 2021 voluisse,
1023 1984 1112 2024 quo
1140 1972 1292 2022 magis
1324 1984 1403 2011 eos
1433 1971 1675 2020 afficeret),
1696 1960 1805 2009 'tum

174 2050 271 2101 ipse
294 2049 351 2088 ad
369 2059 554 2088 crucem
574 2057 845 2093 conversus,
866 2056 983 2096 quae
1000 2055 1155 2095 panno
1177 2043 1301 2093 nigri
1323 2042 1493 2082 coloris
1510 2042 1665 2081 velata
1686 2046 1802 2091 erat,

173 2131 368 2171 eamque
389 2119 705 2169 amplexatus:
730 2128 808 2165 en,
832 2115 1000 2167 inquit,
1025 2113 1229 2160 Christe,
1256 2124 1477 2152 verumne
1499 2121 1568 2152 est
1596 2112 1720 2163 quod
1743 2112 1804 2151 di-

174 2191 343 2230 cimus:
369 2188 589 2240 Populns
611 2187 683 2226 llic
703 2186 841 2226 labiis
862 2197 931 2225 me
952 2185 1172 2234 honorat,
1194 2194 1274 2222 cor
1294 2187 1450 2222 autem
1471 2194 1633 2222 eorum
1661 2181 1806 2232 longe

175 2265 246 2300 est
274 2273 300 2300 a
329 2261 433 2299 me?
461 2260 531 2300 En
562 2270 725 2298 servos
753 2270 801 2297 se
830 2264 933 2296 tuos
965 2254 1172 2307 profiteri
1199 2255 1374 2294 nolunt.
1405 2253 1507 2293 Hac
1534 2265 1649 2293 voce
1679 2254 1806 2293 velut

175 2332 333 2382 gladio
364 2330 587 2382 perfossis
623 2329 829 2369 omniurn
863 2326 1100 2376 cordibus,
1131 2324 1315 2365 auditae
1344 2330 1450 2364 sunt
1478 2336 1560 2375 per
1586 2325 1807 2375 templum

178 2413 341 2443 voces:
366 2401 615 2450 Volumus,
648 2400 886 2448 volumus3
916 2403 964 2437 tu
990 2396 1129 2437 modo
1163 2396 1286 2435 hunc
1315 2395 1449 2435 nobis
1478 2395 1684 2435 ostende.
1719 2394 1808 2435 Sed

178 2472 505 2513 submissiores
532 2471 618 2510 hae
648 2482 788 2510 voces
825 2474 958 2508 erant
991 2477 1131 2519 quam
1161 2473 1209 2505 ut
1243 2465 1288 2505 id
1317 2466 1484 2505 mereri
1518 2466 1804 2516 viderentur,

179 2544 325 2584 donec
346 2544 419 2583 vir
448 2544 521 2582 ille
549 2541 735 2589 nobilis,
765 2539 894 2591 eujus
924 2539 1077 2589 gratia
1106 2538 1221 2577 haec
1251 2537 1405 2576 omnia
1435 2537 1698 2586 retulimus,
1731 2537 1809 2587 qui

177 2614 451 2666 jamdudum
479 2613 632 2653 animo
662 2610 985 2662 responderat,
1014 2609 1095 2649 sed
1121 2608 1300 2659 lingua,
1331 2618 1443 2658 prae
1474 2607 1634 2646 dolore
1664 2619 1719 2646 ac
1747 2609 1809 2646 la-

181 2696 451 2736 crymarum
489 2684 719 2731 ubertate,
757 2680 963 2733 proferre
996 2691 1089 2719 non
1118 2685 1321 2729 poterat,
1357 2677 1498 2717 misso
1529 2678 1658 2728 prius
1689 2678 1809 2717 clam

182 2768 343 2806 servo,
374 2755 449 2806 qui
484 2754 786 2794 ecclesiastae
814 2752 948 2791 fidem
979 2750 1110 2790 daret
1139 2749 1292 2789 omnia
1322 2759 1370 2787 se
1398 2747 1649 2798 facturum,
1686 2755 1809 2788 ante-

183 2839 322 2878 quam
344 2826 401 2866 ad
423 2832 696 2875 suggestum
719 2835 884 2863 servus
905 2821 1201 2869 accessisset,
1231 2831 1323 2858 non
1348 2818 1501 2858 ferens
1529 2818 1737 2859 dolorem
1768 2826 1810 2859 et

184 2898 450 2948 angustiam
471 2897 613 2936 animi
634 2908 724 2947 qua
746 2894 1056 2946 premebatur,
1086 2903 1201 2931 voce
1233 2897 1406 2939 quanta
1434 2890 1580 2941 potuit
1607 2891 1811 2931 maxima

185 2969 355 3017 (cot-git
379 2968 500 3008 enim
533 2978 654 3016 sese,
685 2965 804 3016 quod
836 2963 1132 3004 audientibus
1162 2961 1296 3001 facile
1326 2960 1605 3011 apparebat,
1635 2968 1682 3001 ut
1711 2973 1812 3012 pro-
