1987 3260
250 231 318 269 406
758 231 981 267 LITTERAE
1009 241 1363 273 QUADRiMEsTREs

250 327 409 367 eodem
432 327 569 367 modo
590 327 676 367 iter
698 332 890 377 agentes
912 338 1001 377 quo
1022 325 1281 365 Bononiam
1298 337 1457 376 usque,
1476 325 1747 365 Tridentum
1768 336 1866 376 per-

250 398 482 448 venimus;
505 410 531 437 a
548 397 661 437 RmO
689 396 926 437 Cardinali
946 397 1125 446 Legato
1143 395 1337 436 Concilii
1354 408 1408 435 ac
1425 395 1538 436 R.m0
1562 407 1742 447 quoque
1760 395 1866 436 Car-

251 468 392 508 dinali
422 468 691 508 Tridentino
714 474 756 507 et
786 467 842 507 ab
871 467 973 506 aliis
1002 466 1260 518 Episcopis,
1284 465 1548 506 Veronensi
1574 472 1618 506 et
1647 466 1866 517 Calagur-

250 539 416 589 ritano,
451 539 572 590 apud
601 550 736 589 quem
765 538 924 589 pransi
950 548 1109 577 sumus
1137 542 1181 576 et
1212 537 1353 588 aliqui
1380 537 1519 576 etiam
1548 536 1743 576 fratrum
1771 543 1868 576 tum

250 609 391 648 latine
412 615 509 648 tum
528 609 681 649 italice
710 608 987 657 concionati,
1010 613 1207 658 paterna
1234 618 1346 646 sane
1374 607 1557 658 excepti
1583 607 1753 647 fuimus
1778 607 1866 658 pie-

251 686 360 730 tate,
385 680 463 732 qui
482 692 577 719 non
605 680 756 719 solum
777 691 895 730 quae
923 679 970 718 in
997 684 1208 718 nostrum
1234 678 1321 718 iter
1348 677 1626 718 videbantur
1657 689 1867 718 necessa-

252 751 341 801 ria,
374 762 537 790 verum
567 751 703 790 etiam
734 751 913 801 seipsos
939 750 1060 789 ultro
1092 748 1257 788 offerre
1292 749 1425 788 nobis
1453 760 1546 788 non
1581 748 1867 798 dubitabant,

252 821 408 861 divino
436 821 638 873 quodam
665 832 822 861 amore
850 832 905 860 ac
931 820 1049 860 mira
1074 818 1361 870 jucunditate
1390 830 1550 858 coram
1578 819 1869 859 adstantibus

253 892 680 943 complectebantur
706 891 729 931 ¹.

339 962 552 1003 Secundo
574 974 732 1002 sumus
753 963 857 1002 inde
879 962 1075 1013 profecti
1101 961 1187 1012 die,
1213 967 1364 1012 atque,
1394 967 1443 1000 ut
1464 972 1872 1010 consueveramus,

252 1034 338 1073 iter
378 1039 593 1083 agentes,
635 1033 798 1084 paucis
837 1039 941 1084 post
981 1032 1141 1072 diebus
1182 1031 1371 1071 fluvium
1410 1031 1661 1080 tenuimus,
1704 1031 1781 1082 qui
1816 1032 1872 1071 ab

252 1104 491 1155 Inspruch,
517 1116 597 1144 seu
628 1104 916 1155 Oeneponto,
950 1104 987 1143 si
1008 1103 1156 1153 malis,
1181 1102 1311 1153 regia
1334 1102 1537 1152 civitate,
1569 1114 1651 1141 sex
1674 1101 1732 1142 ad
1753 1114 1871 1142 sum-

252 1186 375 1214 mum
392 1175 664 1214 milliaribus
681 1175 821 1214 distat
839 1175 1007 1214 italicis
1022 1186 1029 1223 ;
1049 1174 1201 1224 ibique
1219 1172 1378 1212 navim
1395 1173 1776 1223 conscendentes,
1795 1173 1873 1213 ubi

253 1246 329 1285 diu
350 1245 469 1285 forte
491 1245 643 1285 fuerat
675 1246 1032 1295 immorandum,
1056 1244 1145 1284 nisi
1167 1244 1223 1283 ab
1244 1243 1574 1294 Inspruchensi
1596 1243 1725 1294 regio
1757 1243 1870 1284 Con-

252 1316 353 1355 silio
375 1317 508 1368 quasi
534 1317 736 1357 edictum
768 1317 999 1368 quoddam
1030 1327 1083 1355 ac
1115 1314 1296 1365 imperii
1323 1313 1475 1364 sigillo
1505 1314 1777 1365 obsignatae
1807 1315 1873 1355 lit-

252 1394 379 1427 terae
402 1389 726 1438 accessissent,
752 1388 810 1428 ad
832 1388 1066 1427 Viennam
1087 1386 1247 1437 quinto
1268 1390 1373 1435 post
1395 1385 1656 1436 appulimus
1678 1386 1765 1425 die.

332 1457 408 1498 Sic
443 1459 611 1510 itaque,
650 1459 789 1499 Pater
821 1457 1259 1505 observandissime,
1297 1466 1388 1495 uno
1418 1467 1575 1495 mense
1611 1462 1759 1496 totum
1790 1457 1875 1496 iter

253 1530 553 1569 confecimus.
584 1530 635 1570 In
663 1530 819 1580 Italia,
850 1537 899 1570 ut
931 1529 1047 1580 dixi,
1078 1530 1401 1582 concionibus,
1440 1528 1877 1570 conversationibus

254 1607 393 1651 atque
424 1601 647 1652 exemplis
683 1601 969 1641 dilectissimi
1000 1602 1148 1641 nostri
1174 1602 1344 1642 fratres
1374 1600 1547 1652 aliquid
1575 1600 1692 1639 lucri
1724 1599 1877 1638 facere

254 1672 616 1722 contendebant3
654 1683 802 1722 neque
838 1671 883 1711 id
918 1672 1103 1723 quidem
1138 1678 1364 1712 tentatum
1398 1672 1497 1711 sine
1535 1671 1688 1710 fructu
1728 1669 1877 1709 ausim

253 1740 420 1791 dicere,
455 1741 683 1793 siquidem
711 1753 793 1793 per
826 1741 914 1782 Dei
948 1743 1284 1793 benignitatem
1311 1743 1499 1782 odorem
1525 1741 1711 1792 pietatis
1741 1746 1878 1791 atque

256 1812 499 1862 religionis
520 1813 688 1863 ubique
715 1812 983 1852 fundebant.
1008 1813 1069 1853 Ut
1099 1819 1253 1852 autem
1274 1818 1465 1852 Ventum
1498 1812 1543 1851 in
1576 1811 1879 1851 Germaniam

254 1888 336 1931 est,
362 1895 464 1922 cum
489 1883 648 1933 lingua
668 1883 908 1922 minimum
929 1884 1139 1923 valerent
1167 1889 1215 1923 ut
1236 1883 1378 1923 animi
1399 1889 1652 1933 conceptus
1682 1893 1878 1933 expone-

258 1960 374 2003 rent,
402 1965 533 2004 pace,
568 1953 917 2004 tranquillitate,
947 1953 1189 2004 modestia,
1220 1954 1538 1993 taciturnitate
1572 1965 1626 1992 ac
1655 1951 1879 2002 patientia

254 2024 298 2063 id
329 2024 644 2075 unusquisque
680 2023 859 2063 efficere
894 2024 1217 2074 contendebat,
1247 2030 1295 2063 ut
1326 2024 1538 2064 omnibus
1569 2022 1880 2063 aedificationi

254 2100 391 2134 esset.

333 2164 546 2216 Suscepit
580 2178 664 2205 nos
684 2166 724 2206 R
745 2165 805 2192 dus
830 2166 879 2205 Ρ.
903 2166 1124 2206 Claudius
1154 2173 1203 2206 ut
1230 2172 1387 2217 patres
1409 2165 1514 2216 (sic)
1546 2165 1752 2215 decebat,
1784 2164 1875 2215 qui,

256 2247 360 2275 cum
383 2237 558 2287 aliquot
582 2243 688 2277 ante
711 2237 808 2277 dies
831 2238 920 2276 huc
939 2237 1192 2288 appulisset
1213 2237 1440 2287 simulque
1458 2248 1562 2275 cum
1585 2247 1638 2275 eo
1661 2235 1779 2285 Mgr.
1801 2234 1879 2274 Pe-

256 2314 354 2345 trus
391 2306 707 2358 Schorichius,
740 2307 1013 2358 jamdudum
1039 2319 1124 2347 nos
1158 2312 1539 2359 exspectaverat3
1577 2306 1760 2357 excepit
1794 2317 1879 2345 nos

257 2377 389 2416 Rmus
411 2377 692 2417 Viennensis
718 2377 755 2428 ἒς
785 2384 1067 2430 exceperunt
1098 2384 1142 2418 et
1165 2378 1242 2417 alii
1275 2377 1534 2428 dignissimi
1564 2377 1667 2427 viri,
1701 2382 1745 2415 et
1772 2387 1883 2427 prae

261 2449 459 2488 caeteris
479 2448 612 2488 R'mus
632 2449 919 2488 Labacensis
940 2447 968 2499 ⁵,
993 2449 1071 2499 qui
1093 2454 1162 2488 est
1183 2448 1299 2499 Regi
1321 2449 1378 2488 ab
1406 2448 1589 2487 animae
1621 2446 1814 2486 secretis
1835 2452 1879 2485 et

259 2519 550 2570 dispensator
586 2520 1008 2570 eleemosynarum,
1050 2530 1230 2558 summa
1270 2530 1382 2558 sane
1421 2530 1526 2557 curn
1559 2517 1744 2568 pietate.
1789 2516 1877 2566 Qui

259 2590 398 2629 etiam
422 2590 480 2629 ad
501 2590 753 2640 hospitium
774 2601 933 2640 usque,
959 2590 1060 2629 aliis
1083 2590 1330 2629 comitatus
1347 2589 1476 2639 viris,
1501 2589 1621 2628 ultro
1637 2599 1724 2627 nos
1745 2598 1880 2638 quae-

261 2660 397 2700 situm
426 2660 572 2709 venit,
608 2660 856 2711 statimque
886 2660 1166 2700 destinatum
1197 2659 1470 2699 habitationi
1497 2660 1650 2698 locum
1678 2657 1878 2708 paravit,

315 2846 324 2864 ¹
366 2844 419 2871 Sic
435 2848 613 2878 utrumque
630 2844 874 2878 apographum;
892 2851 951 2870 nec
969 2848 1059 2869 certo
1075 2843 1274 2876 attingimus
1287 2850 1372 2876 quae
1387 2843 1492 2869 verba
1505 2845 1561 2869 aut
1574 2842 1808 2868 desiderentur
1823 2844 1881 2868 aut

261 2892 445 2918 redundent
461 2896 518 2917 aut
534 2891 705 2918 emendari
723 2891 867 2917 debeant
883 2895 918 2917 ut
934 2898 1051 2917 sensus
1066 2891 1262 2924 perspicuus
1278 2890 1414 2916 evadat.

314 2939 327 2956 “-'
366 2938 566 2965 Fredericus
578 2938 724 2971 Nausea,
741 2937 944 2965 Viennensis
960 2937 1156 2971 Episcopus.

316 2985 329 3003 Γ»
367 2985 524 3012 Urbanus
539 2985 665 3012 &Veber
677 2985 838 3018 (Textorl,
854 2985 1062 3012 Labacensis
1076 2984 1279 3018 Episcopus,
1297 2983 1517 3017 Ferdinandi,
1535 2983 1762 3010 Romanorum
1779 2983 1882 3016 Regis

265 3033 503 3060 confessarius.
