1987 3260
290 174 362 211 690
803 173 1029 210 LITTERAE
1055 183 1408 215 QUADRIMESTRES

290 270 474 320 linguas
503 281 559 309 ac
585 269 854 319 disciplinas
881 280 966 319 pro
992 269 1199 319 ipsorum
1225 269 1487 320 capacitate
1508 269 1840 323 profitebimur;
1865 280 1908 312 et

290 346 387 379 tum
408 340 559 379 cuivis
586 339 780 378 liberum
807 339 895 378 erit
922 338 1161 378 accedere.
1190 339 1247 378 Et
1273 339 1339 379 ita
1360 351 1387 379 a
1408 351 1481 379 me
1507 340 1745 381 recedunt.
1769 341 1912 392 Ajimt

288 411 428 450 amici
444 410 570 461 ipsos
586 409 836 460 plurimum
852 421 878 449 a
895 409 1028 449 nobis
1044 409 1130 449 sibi
1151 410 1328 450 timere.
1347 410 1538 450 Utinam
1558 410 1741 451 adesset
1762 412 1909 462 nobis,

288 480 549 521 obedientia
575 485 739 519 sancta
765 485 976 530 auctore,
998 479 1267 532 Joachimus
1289 480 1456 531 aliquis
1476 479 1500 518 ¹.
1519 480 1782 532 Permagna
1800 493 1912 522 sane

288 551 375 591 sibi
398 563 424 590 a
445 549 579 590 nobis
599 550 890 601 pollicentur.

368 621 509 661 Totos
528 622 624 661 fere
646 620 744 661 dies
765 632 969 672 occupor
989 621 1114 660 domi
1132 621 1479 661 visitationibus
1499 622 1770 673 multorum,
1795 633 1912 673 quos

287 704 443 732 rerum
484 692 794 743 spiritualium
828 692 1022 731 multum
1055 691 1221 731 avidos
1254 692 1451 743 reperio.
1484 692 1676 742 Ingenio
1710 693 1822 732 mihi
1847 693 1910 733 Vi-

288 763 451 802 dentur
473 763 721 814 plurimum
741 762 917 801 faciles.
938 762 1128 802 Utinam
1145 762 1236 802 sint
1253 768 1522 802 constanter
1538 765 1909 814 perseverantes!

366 833 519 884 Atque
547 834 631 883 ita,
662 833 710 872 P.
735 832 806 881 R„
830 832 963 872 nobis
985 832 1210 872 hactenus
1236 833 1511 883 transigitur
1532 840 1727 884 tempus.
1755 833 1909 885 Appu-

287 905 437 943 lerunt
458 903 627 944 fratres
647 903 810 951 nostri,
835 909 878 943 et
898 903 1013 942 bene
1039 903 1225 954 quidem
1245 903 1383 943 habet
1403 903 1547 943 frater
1567 909 1724 943 noster
1745 904 1909 944 Emon-

285 975 385 1014 dus.
410 974 525 1014 Tam
542 975 589 1014 in
610 974 747 1014 rebus
769 973 1086 1025 spiritualibus
1107 985 1246 1024 quam
1267 974 1431 1014 studiis
1452 975 1596 1013 multa
1624 973 1775 1014 adhuc
1797 974 1910 1014 desi-

286 1044 523 1085 derantur.
1057 1050 1060 1055 '

364 1117 444 1155 Est
466 1116 655 1167 quidam
681 1115 859 1155 Doctor
878 1117 1055 1166 legum,
1080 1115 1258 1154 amicus
1285 1126 1379 1154 non
1409 1116 1619 1166 vulgaris
1646 1114 1907 1165 Societatis‚

287 1187 369 1237 qui
391 1187 450 1226 ad
470 1198 556 1226 nos
571 1187 695 1226 misit
718 1187 861 1226 libros
877 1186 998 1225 ultra
1018 1185 1186 1236 viginti
1207 1191 1422 1236 quatuor,
1446 1192 1542 1225 tam
1562 1186 1608 1225 in
1630 1186 1908 1226 humaniori-

284 1258 371 1296 bus
399 1257 565 1297 litteris
595 1269 734 1308 quam
754 1257 802 1296 in
830 1249 1123 1308 philosophia
1158 1268 1388 1308 quamque
1412 1257 1457 1296 in
1478 1256 1733 1307 theologia,
1758 1256 1839 1296 sed
1865 1263 1908 1296 et

286 1340 496 1367 mensam
525 1328 583 1367 ad
612 1328 957 1379 componendos
986 1339 1081 1367 eos.
1113 1327 1324 1367 Vocatur
1350 1327 1435 1366 iste
1463 1326 1623 1367 Marco
1650 1327 1855 1367 Antonio
1878 1327 1906 1365 ⁹².

362 1399 444 1438 Est
465 1406 509 1438 et
531 1399 648 1438 alius
670 1399 805 1449 primi
826 1398 1026 1438 nominis
1047 1398 1141 1445 hic,
1166 1398 1245 1449 qui
1274 1404 1471 1437 vocatur
1502 1398 1775 1437 Guilielmus
1795 1397 1906 1437 Pon-

286 1475 436 1515 tanus,
461 1470 538 1519 qui
560 1469 807 1520 plurimum
827 1469 955 1508 favet
971 1469 1105 1507 nobis
1122 1468 1336 1519 misitque
1352 1468 1574 1507 famulum
1595 1479 1730 1508 suum
1752 1474 1800 1508 ut
1817 1468 1906 1508 offi-

282 1539 407 1578 cium
431 1551 565 1579 omne
587 1539 720 1579 nobis
744 1539 951 1588 offerret,
977 1538 1058 1578 sed
1079 1544 1122 1578 et
1143 1538 1285 1577 libere
1307 1538 1613 1589 aperiremus,
1639 1538 1676 1577 si
1698 1538 1806 1589 quid
1831 1550 1906 1578 no-

283 1610 352 1648 bis
376 1610 557 1649 deesset
580 1610 702 1661 quod
722 1610 781 1649 ad
802 1610 979 1649 Victum
1000 1609 1185 1658 attinet;
1209 1614 1253 1648 et
1275 1609 1320 1648 id
1340 1615 1526 1659 praeter
1548 1610 1905 1659 eleemosynam,

285 1692 425 1731 quam
448 1680 640 1729 confert,
665 1686 714 1719 ut
732 1680 885 1728 audio,
911 1680 956 1719 in
978 1691 1076 1719 nos.

361 1750 481 1801 Quid
502 1751 666 1790 messis
689 1751 789 1790 hic?
811 1749 969 1789 Multa.
994 1749 1174 1801 Rogate
1195 1750 1432 1789 dominum
1453 1750 1633 1799 messis,
1657 1755 1743 1789 etc.

360 1822 489 1861 Haec
507 1822 668 1871 obiter,
692 1821 741 1861 P.
766 1821 837 1871 R,
861 1821 1155 1861 admonenda
1177 1821 1307 1871 duxi,
1332 1822 1564 1861 humiliter
1586 1822 1673 1861 hoc
1695 1827 1905 1861 nostrum

278 1893 596 1942 collegiolum,
625 1893 874 1943 plurimum
897 1892 1048 1932 adhuc
1071 1891 1352 1943 dispersum,
1382 1892 1435 1931 R.
1459 1891 1508 1931 P.
1534 1892 1591 1932 V.
1619 1892 1906 1932 orationibus

279 1962 561 2014 Pati-umque
584 1963 790 2003 omnium
812 1975 866 2002 ac
889 1962 1084 2002 fratrum
1107 1963 1452 2002 commendans.

357 2033 549 2084 Perusii,
574 2046 631 2073 ex
654 2034 844 2073 aedibus
866 2033 1219 2084 episcopalibus,
1244 2045 1270 2072 a
1286 2033 1375 2072 25³²
1394 2032 1532 2086 Junii.

356 2104 408 2143 R.
438 2104 482 2144 P.
512 2104 569 2144 V.

356 2175 585 2214 Alumnus
607 2175 804 2223 inutilis,

1024 2317 1310 2356 EVERARDUS
1339 2316 1689 2355 MERCURIANUs.

353 2528 411 2566 Ill
433 2528 585 2567 alfara
602 2528 808 2578 pagina:
834 2527 946 2566 1552.
978 2527 1191 2577 Perugia.
1216 2528 1285 2567 De
1309 2527 1368 2566 M.
1402 2527 1657 2567 Everardo.
1682 2527 1751 2566 De
1771 2526 1823 2565 ‘25
1844 2526 1900 2566 de

284 2598 426 2645 lunio.

328 2782 334 2799 ¹
378 2781 541 2815 Magister
558 2782 762 2816 joachimus,
779 2782 920 2809 Parisiis
938 2782 1078 2809 Romam
1094 2783 1224 2815 missuS,
1250 2782 1399 2816 “juvenis
1423 2782 1551 2815 pietate
1572 2785 1605 2808 et
1626 2781 1824 2815 eruditione,
1841 2781 1899 2808 lin-

274 2835 335 2859 <gua
344 2836 416 2854 rum
431 2830 644 2862 praesertim,
661 2829 832 2863 insignis„,
850 2830 1066 2856 humaniores
1082 2830 1217 2856 litteras
1232 2837 1306 2856 cum
1321 2829 1419 2855 laude
1436 2829 1469 2855 in
1484 2828 1635 2856 Romano
1659 2828 1810 2862 Collegio
1835 2829 1896 2855 hoc

274 2880 423 2907 tempore
440 2875 586 2908 legebat,
603 2876 615 2887 ²·
629 2876 684 2901 sed
701 2876 732 2902 in
749 2876 989 2909 gravissimum
1004 2877 1157 2903 morbum
1171 2876 1298 2909 incidit,
1316 2883 1378 2909 quo
1400 2874 1565 2908 paulatim
1582 2879 1799 2909 consumptus
1812 2879 1895 2906 est„.

277 2919 360 2945 Viae
378 2920 542 2952 Formio,
562 2921 695 2953 Cllron„
710 2926 733 2948 t.
750 2930 781 2948 11.

327 2969 339 2984 ²
378 2967 509 2993 Marcus
526 2969 691 2995 Antonius
707 2968 886 2996 Oradinus.
903 2969 1087 3001 POLANCUS,
1104 2970 1124 2996 l.
1141 2977 1179 3000 c..
1196 2977 1274 3004 pag.
1290 2969 1352 3003 438,
1368 2977 1398 2998 n.
1411 2970 1455 2997 49.
