1987 3260
259 186 330 223 340
768 186 995 223 LJTTERAE
1023 197 1377 229 QUADRfflESTRES

260 282 439 322 votioni
476 283 635 334 populi
668 288 825 334 posset
859 282 1093 333 satisfieri,
1132 283 1364 333 integram
1398 289 1582 323 noctem
1632 284 1886 335 mpendere

260 353 509 404 cupiebant
542 353 650 394 huic
682 353 870 404 pietatis
900 353 1071 404 officio,
1109 358 1152 392 et
1181 353 1241 393 ad
1266 353 1313 393 id
1345 353 1613 394 facultatem
1645 355 1879 406 petebant,

261 435 378 475 quae
399 429 555 463 tamen
578 424 644 464 eis
665 434 887 463 concessa
908 434 1003 462 non
1023 423 1120 463 fuit.

338 493 483 534 Moris
504 501 573 534 est
590 495 636 534 in
656 493 745 533 hac
765 494 892 544 urbe,
916 494 962 533 in
982 494 1144 534 ultima
1164 495 1552 546 quadragesimae
1573 496 1877 546 hebdomada,

258 565 528 605 meretrices
548 565 596 605 in
616 565 768 604 locum
790 564 1056 615 quemdam,
1088 565 1166 604 ubi
1194 564 1344 604 Deum
1375 571 1501 605 certe
1526 578 1580 606 eo
1600 572 1697 606 tam
1717 573 1885 607 sancto

260 641 467 687 tempore
487 647 581 675 non
610 634 867 685 offendant,
899 635 1155 686 includere3
1179 634 1447 675 conceditur
1470 642 1513 675 et
1535 636 1622 676 illis
1643 636 1879 688 praedica-

258 712 333 747 tor
350 712 399 746 ut
415 711 607 746 conetur
628 717 655 745 a
676 706 897 757 peccatis,
917 717 1231 757 quascumque
1252 707 1436 757 poterit,
1460 707 1697 746 reducere.
1722 707 1773 747 In
1792 707 1881 747 hac

258 788 372 828 ergo
393 777 543 817 sancti
559 775 763 827 jubilaei,
789 777 846 816 ob
867 788 1141 828 prosperum
1164 776 1359 817 Concilii
1377 788 1660 827 successum,
1683 779 1885 829 promul-

257 848 468 898 gatione,
494 848 540 887 in
560 848 715 887 locum
735 847 862 887 illum
884 853 1076 887 coactae
1097 853 1217 887 sunt.
1241 848 1298 888 Et
1318 847 1367 887 Ρ.
1391 847 1566 898 Miron‚
1598 847 1745 899 pridie
1767 847 1880 900 jubi-

257 918 368 968 laei,
393 923 488 958 tres
508 918 716 968 integras
737 918 879 958 horas
900 918 989 957 illis
1021 923 1091 958 est
1119 919 1437 958 concionatus.
1469 919 1607 958 Dedit
1633 919 1699 958 1111
1726 919 1885 959 Domi-

258 1001 344 1028 nus
364 995 545 1028 tantum
565 988 766 1028 fervoris
788 994 832 1028 et
852 989 1057 1039 gratiae,
1080 994 1129 1028 ut
1148 989 1363 1029 undecim
1393 1001 1451 1029 ex
1479 989 1567 1029 illis
1595 989 1779 1029 Christo
1808 1001 1883 1029 ac-

258 1060 489 1111 quisierit,
513 1066 556 1099 et
577 1066 682 1110 post
703 1065 920 1110 quartum
947 1060 1022 1099 vel
1052 1060 1263 1110 quintum
1292 1059 1434 1111 diem,
1466 1061 1612 1099 altera
1640 1060 1880 1110 concione,

258 1130 396 1170 trium
417 1131 526 1170 item
546 1131 782 1181 horarum,
803 1136 1001 1182 quatuor
1023 1131 1139 1170 aliae
1161 1143 1188 1170 a
1209 1136 1403 1182 peccato
1424 1137 1676 1171 revocatae
1698 1136 1817 1179 sunt3
1838 1138 1882 1170 et

257 1201 346 1241 hae
377 1213 536 1241 omnes
565 1201 611 1241 in
646 1201 833 1241 domum
867 1202 1136 1253 quamdam,
1167 1202 1213 1241 in
1235 1202 1423 1242 civitate
1451 1202 1698 1242 Valentiae
1724 1202 1883 1253 resipi-

257 1272 492 1312 scentibus
509 1272 823 1323 constitutam,
840 1272 1065 1312 deductae
1083 1279 1205 1323 sunt,
1225 1285 1315 1324 quo
1328 1273 1596 1313 sacerdotes
1613 1272 1880 1323 aliquando,

256 1343 334 1394 qui
350 1343 520 1383 Missae
542 1343 822 1383 sacrificium
844 1344 1076 1383 celebrent
1097 1350 1142 1383 et
1162 1344 1377 1395 spiritum
1399 1344 1607 1395 ipsarum
1626 1343 1817 1383 foveant
1838 1350 1881 1382 et

256 1415 572 1463 consolentur,
610 1413 666 1453 de
699 1414 873 1454 nostris
906 1415 1165 1454 mittuntur.
1202 1414 1250 1454 P.
1289 1426 1401 1454 vero
1435 1414 1587 1454 Miron
1626 1426 1685 1454 ex
1719 1414 1882 1453 ultima

255 1485 481 1524 concione
501 1496 672 1524 raucus
698 1485 835 1524 valde
864 1485 1015 1525 adhuc
1044 1490 1219 1535 manet,
1250 1491 1298 1524 ut
1326 1486 1407 1525 vix
1434 1485 1559 1535 loqui
1586 1484 1746 1535 possit.
1777 1484 1880 1524 Duo

257 1556 332 1594 vel
367 1561 462 1595 tres
496 1555 586 1595 viri
620 1555 810 1605 nobiles,
841 1556 918 1606 qui
943 1555 1130 1595 Patrem
1150 1555 1378 1595 Mironem
1406 1556 1613 1595 comitati
1642 1561 1749 1595 sunt
1777 1566 1881 1594 cum

260 1626 437 1665 duobus
457 1626 698 1676 fratribus,
723 1626 990 1665 domesticis
1012 1626 1296 1676 asserebant,
1322 1627 1360 1665 si
1387 1638 1413 1665 a
1436 1626 1582 1665 tribus
1603 1626 1817 1677 pessimis
1838 1632 1882 1665 et

258 1697 530 1736 inveteratis
550 1697 597 1736 in
617 1697 739 1736 malo
768 1696 982 1736 foeminis
1011 1696 1181 1736 ibidem
1209 1696 1327 1736 aliae
1354 1708 1447 1736 non
1472 1696 1668 1736 fuissent
1693 1696 1878 1748 impedi-

255 1773 344 1816 tae,
368 1767 569 1806 mediam
589 1767 889 1806 meretricum
908 1772 1110 1818 partem,
1135 1778 1332 1818 quarum
1353 1767 1557 1806 maxima
1587 1772 1655 1806 est
1681 1767 1879 1806 multitu-

257 1837 338 1888 do,
361 1837 502 1877 fuisse
524 1836 902 1877 convertendam.
928 1837 1078 1877 Tanta
1098 1837 1183 1876 fuit
1204 1849 1365 1877 earum
1387 1837 1650 1877 commotio.
1673 1837 1772 1877 Deo
1795 1837 1883 1876 soli

256 1909 405 1948 honor
426 1913 469 1947 et
490 1908 654 1958 gloria.

334 1978 398 2019 851
418 1979 541 2031 Junii
568 1978 680 2018 1551.
