1987 3260
231 166 301 204 320
738 165 962 202 LirrssRAE
988 175 1344 208 QUADRiMESTREs

234 262 402 302 abhinc
423 272 629 302 mensem
648 261 769 301 R.dus
790 261 836 300 in
857 259 1041 300 Christo
1069 260 1117 300 P.
1145 260 1324 300 Natalis
1343 259 1374 309 ¹3
1399 272 1489 311 quo
1511 266 1738 311 tempore,
1765 261 1853 300 etsi

235 345 261 373 a
282 333 517 373 consuetis
536 332 774 372 laboribus
790 337 835 370 et
851 331 1085 371 exercitiis
1102 331 1288 370 minime
1307 337 1539 370 cessatum
1555 336 1626 370 est
1645 331 1850 382 quando,

237 404 276 443 si
302 415 437 443 secus
464 403 614 452 fieret,
645 401 917 453 responderi
945 401 1234 441 obedientiae
1262 413 1556 453 nequaquam
1582 407 1764 453 posset,
1793 413 1851 441 eo

233 481 389 514 tamen
409 474 599 525 segnius
619 473 949 523 remissiusque
965 472 1090 512 facta
1107 478 1213 512 sunt
1229 472 1396 523 omnia,
1417 484 1506 523 quo
1522 473 1648 513 velut
1664 479 1852 524 pastore

236 556 350 584 oves
379 545 642 594 destitutae,
679 549 757 583 aut
790 543 1016 594 magistro
1048 544 1221 594 privati
1248 543 1481 594 discipuli,
1520 543 1760 583 continere
1803 555 1852 583 se

235 616 358 656 domi
382 626 561 665 omnes,
591 620 635 654 et
662 626 753 654 una
780 614 1090 654 consolatoris
1117 619 1389 665 exspectare
1416 613 1668 653 adventum
1714 624 1852 664 quam

234 687 282 726 in
314 686 516 726 medium
548 684 734 736 prodire
767 685 1035 724 mallebant.
1074 684 1386 735 Quamobrem
1419 690 1623 723 tacerem
1660 684 1853 734 quidem

235 768 322 807 ego
343 757 510 808 potius,
536 761 614 795 aut
641 767 732 795 uno
763 755 904 795 verbo
932 761 1142 795 nostram
1172 755 1377 794 omnium
1403 754 1625 805 ineptiam
1651 760 1696 794 et
1715 755 1857 805 impe-

234 827 391 866 ritiam
411 826 669 876 confiterer,
694 837 832 877 quam
858 837 912 865 ea
939 825 1224 865 recensenda
1254 825 1559 876 susciperem,
1593 836 1712 876 quae
1746 826 1855 864 scri-

235 903 399 948 pturus
419 908 535 947 sum,
558 896 646 936 nisi
667 908 754 946 me,
787 902 835 935 ut
862 895 907 935 id
927 895 1113 947 faciam,
1137 902 1181 935 et
1203 895 1406 946 dignitas
1426 901 1614 946 urgeret
1635 895 1829 936 obedien
1843 916 1860 926 -

235 969 348 1017 tiae,
381 974 425 1007 et
449 974 528 1007 tua
562 967 827 1006 hortaretur
861 966 1140 1016 humanitas,
1177 966 1417 1018 pietasque
1450 966 1695 1017 invitaret,
1734 978 1854 1018 quae

236 1038 350 1078 nihil
374 1037 651 1089 parvipendi
676 1042 807 1088 putat
835 1044 1063 1087 oportere,
1096 1037 1231 1088 quod,
1265 1037 1479 1088 quamvis
1505 1037 1746 1077 minimum
1778 1039 1853 1088 sit,

237 1109 354 1148 citra
377 1109 584 1148 divinum
605 1114 760 1148 tamen
782 1108 1004 1148 auxilium
1024 1108 1124 1148 fieri
1144 1120 1171 1147 a
1192 1119 1373 1159 quoque
1395 1119 1489 1147 non
1509 1114 1675 1159 potest.

315 1179 377 1219 Ut
404 1180 544 1230 igitur
574 1179 821 1230 aliquando
848 1179 1068 1230 incipiam
1093 1191 1179 1218 nec
1214 1184 1258 1218 te
1288 1178 1458 1218 diutius
1486 1190 1643 1218 morer
1666 1178 1700 1229 ²,
1732 1180 1855 1230 quod

238 1250 296 1289 ad
330 1250 690 1289 domesticorum
724 1250 887 1289 attinet
921 1250 1046 1289 vitae
1080 1249 1308 1289 rationem
1342 1255 1386 1289 et
1416 1249 1588 1299 studia,
1627 1249 1740 1289 nihil
1781 1249 1854 1288 his

238 1326 436 1371 quatuor
456 1320 690 1360 mensibus
706 1320 999 1360 immutatum
1020 1326 1102 1360 est.
1126 1319 1252 1360 Idem
1274 1319 1452 1371 orandi,
1477 1320 1597 1359 idem
1619 1319 1848 1370 studendi,

238 1391 359 1430 idem
380 1402 560 1442 quoque
586 1391 769 1441 legendi
794 1390 960 1431 modus
985 1398 1054 1431 est
1073 1391 1151 1441 qui
1172 1396 1278 1431 ante
1299 1390 1403 1440 fuit,
1427 1390 1605 1441 majore
1632 1396 1789 1430 tamen
1810 1391 1854 1429 in

239 1455 336 1495 dies
369 1455 579 1507 profectu
606 1462 937 1507 crescenteque
972 1456 1122 1506 magis
1157 1468 1212 1495 ac
1241 1456 1393 1506 magis
1426 1455 1637 1495 omnibus
1673 1455 1851 1505 animo,

237 1537 331 1566 non
365 1526 424 1566 ad
456 1526 821 1577 permanendum
854 1526 991 1566 modo
1026 1527 1072 1566 in
1098 1526 1366 1576 vocatione,
1401 1526 1483 1566 sed
1514 1526 1573 1565 ad
1601 1525 1855 1565 vivendum

239 1597 378 1637 etiam
398 1603 535 1648 prout
556 1597 602 1636 in
623 1610 677 1637 ea
698 1597 843 1637 decet.

315 1667 386 1707 De
402 1666 650 1717 juvenibus
671 1680 866 1719 quoque,
889 1668 965 1719 qui
986 1668 1031 1707 in
1054 1668 1189 1707 domo
1210 1668 1497 1719 probationis
1514 1668 1598 1707 sub
1614 1667 1671 1707 D.
1691 1666 1860 1707 Corne-

236 1739 296 1778 lio
318 1737 331 1756 ³
351 1738 531 1788 vivunt,
556 1738 676 1778 idem
696 1739 878 1789 penitus
899 1738 1114 1789 dixerim,
1138 1739 1201 1778 ita
1224 1738 1522 1778 confirmatos
1551 1738 1735 1778 illorum
1762 1737 1861 1776 ani-

236 1820 337 1848 mos
358 1820 459 1848 esse
480 1815 527 1848 ut
549 1809 663 1848 nihil
683 1809 730 1848 in
757 1809 1021 1860 praesentia
1051 1809 1306 1849 desiderari
1336 1809 1500 1848 merito
1531 1820 1667 1859 posse
1701 1808 1861 1848 Videa-

235 1885 325 1919 tur.
345 1879 478 1929 Quod
498 1880 684 1930 quidem
703 1891 842 1930 saepe
864 1880 996 1919 nobis
1017 1880 1168 1919 visum
1189 1886 1272 1922 est.
1293 1879 1374 1919 sed
1389 1879 1551 1930 paucis
1573 1885 1678 1918 ante
1696 1878 1856 1918 diebus

236 1950 540 2000 potissimum.
560 1949 678 1989 Nam
699 1961 804 1989 cum
826 1950 1019 1990 celebris
1041 1956 1286 2001 certusque
1306 1961 1465 1989 rumor
1486 1956 1667 1989 turcam
1688 1949 1862 1989 adven-

236 2026 337 2059 tare
359 2031 463 2059 cum
484 2021 634 2059 classe
664 2026 707 2060 et
735 2021 942 2060 exercitu
970 2033 1063 2060 non
1089 2021 1291 2068 modico,
1323 2021 1408 2060 has
1435 2021 1649 2070 regiones
1675 2019 1862 2070 imples-

237 2097 326 2141 set,
348 2091 714 2142 praesertimque
733 2092 849 2131 haec
870 2092 1037 2131 civitas
1064 2092 1121 2131 ab
1151 2092 1252 2142 ipso
1279 2091 1546 2131 crederetur
1574 2090 1855 2140 invadenda,

236 2166 416 2200 tantum
436 2161 581 2201 abfuit
601 2168 648 2201 ut
676 2162 1016 2212 adolescentes,
1045 2168 1289 2213 parentum
1317 2162 1492 2201 scilicet
1519 2172 1772 2211 memores,
1806 2160 1861 2199 de

236 2232 499 2282 repetendis
520 2231 730 2272 domibus
751 2239 829 2272 aut
849 2233 1068 2284 fugiendo
1090 2232 1364 2283 cogitarent,
1384 2238 1432 2271 ut
1447 2243 1541 2271 non
1557 2231 1693 2271 modo
1709 2231 1862 2270 nobis-

238 2314 342 2342 cum
363 2313 412 2341 se
433 2302 682 2342 morituros
709 2304 938 2353 lubenter,
968 2303 1049 2342 sed
1075 2309 1118 2342 et
1143 2309 1391 2353 rogaturos
1422 2302 1476 2352 (si
1506 2302 1569 2341 ita
1597 2312 1671 2341 res
1701 2300 1860 2340 eveni—

237 2372 322 2422 ret)
341 2372 559 2423 dicerent,
580 2373 890 2424 audacterque
910 2373 1250 2424 pollicerentur,
1270 2379 1319 2413 ut
1339 2373 1409 2412 his
1430 2372 1628 2412 facultas
1649 2372 1857 2417 daretur,

238 2454 343 2494 quo,
367 2443 645 2483 adhortandi
666 2455 808 2483 causa
829 2450 873 2483 et
900 2443 1224 2483 commonendi
1253 2443 1420 2483 milites
1450 2443 1689 2493 civesque,
1724 2447 1772 2481 ut
1805 2453 1859 2480 ea

235 2512 443 2552 facerent
464 2525 581 2564 quae
603 2513 775 2554 Christi
797 2514 963 2554 milites
987 2514 1217 2564 decerent,
1249 2513 1308 2553 ad
1328 2514 1454 2553 urbis
1476 2513 1657 2552 moenia
1679 2511 1862 2563 profici-

238 2589 492 2623 scerentur.
516 2583 636 2634 Hoc,
660 2591 844 2635 praeter
865 2590 1069 2633 caetera,
1099 2596 1216 2636 quae
1243 2584 1446 2636 quotidie
1474 2584 1520 2623 in
1547 2583 1618 2622 his
1645 2582 1857 2622 videmus

291 2719 301 2738 ¹
339 2718 543 2751 Messanam.
564 2719 758 2753 Drepanum
778 2725 811 2747 et
835 2722 867 2747 in
890 2722 974 2747 alias
997 2721 1155 2747 civitates
1178 2720 1330 2754 Pro-regi
1355 2727 1466 2746 comes
1488 2719 1599 2746 fuerat
1622 2719 1738 2752 primis
1761 2720 1859 2753 hujus

238 2766 315 2792 anni
331 2766 500 2793 mensibus
515 2766 661 2793 Natalis.

292 2812 304 2830 ’ὲ
343 2812 433 2844 Quae
450 2813 621 2847 hucusque
637 2813 721 2840 dixit
738 2814 915 2845 Antonius,
929 2815 1017 2842 linea
1033 2814 1265 2841 circumducta
1281 2816 1447 2842 conclusit
1463 2815 1628 2842 Polancus
1644 2822 1682 2840 ne
1698 2813 1864 2841 transcri-

239 2859 409 2892 berentur;
426 2860 539 2893 itaque
555 2868 574 2887 a
588 2861 804 2894 sequentibus
818 2862 931 2888 verbis
947 2862 1035 2895 qnod
1058 2862 1104 2888 ad
1125 2862 1434 2889 domesticorum...
1458 2863 1587 2889 initium
1610 2866 1745 2889 sumunt
1769 2864 1865 2888 tran-

238 2910 371 2939 sumpta
386 2908 608 2940 exemplaria.

293 2953 306 2971 5
346 2952 378 2979 P.
397 2952 571 2980 Cornelius
586 2954 785 2981 XVishaven.
