1987 3260
233 150 308 186 ,600
743 146 969 182 LlTTERAE
996 156 1355 188 QUADRiMEsiREs

235 245 450 284 relictum
468 244 720 283 videretur.
739 242 960 281 Attamen
976 242 1069 291 Ille,
1093 242 1139 280 in
1160 240 1290 291 cujus
1310 241 1495 281 nomine
1518 242 1762 283 daemonia
1783 244 1857 294 eji-

236 316 435 365 ciuntur,
459 314 627 365 quique
649 312 777 352 venit
797 318 846 352 ut
869 323 1011 362 opera
1032 312 1203 351 diaboli
1223 311 1522 362 dissolveret,
1545 317 1725 352 tantum
1746 312 1856 353 divi-

235 398 322 426 nae
342 386 460 425 lucis
480 385 527 424 in
547 384 665 423 illius
687 383 890 422 animam
911 382 1035 422 misit
1054 382 1250 433 radium,
1274 388 1323 422 ut
1344 393 1393 421 se
1415 382 1602 422 omnino
1623 374 1857 423 Sathanae

236 456 415 496 insidiis
437 455 645 494 delusam
666 459 943 503 agnosceret
964 453 1096 503 eique
1117 451 1432 503 profiteretur:
1456 459 1565 491 tunc
1596 452 1693 501 illa,
1724 465 1857 504 expe-

234 527 420 576 rientia,
445 525 612 576 inquit,
643 524 782 563 didici
809 523 1149 563 confessionem
1180 534 1281 562 esse
1309 523 1531 562 vitiorum
1560 525 1857 574 expugnatri-

234 609 334 637 cem
347 596 623 646 virtutisque
636 595 889 634 cultricem.
906 593 1311 645 Quidjuvenculae
1323 593 1563 645 cujusdam
1576 594 1857 634 mentionem

233 667 494 716 fecerimus,
518 677 650 717 quae,
673 671 721 704 ut
742 665 904 716 paucis
925 671 1031 704 ante
1054 664 1309 713 mensibus,
1335 663 1463 715 operi
1484 663 1662 703 nefario
1684 665 1865 704 incum÷

232 738 364 787 bens,
398 737 600 788 priorem
629 735 937 786 Magdalenae
965 735 1111 774 vitam
1143 734 1268 774 omni
1295 734 1446 774 studio
1474 734 1761 784 sectabatur,
1792 735 1855 774 ita

230 819 352 847 nunc
374 808 420 846 in
443 812 620 846 tantam
646 806 716 846 sui
743 806 887 857 ipsius
918 805 1232 856 cognitionem
1262 805 1487 856 perducta
1514 810 1602 854 est,
1633 811 1681 845 ut
1706 811 1855 856 poste-

229 878 400 917 riorem
422 877 627 928 ejusdem
648 876 793 916 vitam
814 876 985 916 imitari
1006 881 1050 915 et
1080 887 1129 915 se
1160 875 1310 926 ipsam
1339 874 1524 915 Christo
1553 875 1753 915 Domino
1785 887 1855 915 sa-

229 960 362 988 crare
384 954 545 987 sancte
567 947 807 987 affirmarit
820 958 828 998 3
859 947 906 986 in
926 958 1017 998 qua
1038 957 1091 985 eo
1113 945 1357 985 dilucidius
1379 945 1550 996 digitus
1578 945 1666 985 Dei
1687 947 1854 986 reluxit

228 1019 350 1069 quod
370 1018 467 1058 fere
489 1018 666 1066 omnia,
691 1030 809 1069 quae
831 1018 878 1057 in
898 1017 1198 1068 Magdalena,
1223 1017 1269 1056 in
1289 1017 1391 1067 ipsa
1412 1022 1570 1067 erant,
1595 1028 1672 1067 ea,
1696 1017 1852 1057 videli-

227 1095 318 1137 cet,
344 1100 462 1140 quae
485 1089 544 1128 ad
563 1088 609 1127 id
629 1099 776 1139 genus
798 1088 923 1128 vitae
945 1088 1092 1127 solent
1122 1088 1300 1138 puellas
1325 1087 1621 1138 pertrahere?
1649 1086 1769 1137 Quid
1799 1088 1853 1127 de

226 1160 316 1199 alia
339 1171 712 1209 commemorem,
737 1170 854 1210 quae
876 1158 923 1198 in
942 1159 1080 1209 longe
1101 1158 1324 1209 graviora
1345 1157 1597 1197 inciderat?
1618 1158 1739 1197 Ecce
1761 1169 1853 1197 ma-

224 1237 359 1270 trona
387 1230 637 1282 quaedam,
668 1241 813 1280 eaque
845 1229 1003 1279 magni
1033 1229 1232 1268 nominis
1260 1240 1315 1268 ac
1342 1227 1518 1278 famae,
1554 1227 1684 1279 cujus
1711 1229 1850 1268 animi

224 1302 442 1341 tenebrae
470 1302 611 1351 longo
646 1301 892 1340 intervallo
927 1300 1220 1351 superiorum
1251 1297 1258 1316 ¹
1290 1305 1395 1350 post
1431 1310 1478 1338 se
1514 1299 1848 1350 relinquebant,

224 1373 300 1411 illa
321 1372 444 1411 enim
463 1383 556 1411 non
578 1371 714 1411 modo
742 1381 848 1410 cum
878 1370 1142 1410 hominibus
1172 1370 1253 1409 sed
1279 1381 1385 1409 cum
1418 1369 1720 1408 daemonibus
1751 1376 1849 1408 erat

222 1443 477 1492 fornicata,
506 1442 615 1493 quid
645 1442 804 1493 plura?
839 1452 945 1481 cum
978 1440 1225 1480 haereticis
1260 1440 1579 1490 conglutinata
1617 1439 1673 1479 ab
1703 1439 1848 1491 iisque

222 1514 338 1553 adeo
360 1525 385 1553 a
409 1512 675 1553 Christiana
696 1512 921 1562 religione
943 1518 986 1551 et
1007 1512 1204 1551 veritate
1226 1522 1408 1561 aversa,
1434 1517 1482 1549 ut
1502 1510 1845 1550 haeresiarcam

221 1584 441 1634 dixisses,
466 1595 574 1623 nam
594 1590 639 1623 et
659 1582 936 1632 rationibus,
961 1582 1124 1633 quibus
1146 1587 1348 1632 poterat,
1381 1588 1424 1620 et
1456 1592 1618 1620 sacrae
1646 1581 1846 1632 paginae

220 1653 569 1704 Doctorumque
591 1653 867 1693 testimoniis
889 1663 1023 1691 suam
1043 1652 1258 1691 tuebatur
1279 1651 1597 1702 pervicaciam
1617 1657 1660 1691 et
1686 1651 1844 1691 haere-

219 1726 360 1765 ticam
382 1724 688 1775 pravitatem3
711 1723 830 1763 unde
852 1723 927 1762 hic
947 1723 1080 1762 labor
1102 1733 1308 1773 opusque
1335 1721 1434 1761 suit.
1471 1721 1559 1772 Qui
1587 1728 1742 1761 autem
1771 1721 1842 1762 de-

218 1795 412 1846 ploratis
433 1801 476 1835 et
494 1794 798 1834 conclamatis
814 1793 953 1833 rebus
970 1792 1186 1843 opitulari
1208 1793 1338 1842 solet,
1358 1792 1657 1842 benignitatis
1678 1805 1734 1832 ac
1757 1794 1842 1832 cle-

219 1866 418 1906 mentiae
439 1876 628 1905 manum
650 1865 690 1903 ei
712 1863 940 1915 porrexit,
964 1863 1213 1913 navimque
1235 1861 1352 1913 ejus,
1383 1874 1502 1913 quae
1523 1874 1613 1903 non
1631 1862 1728 1914 jam
1748 1864 1842 1913 agi-

218 1938 404 1976 tabatur
431 1936 511 1976 sed
546 1935 842 1987 operiebatur
870 1934 1105 1983 fiuctibus,
1139 1933 1198 1973 ad
1228 1933 1391 1973 salutis
1417 1940 1603 1984 portum
1635 1933 1839 1973 deduxit.

219 2007 346 2047 Haec
369 2007 533 2057 igitur,
556 2005 841 2056 poenitentia
863 2004 1023 2054 ducta,
1053 2004 1111 2043 ad
1133 2010 1332 2043 mentem
1354 2003 1585 2043 saniorem
1606 2003 1764 2054 rediit,
1798 2010 1841 2043 et

213 2077 323 2128 jam,
347 2088 464 2128 quae
485 2078 612 2116 velut
634 2076 938 2116 deliramenta
962 2075 1182 2124 ducebat,
1208 2074 1397 2114 oracula
1420 2074 1677 2114 certissima
1699 2074 1841 2114 veris-

217 2149 425 2199 simaque
448 2148 726 2187 inconcussa
746 2145 834 2185 fide
857 2152 992 2184 tenet.
1018 2144 1085 2185 Sit
1108 2145 1234 2183 Deus
1256 2156 1337 2195 per
1358 2143 1534 2184 infinita
1556 2145 1743 2184 saecula
1768 2144 1841 2183 be-

217 2218 441 2258 nedictus.

294 2288 464 2328 Multos
486 2300 512 2327 a
533 2287 729 2338 pristina
757 2285 1113 2326 conversatione
1142 2285 1324 2324 animae
1355 2285 1630 2335 corporique
1662 2284 1838 2336 pericu-

215 2360 314 2398 losa
334 2358 577 2398 revocavit
597 2356 755 2403 Pater;
779 2356 860 2396 sed
880 2355 976 2405 hic,
1001 2366 1136 2406 quem
1157 2355 1432 2405 recensebo,
1457 2355 1577 2394 inter
1604 2366 1764 2395 omnes
1793 2355 1838 2394 in

214 2428 521 2469 conversione
543 2426 772 2467 excelluit.
797 2426 867 2466 Illi
887 2426 1009 2465 enim
1030 2437 1123 2465 non
1144 2426 1259 2465 satis
1280 2431 1380 2465 erat
1402 2426 1549 2465 vitam
1569 2424 1837 2477 deploratis*

214 2500 380 2539 simam
400 2510 561 2549 agere,
585 2497 666 2537 secl
687 2497 733 2536 in
753 2496 991 2548 propriam
1011 2508 1205 2536 uxorem
1233 2507 1399 2536 manus
1425 2496 1654 2535 violentas
1684 2494 1834 2546 injice—

213 2582 286 2615 re,
310 2580 503 2621 eamque
524 2567 661 2607 morti
682 2567 866 2606 tradere
889 2567 1079 2617 optabat
1100 2572 1143 2606 et
1170 2566 1388 2616 curabat,
1421 2566 1558 2617 idque
1589 2565 1833 2615 immerito,

211 2639 586 2691 quandoquidem
606 2637 769 2677 eodem
791 2637 996 2687 crimine,
1021 2648 1111 2687 quo
1133 2635 1364 2687 Susanna,
1388 2649 1415 2676 a
1431 2635 1664 2687 judicibus
1685 2637 1832 2687 perni-

211 2711 349 2750 ciosis
370 2709 626 2758 deferebat,
657 2714 701 2748 et
724 2707 862 2758 (quod
883 2707 1123 2746 scelestius
1145 2713 1234 2757 est,
1259 2706 1472 2758 quodque
1493 2713 1600 2747 tunc
1631 2718 1727 2747 non
1758 2707 1832 2746 ad-

210 2781 434 2834 vertebat.
455 2780 679 2819 scelestus
707 2777 819 2834 ipse)
851 2789 940 2828 quo
972 2778 1164 2828 ipsemet
1192 2776 1482 2817 detinebatur
1518 2783 1561 2816 et
1593 2777 1834 2828 hucusque

261 2938 270 2957 ¹
310 2945 412 2970 supra
429 2938 594 2963 dictarum
609 2936 839 2970 peccatricum
857 2937 1027 2962 tenebras.
