1987 3260
857 200 936 237 Ax.
969 200 1053 237 1551
1696 202 1768 240 339

137 296 276 346 dum,
300 295 421 347 quod
444 296 489 335 in
510 296 597 335 hoc
620 308 809 335 carcere
827 328 833 345 ,
854 295 987 346 juxta
1010 295 1284 336 delictorum
1306 294 1504 336 formam
1526 297 1672 337 vincti
1700 309 1766 337 se-

141 374 383 420 parantur.
416 366 575 417 Itaquc
610 367 809 417 primam
844 366 1220 406 exhortationem
1252 366 1342 406 tria
1377 366 1468 406 alia
1503 367 1767 408 vinctorum

144 448 319 489 genera
351 449 441 477 non
470 437 736 487 audierunt,
761 437 842 477 sed
863 448 1024 477 omnes
1047 437 1210 477 eodem
1231 437 1474 477 charitatis
1496 438 1593 478 zelo
1620 439 1767 489 perlu-

143 514 298 549 strans
319 515 363 548 et
386 508 444 547 ad
471 507 815 548 confessionem
843 508 1075 558 hortatus,
1099 507 1221 558 fecit,
1244 519 1328 559 per
1355 507 1442 547 Dei
1463 508 1687 559 gratiam,
1721 515 1769 549 ut

144 590 305 619 omnes
335 579 390 618 de
426 578 632 629 peccatis
661 578 989 618 confiterentur
1029 584 1072 618 et
1111 578 1171 618 ad
1209 578 1557 618 sanctissimum
1596 578 1768 620 Christi

143 660 311 700 corpus
341 649 671 689 assumendum
701 661 750 689 se
778 655 1014 701 pararent.
1037 648 1256 689 Nonnulli
1282 660 1340 688 ex
1366 649 1617 689 Mahometi
1640 655 1767 690 secta

143 720 202 760 ad
223 720 620 760 christianismum
651 720 890 771 conversi,
925 720 1002 771 qui
1032 719 1094 760 ibi
1120 719 1459 769 detinebantur,
1492 720 1633 759 etiam
1662 732 1765 760 con-

142 790 252 831 fessi
272 798 393 840 sunt,
414 791 627 842 quamvis
650 791 975 830 sanctissimae
996 790 1320 830 Eucharistiae
1339 790 1428 830 illis
1448 796 1558 830 tunc
1581 802 1766 831 conces-

141 873 244 902 sum
265 873 357 901 non
378 861 514 901 fuerit
542 867 910 912 sacramentum,
934 867 978 901 et
1008 861 1117 912 quia
1145 860 1203 900 ad
1225 859 1415 912 jubilaei
1441 862 1646 912 gratiam
1671 867 1767 901 tam

142 932 337 972 libenter
372 944 420 972 se
448 933 793 983 disposuerant,
824 931 962 972 Pater
992 932 1145 971 Miron
1172 932 1495 983 eleemosynas
1520 933 1767 972 nonnullas

141 1003 208 1043 eis
225 1003 517 1054 quaerendas
535 1003 731 1053 curavit,
752 1008 801 1042 ut
814 1002 1026 1042 homines
1038 1002 1210 1053 miseri,
1231 1002 1391 1042 diebus
1399 1001 1571 1054 jejunio
1584 1002 1763 1053 dicatis,

142 1073 296 1113 cibum
327 1079 548 1124 caperent
572 1072 596 1113 ¹.
630 1073 790 1124 Itaque
812 1073 859 1112 in
885 1079 1081 1124 utroque
1102 1073 1287 1113 homine
1308 1073 1494 1113 eosdem
1516 1080 1585 1113 est
1607 1085 1766 1114 conso-

141 1146 284 1194 latus;
310 1150 354 1184 et
376 1144 497 1196 quod
518 1144 595 1183 alii
616 1144 747 1183 liberi
765 1144 987 1194 consequi
1007 1155 1099 1183 non
1119 1149 1384 1195 potuerunt,
1408 1144 1567 1184 divina
1583 1145 1768 1185 bonitas

142 1216 269 1255 hisce
290 1215 459 1255 vinctis
481 1214 767 1266 perbenigne
788 1214 1006 1265 providit.
1029 1214 1206 1265 Quibus
1226 1215 1563 1265 reconciliatis,
1592 1215 1664 1255 die
1691 1215 1767 1256 do-

141 1287 313 1326 minica
333 1286 471 1325 Pater
492 1285 644 1325 Miron
665 1297 770 1324 curn
791 1291 991 1336 quatuor
1011 1285 1353 1334 sacerdotibus,
1389 1292 1484 1326 tres
1510 1286 1678 1326 Missas
1705 1286 1767 1327 di-

139 1357 291 1396 versis
312 1356 357 1395 in
379 1356 493 1395 locis
515 1354 528 1373 ‘³
550 1355 843 1405 celebrando,
868 1354 1225 1396 Sanctissimum
1248 1356 1604 1396 Sacramentum
1626 1357 1767 1397 admi-

139 1427 411 1467 nistrarunt.

218 1498 319 1538 Hoc
344 1498 533 1548 negotio
561 1497 773 1537 absoluto
803 1503 1002 1548 quatuor
1030 1497 1192 1537 diebus
1221 1498 1364 1549 (nam,
1390 1498 1569 1539 duobus
1590 1505 1766 1550 postre-

139 1569 241 1619 mis,
265 1569 466 1620 quinque
489 1568 667 1608 ordinis
684 1567 1067 1608 Praedicatorum
1087 1575 1132 1609 et
1154 1569 1245 1609 duo
1268 1569 1312 1610 S.
1337 1570 1580 1610 Francisci
1604 1570 1768 1610 Patres

137 1651 224 1679 nos
252 1639 563 1691 adjuverunt),
588 1640 802 1679 Venimus
823 1639 871 1679 in
898 1640 1231 1680 monasterium
1260 1640 1416 1680 domui
1442 1646 1631 1681 nostrae
1657 1641 1767 1681 vici-

138 1722 264 1761 num,
283 1710 579 1750 Hierusalem
600 1710 787 1760 dictum,
813 1710 891 1750 ubi
911 1710 1049 1750 Pater
1064 1710 1216 1750 Miron
1238 1723 1344 1751 cum
1360 1711 1588 1763 Magistro
1610 1712 1769 1753 Hiero-

139 1793 281 1833 nymo
298 1781 536 1821 Domenec
553 1781 874 1821 confessiones
891 1780 1151 1833 audierant,
1171 1782 1281 1822 dum
1301 1788 1394 1822 tres
1412 1783 1490 1822 alii
1511 1783 1557 1822 in
1579 1794 1768 1823 carcere

141 1852 504 1904 occupabantur.
528 1851 648 1892 Mira
669 1852 892 1892 confluxit
912 1852 1151 1892 hominum
1171 1853 1437 1904 multitudo,
1461 1854 1539 1893 ubi
1567 1854 1769 1905 quinque

140 1921 387 1963 Societatis
425 1922 694 1962 sacerdotes
735 1934 895 1963 eorum
936 1923 1307 1963 confessionibus
1348 1924 1590 1964 audiendis
1629 1935 1768 1964 Vaca-

138 1994 264 2034 bant.
295 1993 344 2034 P.
377 2001 532 2034 tamen
562 1993 714 2034 Miron
749 1994 854 2034 inde
882 2005 1021 2045 saepe
1049 1995 1140 2034 alio
1170 1995 1470 2043 excurrebat,
1500 2002 1548 2035 ut
1575 1994 1767 2046 majoris

140 2065 361 2104 momenti
381 2065 760 2114 necessitatibus,
790 2075 909 2115 quae
941 2065 1270 2115 occurrebant,
1300 2066 1582 2106 subveniret.
1615 2066 1766 2117 Quan-

140 2141 238 2175 tum
257 2147 371 2175 vero
401 2135 748 2175 misericordiae
777 2135 1024 2175 contulerit
1052 2134 1181 2175 Deus
1209 2136 1421 2187 plurimis
1451 2136 1768 2177 confitentium

139 2206 403 2254 animabus,
428 2207 531 2257 plus
554 2206 652 2257 ipse
675 2205 753 2257 qui
774 2205 968 2246 contulit
985 2212 1142 2257 posset
1163 2207 1437 2258 exprimere.
1461 2207 1565 2247 Hoc
1587 2214 1768 2248 tantum

139 2276 306 2327 dicam,
331 2277 511 2327 aliquos
540 2276 796 2316 accessisse
818 2277 896 2327 qui
918 2277 1097 2317 duobus
1124 2278 1279 2328 annis,
1309 2278 1387 2329 qui
1408 2290 1505 2329 sex,
1531 2279 1608 2330 qui
1630 2279 1767 2320 unde-

140 2348 251 2398 cim,
276 2348 353 2399 qui
376 2347 560 2387 demum
582 2347 751 2398 viginti
771 2348 974 2399 quinque
1001 2348 1135 2388 annis
1162 2360 1189 2388 a
1217 2349 1508 2390 confessione
1538 2351 1766 2391 abstinue-

140 2425 262 2459 rant.
293 2418 454 2458 Gloria
481 2419 539 2457 sit
574 2417 689 2468 Deo,
720 2418 949 2458 bonorum
982 2419 1187 2459 omnium
1209 2421 1409 2471 auctori,
1447 2421 1525 2472 qui
1559 2422 1618 2461 ad
1652 2422 1768 2462 haec

141 2489 296 2529 omnia
316 2488 533 2528 Patribus
549 2489 675 2528 Vires
697 2489 929 2529 concessit
951 2490 1093 2529 animi
1109 2496 1154 2530 et
1176 2491 1402 2542 corporis.

221 2559 337 2600 Cum
358 2560 481 2599 enirn
502 2566 781 2611 proventum
801 2560 990 2601 uberem
1011 2561 1057 2600 in
1088 2561 1228 2601 vinea
1258 2562 1448 2602 Domini
1474 2563 1709 2615 viderent,
1741 2578 1768 2604 a

142 2630 300 2681 quinta
322 2630 439 2670 hora
456 2636 561 2681 post
583 2629 782 2670 mediam
802 2637 1001 2682 noctem,
1020 2632 1255 2682 integrum
1272 2633 1394 2672 diem
1410 2645 1556 2685 usque
1578 2635 1637 2675 ad
1656 2637 1768 2676 mul-

142 2706 237 2740 tam
266 2707 464 2749 noctem,
490 2707 534 2740 et
557 2701 806 2752 aliquando
835 2701 893 2741 ad
926 2702 1127 2742 mediam
1147 2714 1313 2754 usque,
1338 2703 1508 2744 Missae
1537 2706 1767 2747 sacrificio

141 2771 418 2821 intermisso,
446 2771 816 2811 confessionibus
839 2773 1085 2824 vacabant,
1112 2779 1156 2813 et
1178 2785 1283 2813 cum
1301 2786 1387 2814 nec
1408 2775 1476 2815 sic
1493 2776 1679 2827 quidem
1694 2778 1768 2818 de-

196 2905 206 2925 ¹
246 2905 400 2940 Intellige
414 2907 812 2941 consentaneum,jnxta
827 2906 1006 2935 Ecclesiae
1018 2908 1269 2942 lege5,J'eJ'mn'o
1281 2909 1396 2936 cibum
1411 2913 1590 2945 caperent,
1601 2912 1655 2946 qui
1666 2920 1766 2948 saepe

142 2957 163 2977 a
179 2952 383 2986 pauperibus
398 2961 461 2980 non
477 2953 576 2980 facile
590 2954 708 2988 parari
724 2957 847 2988 potest.

197 2998 209 3016 ²
248 2998 394 3032 Scilicet,
413 3002 448 3026 in
465 3001 620 3027 diversis
632 3001 728 3027 intra
745 3008 923 3028 carcerem
937 3002 1030 3029 locis.
