1987 3260
901 199 982 236 AN.
1014 199 1101 237 1551
1745 200 1816 237 307

165 298 313 337 ·mine
349 297 394 336 in
421 296 502 336 tali
537 296 734 335 articulo
762 296 1036 336 constituto:
1066 302 1110 335 et
1143 295 1249 334 hinc
1275 295 1450 345 evenit,
1488 300 1535 334 ut
1563 294 1696 346 hujus
1727 296 1814 335 viri

191 379 317 407 mors
340 367 553 406 omnibus
574 377 774 416 magnae
796 366 934 406 fuerit
956 372 999 406 et
1021 365 1318 406 admirationi
1339 372 1382 405 et
1403 364 1731 405 aedificationi.

269 438 494 478 Omnibus
516 436 612 476 fere
634 435 855 476 fratribus
876 437 1049 488 aliquid
1070 447 1253 487 semper
1276 436 1480 476 occurrit
1497 436 1543 475 in
1565 448 1655 487 quo
1679 447 1811 476 occu-

191 514 376 560 pentur;
406 509 485 548 alii
512 509 637 547 enim
664 508 950 548 moribundis
979 507 1227 553 assistunt,
1260 507 1337 546 alii
1367 507 1578 546 inimicos
1607 507 1812 546 reconci-

189 580 303 619 liant
325 586 367 619 et
389 579 434 618 in
456 586 665 618 mutuam
694 578 1068 619 benevolentiam
1096 578 1339 628 reducunt,
1364 584 1619 628 curantque
1641 583 1690 617 ut
1709 588 1812 628 gra-

191 662 271 690 ves
293 650 562 690 inimicitiae
583 657 660 689 aut
682 661 807 690 mors
829 650 955 689 illata
978 649 1315 699 condonentur,
1341 648 1419 688 alii
1442 654 1539 688 tum
1561 648 1686 688 domi
1716 654 1813 688 tum

189 721 301 760 soris
332 722 557 772 proximis
590 722 633 761 in
665 721 982 773 spiritualibus
1011 720 1375 767 communicant,
1409 719 1653 759 consilium
1683 730 1812 770 prae-

191 793 318 838 bent.
345 793 735 832 conscientiarum
761 793 1070 843 inquietantes
1093 792 1336 842 scrupulos
1367 791 1588 841 eximunt,
1614 791 1660 830 in
1694 790 1812 830 aliis-

190 874 278 913 que
322 863 585 914 hujusmodi
630 863 866 903 exercitiis
915 862 1187 913 saepissime
1233 867 1506 911 Versantur,
1550 862 1596 901 in
1648 861 1813 912 quibus

192 934 422 984 omnibus,
447 943 669 985 quantum
693 934 848 973 videre
870 933 990 983 licet,
1015 940 1058 973 et
1080 933 1167 972 Dei
1189 944 1357 972 nomen
1379 933 1611 972 exaltatur
1640 938 1683 971 et
1711 943 1811 982 pro-

195 1005 423 1043 ximorum
445 1006 569 1044 salus
591 1010 905 1055 promovetur.

268 1074 649 1114 Salmanticensis
670 1074 950 1126 Episcopus,
981 1075 1057 1126 qui
1088 1074 1135 1113 in
1162 1074 1534 1125 praesentiarum
1561 1074 1607 1113 in
1635 1074 1723 1113 hac
1754 1074 1810 1113 ci-

191 1146 333 1185 vitate
360 1145 555 1191 residet,
589 1144 637 1184 P.
668 1145 862 1185 Doctori
892 1157 940 1185 se
970 1145 1106 1185 valde
1134 1145 1412 1184 benevolum
1446 1145 1649 1184 ostendit
1679 1145 1811 1195 eique

190 1223 452 1267 promptam
492 1215 742 1255 admodum
782 1216 966 1255 exhibet
1009 1216 1318 1266 voluntatem;
1356 1215 1477 1255 unde
1512 1216 1684 1255 certior
1713 1216 1809 1255 red-

190 1287 314 1326 ditus
335 1286 390 1326 de
412 1286 677 1325 infirmitate
699 1286 935 1336 Doctoris‚
960 1297 1063 1325 eum
1084 1286 1225 1325 invisi
1240 1284 1367 1336 jubet
1385 1298 1468 1326 suo
1486 1287 1686 1337 nomine,
1707 1297 1809 1337 ope-

187 1369 288 1396 ram
320 1362 363 1396 et
400 1356 676 1396 industriam
707 1368 840 1396 suam
871 1356 1206 1396 officiosissime
1235 1356 1468 1407 deferens,
1498 1363 1662 1408 sponte
1691 1358 1810 1397 insu-

187 1439 269 1478 per
290 1427 488 1466 offerens
511 1426 729 1478 quicquid
751 1427 809 1466 ad
830 1425 927 1477 ejus
947 1428 1143 1467 salutem
1165 1427 1454 1467 conducibile
1479 1427 1487 1445 ¹
1512 1427 1808 1478 judicaverit,

187 1498 422 1538 affirmans
443 1498 530 1537 sibi
551 1497 694 1537 veluti
715 1497 965 1548 quamdam
981 1496 1198 1548 injuriam
1218 1498 1476 1548 irrogatam
1493 1499 1562 1549 iri,
1584 1499 1622 1538 si
1639 1498 1813 1539 Doctor

185 1580 321 1608 secus
342 1568 519 1608 fecerit.

273 1639 467 1679 Item-et
499 1639 693 1679 Praetor
728 1639 931 1679 civitatis
961 1645 1099 1690 atque
1134 1638 1451 1679 Cancellarius
1486 1640 1816 1681 Universitatis

185 1710 414 1761 singula-ri
442 1711 643 1761 quodam
671 1722 758 1750 nos
783 1716 1126 1762 prosequuntur
1146 1709 1336 1761 affectu,
1366 1711 1488 1762 quod
1516 1711 1724 1762 profecto
1746 1724 1814 1751 ce-

185 1782 249 1821 dit
276 1781 323 1821 in
352 1792 573 1832 magnam
605 1781 886 1832 reipublicae
916 1781 1183 1821 utilitatem:
1221 1781 1287 1820 sie
1322 1781 1444 1821 enirn
1476 1781 1642 1832 affecti,
1676 1783 1813 1833 longe

184 1852 366 1892 facilius
388 1852 617 1903 recipiunt
640 1857 684 1892 et
705 1852 971 1902 admittunt,
996 1857 1134 1903 atque
1160 1851 1326 1903 majori
1347 1864 1453 1892 cum
1475 1853 1705 1893 desiderio
1737 1865 1812 1893 au-

184 1923 314 1963 diunt
335 1923 373 1962 si
396 1923 504 1974 quid
526 1923 591 1962 eis
613 1923 795 1962 dicatur
817 1929 895 1962 aut
918 1929 1225 1974 proponatur,
1249 1923 1371 1974 quod
1393 1923 1452 1963 ad
1474 1930 1651 1964 rectam
1678 1924 1815 1964 officii

183 1995 255 2034 sui
290 1993 574 2033 functionem
609 1999 804 2045 spectat.
841 1993 1035 2033 Plurimi
1066 1993 1143 2032 alii
1179 1994 1448 2033 sacerdotes
1475 2000 1518 2033 et
1545 1995 1814 2034 scholastici

183 2071 280 2104 tum
301 2064 475 2115 ingenii
503 2064 647 2114 (sic),
677 2071 774 2104 tum
803 2075 983 2103 morum
1007 2064 1239 2114 probitate
1269 2071 1581 2115 praestantes,
1613 2065 1703 2105 dici
1732 2066 1814 2105 vix

182 2142 336 2187 potest
371 2142 655 2186 quantopere
684 2135 944 2174 afficiantur
978 2146 1091 2185 erga
1128 2135 1388 2175 institutum
1424 2141 1467 2175 et
1502 2136 1694 2176 vivendi
1729 2136 1811 2176 for-

184 2217 307 2245 mam
327 2205 573 2245 Societatis
600 2211 809 2256 nostrae,
840 2216 1038 2256 quorum
1064 2206 1296 2245 nonnullis
1324 2217 1469 2257 usque
1500 2207 1616 2247 adeo
1644 2208 1810 2258 placet,

184 2283 232 2316 ut
254 2277 294 2316 ei
316 2288 508 2327 prorsus
533 2276 687 2316 addici
710 2276 992 2316 desiderent.

264 2347 441 2387 Horum
464 2346 553 2386 duo
587 2359 612 2386 a
639 2346 794 2387 multis
824 2347 985 2387 diebus
1011 2347 1205 2387 admissi
1232 2354 1338 2387 sunt
1369 2348 1415 2388 in
1445 2360 1688 2389 numerum
1724 2349 1813 2389 fra-

184 2425 305 2457 trum
327 2423 608 2467 nostrorum,
641 2418 769 2469 prius
798 2424 954 2458 tamen
975 2419 1203 2469 susceptis
1224 2419 1482 2470 exercitiis3
1504 2425 1690 2471 praeter
1711 2420 1811 2470 hos,

183 2488 261 2528 alii
282 2488 370 2528 duo
393 2494 499 2528 sunt
521 2489 658 2528 etiam
682 2488 969 2539 sacerdotes,
990 2488 1264 2540 jamdudum
1285 2488 1513 2530 Societati
1534 2491 1719 2531 omnino
1742 2490 1813 2530 de-

184 2559 342 2609 dicati,
366 2559 572 2599 nondum
595 2566 749 2598 tamen
772 2559 1014 2599 nobiscum
1036 2560 1233 2611 degunt:
1256 2561 1385 2612 prius
1414 2561 1536 2601 enim
1559 2557 1815 2612 ‘theologici

184 2630 323 2670 studii
354 2642 542 2670 cursum
569 2641 892 2670 consummare
929 2630 1268 2682 decreverunt;
1305 2632 1704 2672 consummabitur
1739 2644 1813 2672 au·

182 2707 275 2741 tem
297 2707 404 2741 ante
427 2701 525 2741 dies
546 2700 726 2751 viginti,
751 2712 840 2752 quo
861 2701 1086 2752 absoluto,
1112 2702 1272 2742 statim
1294 2702 1353 2742 ad
1374 2715 1459 2742 nos
1487 2703 1693 2743 venient.
1724 2704 1815 2743 Alii

183 2783 364 2823 quoque
390 2771 585 2823 juvenes
612 2771 766 2811 multis
795 2783 849 2811 ac
870 2772 1149 2823 importunis
1176 2773 1395 2824 precibus
1416 2780 1718 2825 rogaverunt,
1744 2786 1811 2814 ro-

182 2849 388 2894 gantque
409 2842 626 2894 quotidie,
651 2848 700 2882 ut
723 2841 1040 2893 admittantur,
1066 2854 1263 2894 quorum
1285 2850 1440 2884 tamen
1460 2844 1670 2896 petitioni
1700 2857 1810 2885 non-

238 3000 246 3019 ¹
286 3000 536 3029 Maximilianus
552 3002 654 3029 habet
672 3003 916 3030 necessarium
934 3005 993 3029 αιιί
1010 3003 1242 3031 conducibile.
