1987 3260
903 160 985 197 ΑΝ.
1019 160 1110 198 1552
1747 166 1810 203 7οῑ

193 255 522 306 :tppellentem,
557 267 661 295 cum
691 257 848 296 nescio
876 257 985 308 quid
1012 258 1163 297 minus
1190 257 1437 298 honestum
1464 259 1658 310 diceret,
1683 259 1815 311 jussu

192 325 481 376 inquisitoris
504 327 548 366 in
572 339 811 368 carcerem
837 328 1149 387 conjecerunt.
1179 329 1315 369 Hunc
1336 329 1473 370 Pater
1499 331 1686 382 saepius
1707 333 1814 371 allo-

188 402 380 447 quutus,
411 404 455 436 et
483 398 527 436 in
557 397 758 438 Domino
787 399 1062 440 adhortatus
1094 401 1452 452 consolatusque
1480 402 1652 452 reperit
1679 414 1814 453 capa-

189 477 291 505 cem
331 479 453 517 csse,
493 469 565 507 cui
601 470 825 510 exercitia
864 471 1100 511 darentur.
1138 472 1292 521 Quare
1314 483 1419 511 cum
1452 478 1497 512 et
1526 473 1655 513 locus
1691 482 1813 514 esset

187 537 489 589 commodus,
527 540 653 579 solus
686 541 808 580 enim
841 548 1029 592 propter
1064 554 1196 582 suam
1231 542 1506 593 dignitatem
1540 549 1584 583 et
1619 544 1678 583 ab
1712 544 1814 584 aliis

185 614 465 659 segregatus
500 610 763 661 tenebatur,
802 613 1011 652 exerceri
1042 625 1070 652 ει
1103 612 1240 653 Patre
1273 613 1444 664 coepit,
1479 614 1811 665 confessusque

184 686 252 718 cst
271 677 368 729 jam
388 682 690 732 generantem
721 682 795 722 cui
822 682 1050 723 Dominus
1079 683 1240 723 favere
1266 684 1485 735 dignatus
1505 692 1595 735 est;
1619 696 1714 725 non
1734 697 1812 737 pa-

186 760 288 788 rum
318 750 440 790 enim
470 751 686 802 profecit,
719 759 858 804 atque
893 753 1015 804 quod
1049 760 1187 794 antea
1222 754 1476 794 maximum
1510 755 1813 796 infortunium

185 832 287 859 esse
311 820 509 861 ducebat
545 830 586 862 et
615 824 1072 874 consanguineorum
1103 825 1321 876 dedecus,
1352 825 1398 865 id
1424 825 1511 865 sibi
1538 825 1595 865 ad
1622 826 1811 866 felicita-

183 897 276 930 tem
298 891 454 931 facere
483 901 527 932 ct
558 894 617 933 ad
645 894 732 934 Dei
759 895 984 934 honorem
1013 901 1057 935 et
1088 896 1271 936 animae
1300 908 1412 936 suae
1439 896 1684 937 utilitatem
1710 908 1812 936 ver-

182 962 309 1011 gisse
332 964 575 1013 cognoscit
599 972 641 1004 et
663 966 876 1005 laetatur.

262 1031 461 1083 Collegii
490 1034 772 1086 aedificium,
805 1037 927 1086 quod
954 1049 980 1076 a
1009 1036 1210 1077 Domino
1242 1039 1479 1078 Cardinali
1513 1039 1679 1078 instrui
1709 1050 1810 1078 coe-

180 1102 266 1152 pit,
290 1103 336 1142 in
358 1103 456 1143 dies
478 1106 661 1145 crescit.
685 1106 913 1146 Existimo
935 1114 1090 1147 tamen
1111 1108 1262 1159 ipsum
1279 1115 1386 1148 ante
1404 1121 1576 1149 annum
1593 1122 1685 1150 non
1708 1110 1809 1149 fore

180 1173 452 1223 perfectum.
481 1174 710 1215 Dominus
732 1177 778 1216 in
799 1178 1042 1218 animabus
1062 1180 1235 1218 nostris
1257 1179 1342 1219 sibi
1363 1180 1521 1220 sedem
1541 1186 1690 1232 paret.

258 1243 410 1284 Tuam
433 1245 804 1287 benedictionem
825 1249 1094 1300 suppliciter
1117 1251 1427 1300 exposcimus.

259 1314 414 1355 Pridie
437 1317 659 1357 calendas
678 1317 787 1369 Julii
812 1318 926 1358 1552.

258 1386 386 1425 Tuus
409 1387 455 1426 in
476 1387 557 1427 X.0
582 1388 701 1428 filius
722 1395 766 1428 et
786 1401 971 1437 servus,

1048 1533 1323 1573 ALPHONsus
1354 1534 1589 1576 BARRETO.

257 1743 634 1794 Superscmptm:
665 1744 782 1784 Pera
805 1757 831 1785 o
852 1757 967 1785 noso
996 1746 1089 1785 mui
1118 1746 1170 1785 R.
1203 1758 1261 1786 en
1289 1746 1374 1787 X.⁰
1405 1746 1575 1795 padre,
1600 1759 1626 1787 o
1654 1747 1803 1787 Padrc

177 1813 350 1853 Mestre
370 1812 574 1865 Ignatio,
597 1814 839 1866 Preposito
855 1817 987 1866 geral
1004 1816 1062 1855 da
1081 1816 1372 1868 Companhia
1389 1818 1444 1857 de
1460 1818 1570 1870 Jesu
1586 1829 1658 1858 em
1675 1819 1801 1868 (sic).

258 1884 330 1924 En
349 1883 512 1924 Roma.

254 1955 314 1993 Et
338 1954 434 1993 alla
458 1967 624 1994 manu:
649 1956 798 2006 Quad.
827 1957 939 1997 1552.
964 1959 1063 1997 sine
1086 1959 1203 1997 loco.

253 2025 315 2064 Et
337 2025 456 2064 alfa:
480 2026 646 2065 Ebora.
