1987 3260
888 187 949 223 Ax
995 186 1084 224 155¹.)
1727 189 1797 226 587

173 282 366 322 vestitus
406 282 595 322 nimiam
634 283 949 333 profusionem
988 285 1107 324 male
1142 284 1406 334 audiebant,
1450 296 1612 324 verum
1653 285 1793 324 etiam

172 359 408 403 tamquam
428 352 711 393 inventrices
733 354 990 405 exquisitae
1016 355 1183 394 harum
1211 354 1584 405 superfluitatum
1615 366 1693 394 ore
1714 367 1793 406 pu-

174 423 293 462 blico
315 422 596 463 ferebantur.

252 492 431 533 Deinde
451 494 524 534 vir
546 495 732 546 quidam
756 496 801 536 in
832 496 1036 536 animum
1064 497 1311 537 induxerat
1341 502 1386 536 et
1406 496 1539 536 firma
1571 496 1794 536 delibera-

171 564 294 604 tione
316 565 482 605 mentis
502 571 729 606 statuerat
750 567 964 618 proximo
992 579 1076 607 suo
1098 567 1329 618 insignem
1359 567 1571 618 irrogare
1599 567 1793 617 ignomi-

169 635 308 682 niam,
343 636 421 687 qui
448 636 556 675 dum
585 637 672 676 hac
708 637 1068 688 quadragesima
1103 638 1182 678 uni
1217 650 1275 678 ex
1308 638 1610 678 concionibus
1641 637 1794 677 Patris

169 705 404 756 Baptistae
439 706 703 757 interesset,
743 714 871 748 tanta
907 708 1154 749 devotione
1187 714 1231 748 et
1266 708 1409 748 animi
1444 707 1604 748 dolore
1639 708 1791 748 subito

164 775 359 816 affectus
380 783 448 816 est
471 784 519 817 ut
542 789 726 818 omnem
747 790 993 819 rancorem
1014 786 1058 819 et
1080 780 1237 820 odium
1256 785 1535 831 conceptum
1552 791 1607 819 ac
1624 779 1794 818 mentis

166 858 363 897 pravam
385 848 687 888 intentionem
709 849 830 889 illico
852 850 1120 901 deponeret,
1145 851 1395 902 statimque
1416 850 1654 890 inimicum
1677 849 1791 889 adiit

165 904 331 956 et‘cum
349 918 425 958 illo
442 919 488 958 in
504 919 706 969 gratiam
722 919 855 960 rediit
870 931 877 970 ;
895 921 1018 971 quod
1034 921 1341 961 resciscentes
1359 920 1559 961 sacrifici
1576 920 1633 960 D.
1653 920 1789 973 Joan-

166 988 251 1035 nis,
275 989 322 1028 in
343 1000 434 1040 qua
457 989 502 1028 id
524 990 806 1041 contigerat,
834 991 1093 1042 gaudentes
1120 991 1178 1031 ad
1199 1003 1284 1032 nos
1310 997 1539 1032 venerunt
1566 991 1792 1042 nobisque

165 1070 263 1098 rem
288 1071 471 1099 omnem
494 1066 542 1099 ut
562 1066 697 1110 gesta
716 1061 867 1101 fuerat
888 1068 1216 1102 narraverunt.

243 1129 491 1170 Praeterea
514 1131 677 1171 mulier
697 1132 795 1180 fuit,
816 1144 935 1184 quae
952 1145 978 1173 a
996 1134 1139 1173 multo
1161 1140 1369 1185 tempore
1386 1134 1488 1174 viro
1511 1135 1661 1174 alieno
1683 1146 1789 1174 con-

161 1200 332 1240 cubina
366 1200 533 1241 fuerat.
571 1202 715 1252 Haec,
753 1203 911 1243 audito
938 1216 1030 1244 uno
1058 1216 1117 1244 ex
1150 1204 1298 1245 tribus
1325 1205 1634 1256 sermonibus,
1672 1217 1791 1257 quos

160 1270 321 1310 habuit
348 1270 486 1311 Pater
507 1271 717 1323 Baptista
739 1273 795 1313 de
824 1273 1047 1315 Passione
1078 1275 1266 1315 Domini
1289 1276 1336 1315 in
1362 1275 1656 1316 hebdomada
1687 1287 1788 1316 san-

160 1347 250 1391 cta,
274 1348 401 1382 tacta
425 1348 493 1382 est
515 1343 675 1384 dolore
697 1345 853 1384 cordis
874 1345 1170 1395 intrinsecus,
1194 1353 1239 1386 et
1260 1346 1382 1387 facie
1411 1347 1644 1397 unguibus
1671 1347 1789 1387 lace-

160 1419 263 1452 rata
286 1413 542 1464 capitisque
563 1415 795 1455 velamine
816 1414 1042 1466 detracto,
1072 1416 1320 1467 quemdam
1343 1417 1550 1457 vicinum
1578 1424 1790 1458 nostrum

161 1482 296 1532 adiit,
338 1496 441 1524 eum
481 1485 648 1525 obnixe
681 1497 857 1536 rogans
891 1492 940 1526 ut
974 1487 1097 1538 apud
1132 1499 1216 1527 nos
1250 1488 1535 1528 intercessor
1568 1489 1788 1528 existeret

103 1563 106 1565 ·
161 1554 452 1606 efficeretque
472 1562 522 1595 ut
542 1556 681 1596 Pater
708 1556 918 1608 Baptista
940 1557 1085 1609 ipsius
1114 1558 1457 1598 confessionem
1488 1559 1686 1604 audiret:
1711 1571 1788 1610 po-

159 1626 242 1665 tita
264 1626 452 1666 tandem
473 1638 556 1666 suo
587 1626 818 1667 desiderio
840 1628 1056 1668 confessa
1085 1635 1154 1669 est
1177 1628 1365 1681 jamque
1386 1630 1533 1670 vitam
1561 1630 1688 1681 degit
1710 1630 1787 1670 ho-

160 1702 340 1736 nestam
375 1703 418 1736 et
454 1704 649 1748 castam,
689 1699 956 1749 recogitans
991 1711 1139 1739 annos
1175 1700 1360 1751 elapsos
1396 1701 1442 1740 in
1477 1701 1788 1741 amaritudine

162 1767 347 1807 animae
369 1780 496 1808 suae.

238 1838 429 1878 Praeter
449 1839 565 1879 haec
594 1847 828 1880 mercator
856 1841 1045 1892 quidam
1066 1842 1245 1882 solebat
1273 1842 1397 1882 domi
1429 1850 1616 1883 nostrae
1648 1843 1788 1883 confi-

158 1909 244 1948 teri
265 1920 465 1960 suasque
488 1910 678 1961 spiritus
698 1912 1003 1952 necessitates
1024 1918 1069 1952 et
1090 1919 1259 1952 cuncta
1280 1914 1464 1953 animae
1486 1914 1681 1953 consilia
1702 1914 1785 1954 Pa-

158 1980 304 2019 tribus
325 1981 694 2028 communicare;
718 1982 792 2021 hic
813 1982 961 2022 iturus
984 1983 1043 2023 ad
1064 1984 1299 2024 nundinas
1327 1985 1499 2036 oppidi,
1524 1985 1667 2035 vulgo
1689 1984 1786 2024 Vil-

156 2050 279 2090 lalon
300 2051 538 2102 appellati,
572 2064 664 2091 non
690 2053 819 2103 prius
851 2053 936 2093 sibi
964 2053 1299 2095 discedendum
1328 2055 1616 2095 existimavit
1645 2067 1786 2107 quam

155 2133 242 2160 nos
262 2122 573 2172 alloqueretur
604 2134 658 2162 ac
679 2124 784 2162 vale
811 2125 1161 2175 pronunciaret.
1188 2125 1329 2165 Venit
1358 2137 1471 2177 ergo
1501 2126 1688 2166 domum
1708 2138 1786 2166 no-

155 2198 301 2232 stram
328 2193 473 2232 tristis
502 2200 640 2244 atque
667 2194 1107 2246 lachrimabundus,
1141 2196 1355 2246 deplorat
1379 2195 1615 2247 jacturam
1647 2208 1785 2248 quam

155 2274 350 2313 passura
383 2270 482 2303 erat
510 2264 664 2303 anima
693 2275 793 2315 sua,
823 2271 871 2305 ut
898 2265 1066 2317 ajebat,
1090 2279 1148 2307 ex
1171 2267 1384 2308 absentia
1416 2274 1460 2308 et
1487 2269 1785 2319 elongatione

153 2332 482 2374 familiaritatis
505 2342 549 2374 et
571 2336 956 2388 conversationis,
982 2349 1073 2388 qua
1095 2344 1232 2378 antea
1253 2350 1364 2378 usus
1381 2338 1607 2379 hactenus
1629 2339 1784 2380 fuerat

151 2415 257 2443 cum
278 2404 494 2444 Patribus
516 2411 559 2444 et
586 2405 808 2446 fratribus
830 2406 964 2458 hujus
992 2407 1173 2448 domus.
1204 2408 1485 2449 Affirmabat
1515 2410 1706 2461 insuper
1728 2422 1782 2450 ac

149 2475 296 2514 obiter
317 2475 547 2515 referebat
575 2483 748 2526 quanta
779 2477 952 2518 utilitas
983 2490 1218 2530 quamque
1240 2480 1456 2531 copiosus
1485 2480 1665 2520 fructus
1689 2481 1782 2520 ani—

150 2556 331 2585 marum
350 2553 596 2597 appareret
617 2558 676 2587 ex
697 2558 751 2586 eo
774 2554 981 2599 tempore
1004 2561 1092 2600 quo
1113 2550 1304 2590 advenit
1325 2550 1536 2591 Societas
1557 2557 1719 2591 nostra
1737 2552 1783 2591 in

151 2616 272 2655 hanc
299 2617 484 2667 urbem;
516 2618 593 2668 qui
628 2630 923 2670 nequaquam
952 2621 1170 2660 minimus
1202 2621 1343 2672 foret,
1364 2621 1548 2662 dicebat
1572 2623 1660 2672 ille,
1697 2623 1783 2662 etsi

151 2687 302 2726 nullus
331 2688 447 2728 alius
475 2688 661 2739 decerpi
687 2690 836 2740 possit
863 2691 951 2730 nisi
979 2691 1016 2730 is
1048 2703 1183 2743 quem
1213 2692 1368 2732 anima
1390 2693 1536 2743 ipsius
1556 2694 1780 2744 percepit,

150 2769 288 2807 quem
309 2760 539 2808 persensit
567 2766 895 2801 maturescere.

237 2827 306 2868 Ad
325 2829 439 2868 haec
457 2831 627 2880 omnia,
647 2832 854 2871 nonnulli
871 2832 1094 2872 exercitia
1109 2833 1369 2884 spiritualia
1389 2834 1511 2885 apud
1528 2846 1611 2873 nos
1629 2846 1779 2874 susce-

151 2905 332 2947 perunt.
357 2911 554 2950 quorum
577 2907 775 2951 quatuor
796 2902 1036 2942 scholares
1057 2915 1158 2943 sese
1180 2902 1404 2944 Societati
1427 2905 1706 2945 addixerunt
1727 2918 1782 2945 ac

152 2968 396 3017 dederunt;
419 2977 615 3021 suntque
639 2972 684 3010 in
705 2973 1076 3022 praesentiarum
1098 2973 1144 3013 in
1167 2974 1254 3014 hac
1277 2974 1430 3023 domo,
1455 2975 1659 3026 quotidie
1680 2987 1764 3027 pro
