1987 3260
271 194 342 232 338
780 193 1008 230 LITTERAE
1034 203 1392 235 QUADRIMESTRES

271 297 319 331 ut
353 291 540 330 tandem
573 289 819 330 discordiis
851 288 1016 328 modus
1051 288 1216 339 aliquis
1242 288 1570 338 imponeretur,
1603 288 1814 328 omnibus
1843 289 1891 328 in

271 362 468 401 duorum
495 361 733 401 hominum
760 359 1014 411 proborum
1040 358 1252 408 arbitrio,
1282 364 1331 398 ut
1358 369 1445 409 ego
1472 358 1751 409 institeram,
1785 370 1888 398 con—

270 433 455 472 stitutis.

323 586 428 613 Sexta
443 586 531 618 Junii
547 585 664 612 scribit
686 591 788 617 supra
808 586 943 610 centum
963 584 1038 610 loca
1058 582 1221 610 dioecesis
1241 582 1438 610 Mutinensis
1461 582 1689 610 ordinationes
1702 583 1779 610 illas
1793 590 1888 609 acce-

269 635 368 668 pisse,
381 634 420 660 de
435 634 554 668 quibus
566 639 679 666 supra,
691 635 724 658 et
740 631 826 665 quod
842 639 883 658 ex
899 631 1058 658 universa
1074 630 1218 658 dioecesi
1233 633 1329 657 tanto
1348 630 1458 657 studio
1477 633 1510 657 et
1525 630 1659 657 fervore
1677 630 1889 658 concurritur

271 681 312 708 ad
323 680 621 716 praedicationem,
638 682 674 706 ut
689 679 748 706 vix
764 678 952 712 respirandi
969 682 1100 712 tempus
1115 681 1311 712 suppeteret
1328 679 1350 706 ¹.

334 1239 381 1275 P.
402 1239 559 1275 Petrus
578 1238 715 1275 Parra

380 1303 500 1340 Patri
519 1303 686 1350 Ignatio
706 1302 759 1339 de
778 1302 959 1349 Loyola.

428 1367 645 1412 Valentia,
666 1367 689 1403 8
707 1366 823 1413 Junii
844 1367 929 1403 1551
952 1367 977 1403 ⁶³.

1027 1522 1123 1597 IfflS

510 1705 563 1732 Ex
584 1705 709 1732 litteris
724 1705 837 1732 Patris
854 1705 982 1732 Parrae
1000 1712 1040 1732 ex
1057 1704 1199 1739 collegio
1214 1704 1396 1732 Valentiae
1409 1704 1426 1731 8
1440 1704 1528 1737 Junii
1547 1705 1625 1732 1551.

340 1841 505 1881 Gratia
527 1848 571 1881 et
591 1853 707 1892 pax,
731 1848 816 1881 etc.

336 1911 421 1951 His
455 1912 620 1951 litteris
655 1923 709 1951 ea
744 1917 923 1951 tantum
960 1912 1093 1951 brevi
1128 1912 1426 1962 complectar,
1464 1923 1581 1963 quae
1611 1912 1698 1952 Dei
1732 1912 1885 1963 gratia

258 1988 451 2033 operata
472 1988 542 2022 est
570 1982 732 2022 ultima
752 1982 863 2033 Maji
884 1982 1196 2033 hebdomada,
1229 1994 1348 2033 quae
1373 1982 1524 2033 prima
1553 1982 1638 2022 fuit
1659 1988 1763 2034 post
1782 1995 1885 2034 pro-

259 2054 515 2103 mulgatum
533 2052 800 2104 jubilaeum.

337 2123 399 2163 At
420 2123 617 2174 primum
642 2123 828 2174 quidem
848 2123 896 2163 P.
923 2123 980 2163 V.
1014 2123 1132 2163 sciat
1154 2122 1342 2163 Patrem
1363 2123 1640 2174 Magistrum
1660 2124 1887 2164 Mironem

258 2199 351 2233 tres
373 2206 431 2233 eX
451 2194 623 2233 nostris
645 2194 966 2233 sacerdotibus
994 2194 1040 2233 in
1073 2205 1310 2234 carcerem
1339 2193 1678 2235 Gubernatoris
1705 2195 1886 2235 misisse

259 2263 317 2303 ad
343 2264 608 2303 vinctorum
636 2263 952 2304 confessiones
979 2264 1257 2314 audiendas;
1287 2264 1415 2315 prius
1444 2270 1599 2304 tamen
1627 2265 1725 2316 ipse
1755 2277 1808 2305 eo
1837 2277 1886 2305 se

258 2334 519 2373 contulerat
540 2340 583 2374 et
600 2335 734 2374 simul
753 2345 858 2373 cum
876 2334 1200 2374 Gubernatore
1217 2340 1261 2374 et
1277 2334 1532 2375 Assessore
1549 2342 1593 2375 et
1610 2335 1887 2386 quibusdam

258 2403 433 2455 Juratis
450 2410 588 2455 atque
611 2404 702 2444 alia
723 2404 964 2444 hominum
993 2404 1308 2455 multitudine,
1342 2405 1420 2456 qui
1448 2405 1567 2445 forte
1588 2406 1803 2457 aderant,
1827 2405 1886 2446 ad

259 2474 442 2513 vinctos
460 2474 673 2525 (quorum
693 2475 899 2514 maxima
916 2482 1015 2515 erat
1037 2475 1187 2526 copia)
1204 2476 1444 2526 ingressus
1460 2482 1544 2524 est,
1568 2482 1611 2516 et
1632 2482 1759 2516 tanto
1781 2488 1886 2517 cum

262 2544 445 2584 fervore
467 2545 715 2585 durissima
737 2546 911 2596 alioqui
931 2546 1170 2586 hominum
1192 2546 1336 2586 corda
1355 2546 1402 2586 in
1429 2547 1635 2597 peccatis
1664 2547 1884 2597 gravissi-

259 2615 367 2663 mis,
398 2615 457 2655 ad
486 2616 722 2666 lacrymas
749 2621 792 2655 et
822 2616 1156 2666 poenitentiam
1184 2616 1421 2667 emollivit,
1452 2622 1501 2656 ut
1527 2617 1604 2668 qui
1624 2616 1680 2656 de
1697 2615 1886 2667 jubilaei

259 2685 414 2735 gratia
435 2697 530 2724 non
557 2685 883 2736 cogitaverant
913 2686 1119 2737 quidem,
1153 2686 1434 2726 unanimiter
1459 2687 1519 2727 ad
1546 2698 1651 2727 eum
1681 2688 1869 2728 obtinen

260 2755 371 2795 dum
399 2756 492 2795 alta
512 2767 629 2796 voce
661 2755 1001 2796 confessionem
1023 2756 1252 2807 petierint.
1278 2757 1367 2797 Est
1394 2763 1548 2797 autem
1568 2757 1613 2797 id
1645 2757 1868 2798 adverten

318 2888 327 2907 ¹
368 2888 545 2916 Postrema
559 2889 643 2916 haee
657 2890 766 2917 verba
781 2894 857 2917 sunt
873 2889 986 2917 Patris
1001 2890 1160 2918 Polanco.

314 2936 327 2953 ·-’
366 2935 451 2962 Bina
474 2936 595 2962 harum
619 2936 812 2964 litterarum
827 2937 1036 2970 exemplaria
1058 2937 1213 2964 vidimus.
1237 2937 1348 2965 Unum
1372 2938 1485 2966 Patris
1498 2938 1662 2967 Bernardi
1680 2939 1830 2976 Oliverii,
1852 2942 1884 2969 in

266 2982 343 3009 solio
359 2983 410 3009 cui
424 2982 503 3010 olim
518 2990 548 3009 n.
565 2983 626 3017 412,
643 2991 728 3011 nunc
742 2984 786 3016 70;
805 2984 950 3011 alterum
965 2984 1101 3018 ignotae
1118 2992 1236 3012 manus
1248 2984 1281 3011 in
1295 2985 1374 3012 folio
1389 2985 1424 3012 88
1438 2984 1571 3013 Codicis
1585 2987 1662 3015 1551.
