<?xml version="1.0" encoding="UTF-8"?>
<!DOCTYPE html PUBLIC "-//W3C//DTD XHTML 1.0 Transitional//EN"
    "http://www.w3.org/TR/xhtml1/DTD/xhtml1-transitional.dtd">
<html xmlns="http://www.w3.org/1999/xhtml" xml:lang="en" lang="en">
 <head>
  <title>
</title>
<meta http-equiv="Content-Type" content="text/html;charset=utf-8" />
  <meta name='ocr-system' content='tesseract 3.04.00' />
  <meta name='ocr-capabilities' content='ocr_page ocr_carea ocr_par ocr_line ocrx_word'/>
</head>
<body>
  <div class='ocr_page' id='page_1' title='image "./litteraequadrime1301lain_0403.png"; bbox 0 0 1987 3260; ppageno 0'>
   <div class='ocr_carea' id='block_1_1' title="bbox 916 181 1834 220">
    <p class='ocr_par' dir='ltr' id='par_1_1' title="bbox 916 181 1834 220">
     <span class='ocr_line' id='line_1_1' title="bbox 916 181 1834 220; baseline -0.002 0"><span class='ocrx_word' id='word_1_1' title='bbox 916 183 1000 220; x_wconf 71' lang='lat' dir='ltr'>Ax.</span> <span class='ocrx_word' id='word_1_2' title='bbox 1032 183 1118 220; x_wconf 74' lang='lat'>1551</span> <span class='ocrx_word' id='word_1_3' title='bbox 1761 181 1834 219; x_wconf 77' lang='lat'>397</span> 
     </span>
    </p>
   </div>
   <div class='ocr_carea' id='block_1_2' title="bbox 206 278 1838 2029">
    <p class='ocr_par' dir='ltr' id='par_1_2' title="bbox 206 278 1833 744">
     <span class='ocr_line' id='line_1_2' title="bbox 287 278 1830 332; baseline -0.003 -11"><span class='ocrx_word' id='word_1_4' title='bbox 287 280 485 332; x_wconf 82' lang='lat' dir='ltr'>Quidam</span> <span class='ocrx_word' id='word_1_5' title='bbox 501 280 762 331; x_wconf 83' lang='lat' dir='ltr'>religiosus,</span> <span class='ocrx_word' id='word_1_6' title='bbox 783 280 892 320; x_wconf 92' lang='lat' dir='ltr'>olim</span> <span class='ocrx_word' id='word_1_7' title='bbox 912 278 973 320; x_wconf 68' lang='lat' dir='ltr'>§.i</span> <span class='ocrx_word' id='word_1_8' title='bbox 1003 279 1250 330; x_wconf 90' lang='lat' dir='ltr'>Dominici‚</span> <span class='ocrx_word' id='word_1_9' title='bbox 1277 290 1399 318; x_wconf 89' lang='lat' dir='ltr'>nunc</span> <span class='ocrx_word' id='word_1_10' title='bbox 1423 278 1613 318; x_wconf 82' lang='lat' dir='ltr'>alterius</span> <span class='ocrx_word' id='word_1_11' title='bbox 1640 278 1830 329; x_wconf 78' lang='lat' dir='ltr'>ordinis,</span> 
     </span>
     <span class='ocr_line' id='line_1_3' title="bbox 206 348 1832 401; baseline -0.003 -9"><span class='ocrx_word' id='word_1_12' title='bbox 206 352 368 392; x_wconf 85' lang='lat' dir='ltr'>eadem</span> <span class='ocrx_word' id='word_1_13' title='bbox 391 351 590 391; x_wconf 77' lang='lat' dir='ltr'>absolvit</span> <span class='ocrx_word' id='word_1_14' title='bbox 611 351 858 401; x_wconf 79' lang='lat' dir='ltr'>exercitia,</span> <span class='ocrx_word' id='word_1_15' title='bbox 882 362 976 389; x_wconf 89' lang='lat' dir='ltr'>non</span> <span class='ocrx_word' id='word_1_16' title='bbox 999 351 1098 389; x_wconf 92' lang='lat' dir='ltr'>sine</span> <span class='ocrx_word' id='word_1_17' title='bbox 1120 361 1291 400; x_wconf 82' lang='lat' dir='ltr'>magno</span> <span class='ocrx_word' id='word_1_18' title='bbox 1318 348 1470 388; x_wconf 87' lang='lat' dir='ltr'>fructu</span> <span class='ocrx_word' id='word_1_19' title='bbox 1492 354 1535 388; x_wconf 91' lang='lat' dir='ltr'>et</span> <span class='ocrx_word' id='word_1_20' title='bbox 1564 349 1687 388; x_wconf 83' lang='lat' dir='ltr'>vitae</span> <span class='ocrx_word' id='word_1_21' title='bbox 1722 360 1832 388; x_wconf 85' lang='lat' dir='ltr'>suae</span> 
     </span>
     <span class='ocr_line' id='line_1_4' title="bbox 206 419 1832 473; baseline -0.002 -11"><span class='ocrx_word' id='word_1_22' title='bbox 206 422 550 472; x_wconf 77' lang='lat' dir='ltr'>emendatione,</span> <span class='ocrx_word' id='word_1_23' title='bbox 583 428 866 473; x_wconf 86' lang='lat' dir='ltr'>paratusque</span> <span class='ocrx_word' id='word_1_24' title='bbox 894 427 962 460; x_wconf 78' lang='lat' dir='ltr'>est</span> <span class='ocrx_word' id='word_1_25' title='bbox 993 421 1145 461; x_wconf 87' lang='lat' dir='ltr'>redire</span> <span class='ocrx_word' id='word_1_26' title='bbox 1167 419 1225 460; x_wconf 90' lang='lat' dir='ltr'>ad</span> <span class='ocrx_word' id='word_1_27' title='bbox 1255 420 1456 471; x_wconf 86' lang='lat' dir='ltr'>primum</span> <span class='ocrx_word' id='word_1_28' title='bbox 1487 431 1621 459; x_wconf 91' lang='lat' dir='ltr'>suum</span> <span class='ocrx_word' id='word_1_29' title='bbox 1657 419 1832 458; x_wconf 89' lang='lat' dir='ltr'>institu-</span> 
     </span>
     <span class='ocr_line' id='line_1_5' title="bbox 207 490 1833 543; baseline -0.002 -11"><span class='ocrx_word' id='word_1_30' title='bbox 207 501 325 543; x_wconf 90' lang='lat' dir='ltr'>tum,</span> <span class='ocrx_word' id='word_1_31' title='bbox 362 505 388 532; x_wconf 91' lang='lat' dir='ltr'>a</span> <span class='ocrx_word' id='word_1_32' title='bbox 424 504 514 543; x_wconf 83' lang='lat' dir='ltr'>quo</span> <span class='ocrx_word' id='word_1_33' title='bbox 545 504 628 543; x_wconf 83' lang='lat' dir='ltr'>per</span> <span class='ocrx_word' id='word_1_34' title='bbox 662 492 1058 543; x_wconf 74' lang='lat' dir='ltr'>dispensationem</span> <span class='ocrx_word' id='word_1_35' title='bbox 1087 503 1135 531; x_wconf 89' lang='lat' dir='ltr'>se</span> <span class='ocrx_word' id='word_1_36' title='bbox 1163 491 1481 541; x_wconf 71' lang='lat' dir='ltr'>subtraxerat,</span> <span class='ocrx_word' id='word_1_37' title='bbox 1518 490 1655 530; x_wconf 88' lang='lat' dir='ltr'>modo</span> <span class='ocrx_word' id='word_1_38' title='bbox 1690 490 1833 541; x_wconf 83' lang='lat' dir='ltr'>recipi</span> 
     </span>
     <span class='ocr_line' id='line_1_6' title="bbox 207 561 1833 615; baseline -0.002 -12"><span class='ocrx_word' id='word_1_39' title='bbox 207 563 368 615; x_wconf 81' lang='lat' dir='ltr'>possit,</span> <span class='ocrx_word' id='word_1_40' title='bbox 391 563 467 602; x_wconf 84' lang='lat' dir='ltr'>vel</span> <span class='ocrx_word' id='word_1_41' title='bbox 488 563 811 613; x_wconf 83' lang='lat' dir='ltr'>ingressurum</span> <span class='ocrx_word' id='word_1_42' title='bbox 828 561 1139 602; x_wconf 87' lang='lat' dir='ltr'>Carthusiam.</span> <span class='ocrx_word' id='word_1_43' title='bbox 1161 561 1370 601; x_wconf 87' lang='lat' dir='ltr'>Tandem</span> <span class='ocrx_word' id='word_1_44' title='bbox 1387 561 1573 611; x_wconf 82' lang='lat' dir='ltr'>rogavit</span> <span class='ocrx_word' id='word_1_45' title='bbox 1596 561 1766 600; x_wconf 75' lang='lat' dir='ltr'>obnixe</span> <span class='ocrx_word' id='word_1_46' title='bbox 1788 561 1833 599; x_wconf 93' lang='lat' dir='ltr'>in</span> 
     </span>
     <span class='ocr_line' id='line_1_7' title="bbox 207 630 1833 684; baseline -0.002 -11"><span class='ocrx_word' id='word_1_47' title='bbox 207 633 407 674; x_wconf 89' lang='lat' dir='ltr'>Domino</span> <span class='ocrx_word' id='word_1_48' title='bbox 429 639 477 672; x_wconf 93' lang='lat' dir='ltr'>ut</span> <span class='ocrx_word' id='word_1_49' title='bbox 499 631 661 672; x_wconf 87' lang='lat' dir='ltr'>Patres</span> <span class='ocrx_word' id='word_1_50' title='bbox 683 632 738 672; x_wconf 89' lang='lat' dir='ltr'>de</span> <span class='ocrx_word' id='word_1_51' title='bbox 760 632 860 684; x_wconf 91' lang='lat' dir='ltr'>ipso</span> <span class='ocrx_word' id='word_1_52' title='bbox 882 632 1181 683; x_wconf 71' lang='lat' dir='ltr'>disponerent</span> <span class='ocrx_word' id='word_1_53' title='bbox 1209 630 1465 671; x_wconf 86' lang='lat' dir='ltr'>secundum</span> <span class='ocrx_word' id='word_1_54' title='bbox 1491 631 1833 681; x_wconf 82' lang='lat' dir='ltr'>beneplacitum</span> 
     </span>
     <span class='ocr_line' id='line_1_8' title="bbox 207 716 380 744; baseline -0.006 0"><span class='ocrx_word' id='word_1_55' title='bbox 207 716 380 744; x_wconf 81' lang='lat' dir='ltr'>eorum.</span> 
     </span>
    </p>

    <p class='ocr_par' dir='ltr' id='par_1_3' title="bbox 210 772 1836 1108">
     <span class='ocr_line' id='line_1_9' title="bbox 287 772 1835 826; baseline -0.002 -12"><span class='ocrx_word' id='word_1_56' title='bbox 287 775 520 826; x_wconf 80' lang='lat' dir='ltr'>Receptus</span> <span class='ocrx_word' id='word_1_57' title='bbox 548 780 616 814; x_wconf 88' lang='lat' dir='ltr'>cst</span> <span class='ocrx_word' id='word_1_58' title='bbox 645 775 690 814; x_wconf 91' lang='lat' dir='ltr'>in</span> <span class='ocrx_word' id='word_1_59' title='bbox 721 773 1003 814; x_wconf 77' lang='lat' dir='ltr'>Societatem</span> <span class='ocrx_word' id='word_1_60' title='bbox 1030 779 1240 813; x_wconf 84' lang='lat' dir='ltr'>nostram</span> <span class='ocrx_word' id='word_1_61' title='bbox 1269 773 1501 813; x_wconf 86' lang='lat' dir='ltr'>Oliverius</span> <span class='ocrx_word' id='word_1_62' title='bbox 1528 772 1744 822; x_wconf 76' lang='lat' dir='ltr'>Flander,</span> <span class='ocrx_word' id='word_1_63' title='bbox 1779 772 1835 812; x_wconf 89' lang='lat' dir='ltr'>de</span> 
     </span>
     <span class='ocr_line' id='line_1_10' title="bbox 210 843 1834 897; baseline -0.002 -12"><span class='ocrx_word' id='word_1_64' title='bbox 210 857 298 897; x_wconf 84' lang='lat' dir='ltr'>quo</span> <span class='ocrx_word' id='word_1_65' title='bbox 319 844 434 884; x_wconf 86' lang='lat' dir='ltr'>alias</span> <span class='ocrx_word' id='word_1_66' title='bbox 456 845 515 884; x_wconf 85' lang='lat' dir='ltr'>ad</span> <span class='ocrx_word' id='word_1_67' title='bbox 532 857 616 885; x_wconf 69' lang='lat' dir='ltr'>vos</span> <span class='ocrx_word' id='word_1_68' title='bbox 638 845 823 896; x_wconf 79' lang='lat' dir='ltr'>scripsit</span> <span class='ocrx_word' id='word_1_69' title='bbox 840 844 978 884; x_wconf 88' lang='lat' dir='ltr'>Pater</span> <span class='ocrx_word' id='word_1_70' title='bbox 1000 844 1225 894; x_wconf 79' lang='lat' dir='ltr'>Baptista.</span> <span class='ocrx_word' id='word_1_71' title='bbox 1246 843 1288 883; x_wconf 88' lang='lat' dir='ltr'>[s</span> <span class='ocrx_word' id='word_1_72' title='bbox 1309 855 1391 895; x_wconf 90' lang='lat' dir='ltr'>per</span> <span class='ocrx_word' id='word_1_73' title='bbox 1409 854 1583 882; x_wconf 83' lang='lat' dir='ltr'>annum</span> <span class='ocrx_word' id='word_1_74' title='bbox 1599 843 1834 893; x_wconf 77' lang='lat' dir='ltr'>integrum</span> 
     </span>
     <span class='ocr_line' id='line_1_11' title="bbox 212 913 1836 967; baseline -0.002 -11"><span class='ocrx_word' id='word_1_75' title='bbox 212 916 535 967; x_wconf 63' lang='lat' dir='ltr'>perseveravit</span> <span class='ocrx_word' id='word_1_76' title='bbox 556 916 601 955; x_wconf 80' lang='lat' dir='ltr'>in</span> <span class='ocrx_word' id='word_1_77' title='bbox 618 915 707 955; x_wconf 89' lang='lat' dir='ltr'>hac</span> <span class='ocrx_word' id='word_1_78' title='bbox 726 916 962 955; x_wconf 76' lang='lat' dir='ltr'>voluntate</span> <span class='ocrx_word' id='word_1_79' title='bbox 981 926 988 965; x_wconf 86' lang='lat'><strong>;</strong></span> <span class='ocrx_word' id='word_1_80' title='bbox 1007 921 1054 954; x_wconf 91' lang='lat' dir='ltr'>ut</span> <span class='ocrx_word' id='word_1_81' title='bbox 1073 915 1400 954; x_wconf 83' lang='lat' dir='ltr'>honestissima</span> <span class='ocrx_word' id='word_1_82' title='bbox 1422 913 1575 965; x_wconf 89' lang='lat' dir='ltr'>specie</span> <span class='ocrx_word' id='word_1_83' title='bbox 1597 925 1651 953; x_wconf 86' lang='lat' dir='ltr'>ac</span> <span class='ocrx_word' id='word_1_84' title='bbox 1670 913 1836 953; x_wconf 86' lang='lat' dir='ltr'>robore</span> 
     </span>
     <span class='ocr_line' id='line_1_12' title="bbox 214 983 1836 1038; baseline -0.002 -12"><span class='ocrx_word' id='word_1_85' title='bbox 214 986 438 1038; x_wconf 89' lang='lat' dir='ltr'>corporis,</span> <span class='ocrx_word' id='word_1_86' title='bbox 463 988 543 1036; x_wconf 85' lang='lat' dir='ltr'>ita,</span> <span class='ocrx_word' id='word_1_87' title='bbox 563 985 687 1037; x_wconf 87' lang='lat' dir='ltr'>quod</span> <span class='ocrx_word' id='word_1_88' title='bbox 708 986 998 1037; x_wconf 87' lang='lat' dir='ltr'>praeclarius</span> <span class='ocrx_word' id='word_1_89' title='bbox 1019 991 1103 1035; x_wconf 82' lang='lat' dir='ltr'>est,</span> <span class='ocrx_word' id='word_1_90' title='bbox 1128 985 1303 1035; x_wconf 82' lang='lat' dir='ltr'>optima</span> <span class='ocrx_word' id='word_1_91' title='bbox 1332 984 1474 1024; x_wconf 84' lang='lat' dir='ltr'>animi</span> <span class='ocrx_word' id='word_1_92' title='bbox 1494 983 1647 1023; x_wconf 91' lang='lat' dir='ltr'>indole</span> <span class='ocrx_word' id='word_1_93' title='bbox 1679 989 1722 1023; x_wconf 86' lang='lat' dir='ltr'>et</span> <span class='ocrx_word' id='word_1_94' title='bbox 1744 995 1836 1023; x_wconf 89' lang='lat' dir='ltr'>mo-</span> 
     </span>
     <span class='ocr_line' id='line_1_13' title="bbox 214 1057 728 1108; baseline -0.004 -11"><span class='ocrx_word' id='word_1_95' title='bbox 214 1058 361 1098; x_wconf 81' lang='lat' dir='ltr'>destia</span> <span class='ocrx_word' id='word_1_96' title='bbox 383 1057 621 1108; x_wconf 89' lang='lat' dir='ltr'>praeditus</span> <span class='ocrx_word' id='word_1_97' title='bbox 645 1063 728 1096; x_wconf 89' lang='lat' dir='ltr'>est.</span> 
     </span>
    </p>

    <p class='ocr_par' dir='ltr' id='par_1_4' title="bbox 207 1126 1838 1309">
     <span class='ocr_line' id='line_1_14' title="bbox 289 1126 1838 1178; baseline -0.002 -11"><span class='ocrx_word' id='word_1_98' title='bbox 289 1128 340 1167; x_wconf 72' lang='lat' dir='ltr'>ln</span> <span class='ocrx_word' id='word_1_99' title='bbox 369 1128 485 1167; x_wconf 83' lang='lat' dir='ltr'>sesto</span> <span class='ocrx_word' id='word_1_100' title='bbox 520 1127 854 1167; x_wconf 86' lang='lat' dir='ltr'>Penthecostes</span> <span class='ocrx_word' id='word_1_101' title='bbox 884 1132 1162 1178; x_wconf 86' lang='lat' dir='ltr'>receperunt</span> <span class='ocrx_word' id='word_1_102' title='bbox 1193 1138 1219 1166; x_wconf 89' lang='lat' dir='ltr'>a</span> <span class='ocrx_word' id='word_1_103' title='bbox 1240 1126 1457 1166; x_wconf 79' lang='lat' dir='ltr'>Patribus</span> <span class='ocrx_word' id='word_1_104' title='bbox 1492 1131 1838 1165; x_wconf 80' lang='lat' dir='ltr'>sacramentum</span> 
     </span>
     <span class='ocr_line' id='line_1_15' title="bbox 207 1196 1838 1250; baseline -0.002 -12"><span class='ocrx_word' id='word_1_105' title='bbox 207 1199 401 1250; x_wconf 73' lang='lat' dir='ltr'>synaxis</span> <span class='ocrx_word' id='word_1_106' title='bbox 436 1199 621 1249; x_wconf 84' lang='lat' dir='ltr'>plurimi</span> <span class='ocrx_word' id='word_1_107' title='bbox 650 1198 933 1247; x_wconf 82' lang='lat' dir='ltr'>scholastici,</span> <span class='ocrx_word' id='word_1_108' title='bbox 965 1198 1252 1249; x_wconf 83' lang='lat' dir='ltr'>singulisque</span> <span class='ocrx_word' id='word_1_109' title='bbox 1280 1196 1442 1236; x_wconf 89' lang='lat' dir='ltr'>diebus</span> <span class='ocrx_word' id='word_1_110' title='bbox 1468 1196 1598 1236; x_wconf 88' lang='lat' dir='ltr'>sestis</span> <span class='ocrx_word' id='word_1_111' title='bbox 1625 1207 1838 1247; x_wconf 86' lang='lat' dir='ltr'>perseve-</span> 
     </span>
     <span class='ocr_line' id='line_1_16' title="bbox 210 1270 481 1309; baseline -0.007 0"><span class='ocrx_word' id='word_1_112' title='bbox 210 1277 315 1309; x_wconf 86' lang='lat' dir='ltr'>rant</span> <span class='ocrx_word' id='word_1_113' title='bbox 336 1270 481 1309; x_wconf 90' lang='lat' dir='ltr'>multi.</span> 
     </span>
    </p>

    <p class='ocr_par' dir='ltr' id='par_1_5' title="bbox 208 1337 1837 1462">
     <span class='ocr_line' id='line_1_17' title="bbox 288 1337 1837 1391; baseline -0.002 -12"><span class='ocrx_word' id='word_1_114' title='bbox 288 1340 432 1380; x_wconf 77' lang='lat' dir='ltr'>Multa</span> <span class='ocrx_word' id='word_1_115' title='bbox 452 1340 543 1379; x_wconf 83' lang='lat' dir='ltr'>alia</span> <span class='ocrx_word' id='word_1_116' title='bbox 560 1340 820 1391; x_wconf 88' lang='lat' dir='ltr'>potuissent</span> <span class='ocrx_word' id='word_1_117' title='bbox 839 1352 865 1379; x_wconf 83' lang='lat' dir='ltr'>a</span> <span class='ocrx_word' id='word_1_118' title='bbox 882 1339 1098 1379; x_wconf 82' lang='lat' dir='ltr'>Patribus</span> <span class='ocrx_word' id='word_1_119' title='bbox 1114 1338 1236 1389; x_wconf 85' lang='lat' dir='ltr'>fieri,</span> <span class='ocrx_word' id='word_1_120' title='bbox 1257 1339 1347 1378; x_wconf 89' lang='lat' dir='ltr'>nisi</span> <span class='ocrx_word' id='word_1_121' title='bbox 1364 1338 1617 1377; x_wconf 86' lang='lat' dir='ltr'>obstitisset</span> <span class='ocrx_word' id='word_1_122' title='bbox 1635 1337 1837 1377; x_wconf 80' lang='lat' dir='ltr'>adversa</span> 
     </span>
     <span class='ocr_line' id='line_1_18' title="bbox 208 1409 1518 1462; baseline -0.003 -11"><span class='ocrx_word' id='word_1_123' title='bbox 208 1411 424 1451; x_wconf 78' lang='lat' dir='ltr'>valetudo</span> <span class='ocrx_word' id='word_1_124' title='bbox 447 1411 601 1451; x_wconf 86' lang='lat' dir='ltr'>Patris</span> <span class='ocrx_word' id='word_1_125' title='bbox 621 1410 877 1462; x_wconf 79' lang='lat' dir='ltr'>Baptistae,</span> <span class='ocrx_word' id='word_1_126' title='bbox 901 1410 947 1449; x_wconf 89' lang='lat' dir='ltr'>in</span> <span class='ocrx_word' id='word_1_127' title='bbox 969 1421 1109 1461; x_wconf 82' lang='lat' dir='ltr'>quam</span> <span class='ocrx_word' id='word_1_128' title='bbox 1130 1410 1317 1460; x_wconf 86' lang='lat' dir='ltr'>saepius</span> <span class='ocrx_word' id='word_1_129' title='bbox 1339 1409 1518 1448; x_wconf 89' lang='lat' dir='ltr'>recidit.</span> 
     </span>
    </p>

    <p class='ocr_par' dir='ltr' id='par_1_6' title="bbox 206 1479 1836 1747">
     <span class='ocr_line' id='line_1_19' title="bbox 286 1479 1832 1529; baseline -0.002 -8"><span class='ocrx_word' id='word_1_130' title='bbox 286 1482 371 1521; x_wconf 90' lang='lat' dir='ltr'>His</span> <span class='ocrx_word' id='word_1_131' title='bbox 392 1481 530 1521; x_wconf 89' lang='lat' dir='ltr'>finem</span> <span class='ocrx_word' id='word_1_132' title='bbox 561 1482 745 1522; x_wconf 88' lang='lat' dir='ltr'>dicendi</span> <span class='ocrx_word' id='word_1_133' title='bbox 778 1482 972 1529; x_wconf 83' lang='lat' dir='ltr'>faciam,</span> <span class='ocrx_word' id='word_1_134' title='bbox 1007 1480 1339 1521; x_wconf 84' lang='lat' dir='ltr'>commendans</span> <span class='ocrx_word' id='word_1_135' title='bbox 1369 1479 1656 1520; x_wconf 81' lang='lat' dir='ltr'>orationibus</span> <span class='ocrx_word' id='word_1_136' title='bbox 1691 1479 1739 1518; x_wconf 81' lang='lat' dir='ltr'>P.</span> <span class='ocrx_word' id='word_1_137' title='bbox 1774 1479 1832 1519; x_wconf 82' lang='lat' dir='ltr'>V.</span> 
     </span>
     <span class='ocr_line' id='line_1_20' title="bbox 206 1549 1836 1604; baseline -0.002 -12"><span class='ocrx_word' id='word_1_138' title='bbox 206 1553 431 1604; x_wconf 86' lang='lat' dir='ltr'>imprimis</span> <span class='ocrx_word' id='word_1_139' title='bbox 458 1553 662 1592; x_wconf 88' lang='lat' dir='ltr'>animam</span> <span class='ocrx_word' id='word_1_140' title='bbox 689 1564 864 1603; x_wconf 80' lang='lat' dir='ltr'>meam,</span> <span class='ocrx_word' id='word_1_141' title='bbox 890 1552 1055 1592; x_wconf 90' lang='lat' dir='ltr'>deinde</span> <span class='ocrx_word' id='word_1_142' title='bbox 1077 1551 1285 1591; x_wconf 89' lang='lat' dir='ltr'>infirmos</span> <span class='ocrx_word' id='word_1_143' title='bbox 1315 1550 1478 1590; x_wconf 78' lang='lat' dir='ltr'>Patres</span> <span class='ocrx_word' id='word_1_144' title='bbox 1502 1562 1557 1590; x_wconf 80' lang='lat' dir='ltr'>ac</span> <span class='ocrx_word' id='word_1_145' title='bbox 1588 1549 1836 1589; x_wconf 83' lang='lat' dir='ltr'>universos</span> 
     </span>
     <span class='ocr_line' id='line_1_21' title="bbox 206 1620 1831 1675; baseline -0.003 -11"><span class='ocrx_word' id='word_1_146' title='bbox 206 1624 391 1673; x_wconf 83' lang='lat' dir='ltr'>fratres,</span> <span class='ocrx_word' id='word_1_147' title='bbox 422 1624 500 1675; x_wconf 84' lang='lat' dir='ltr'>qui</span> <span class='ocrx_word' id='word_1_148' title='bbox 533 1635 695 1663; x_wconf 91' lang='lat' dir='ltr'>omnes</span> <span class='ocrx_word' id='word_1_149' title='bbox 721 1623 857 1663; x_wconf 88' lang='lat' dir='ltr'>simul</span> <span class='ocrx_word' id='word_1_150' title='bbox 887 1623 1174 1674; x_wconf 88' lang='lat' dir='ltr'>complemus</span> <span class='ocrx_word' id='word_1_151' title='bbox 1200 1632 1446 1661; x_wconf 90' lang='lat' dir='ltr'>numerum</span> <span class='ocrx_word' id='word_1_152' title='bbox 1478 1620 1831 1671; x_wconf 83' lang='lat' dir='ltr'>duodenarium,</span> 
     </span>
     <span class='ocr_line' id='line_1_22' title="bbox 207 1694 765 1747; baseline 0 -14"><span class='ocrx_word' id='word_1_153' title='bbox 207 1704 392 1747; x_wconf 87' lang='lat' dir='ltr'>praeter</span> <span class='ocrx_word' id='word_1_154' title='bbox 414 1695 530 1734; x_wconf 92' lang='lat' dir='ltr'>duos</span> <span class='ocrx_word' id='word_1_155' title='bbox 550 1694 765 1734; x_wconf 85' lang='lat' dir='ltr'>famulos.</span> 
     </span>
    </p>

    <p class='ocr_par' dir='ltr' id='par_1_7' title="bbox 207 1762 1835 1877">
     <span class='ocr_line' id='line_1_23' title="bbox 286 1762 1835 1817; baseline -0.004 -11"><span class='ocrx_word' id='word_1_156' title='bbox 286 1766 408 1806; x_wconf 88' lang='lat' dir='ltr'>Bene</span> <span class='ocrx_word' id='word_1_157' title='bbox 429 1766 549 1813; x_wconf 83' lang='lat' dir='ltr'>vale,</span> <span class='ocrx_word' id='word_1_158' title='bbox 574 1765 637 1805; x_wconf 91' lang='lat' dir='ltr'>mi</span> <span class='ocrx_word' id='word_1_159' title='bbox 657 1764 757 1805; x_wconf 52' lang='grc' dir='ltr'>Κᾶρ-</span> <span class='ocrx_word' id='word_1_160' title='bbox 785 1764 834 1804; x_wconf 86' lang='grc' dir='ltr'>Ρ.</span> <span class='ocrx_word' id='word_1_161' title='bbox 858 1765 904 1804; x_wconf 92' lang='lat' dir='ltr'>in</span> <span class='ocrx_word' id='word_1_162' title='bbox 925 1764 1046 1804; x_wconf 91' lang='lat' dir='ltr'>Dno.</span> <span class='ocrx_word' id='word_1_163' title='bbox 1069 1764 1194 1817; x_wconf 80' lang='lat' dir='ltr'>Jesu,</span> <span class='ocrx_word' id='word_1_164' title='bbox 1220 1775 1356 1814; x_wconf 89' lang='lat' dir='ltr'>quem</span> <span class='ocrx_word' id='word_1_165' title='bbox 1383 1774 1607 1813; x_wconf 83' lang='lat' dir='ltr'>rogamus</span> <span class='ocrx_word' id='word_1_166' title='bbox 1628 1768 1676 1801; x_wconf 89' lang='lat' dir='ltr'>ut</span> <span class='ocrx_word' id='word_1_167' title='bbox 1697 1769 1740 1801; x_wconf 87' lang='lat' dir='ltr'>te</span> <span class='ocrx_word' id='word_1_168' title='bbox 1758 1762 1835 1801; x_wconf 89' lang='lat' dir='ltr'>diu</span> 
     </span>
     <span class='ocr_line' id='line_1_24' title="bbox 207 1838 676 1877; baseline 0 -1"><span class='ocrx_word' id='word_1_169' title='bbox 207 1838 486 1877; x_wconf 90' lang='lat' dir='ltr'>incolumem</span> <span class='ocrx_word' id='word_1_170' title='bbox 506 1842 676 1876; x_wconf 86' lang='lat' dir='ltr'>servet.</span> 
     </span>
    </p>

    <p class='ocr_par' dir='ltr' id='par_1_8' title="bbox 283 1905 1072 1958">
     <span class='ocr_line' id='line_1_25' title="bbox 283 1905 1072 1958; baseline -0.004 -11"><span class='ocrx_word' id='word_1_171' title='bbox 283 1908 510 1956; x_wconf 88' lang='lat' dir='ltr'>Lutetiae,</span> <span class='ocrx_word' id='word_1_172' title='bbox 534 1907 625 1946; x_wconf 84' lang='lat' dir='ltr'>kal.</span> <span class='ocrx_word' id='word_1_173' title='bbox 649 1905 933 1958; x_wconf 88' lang='lat' dir='ltr'>Septembris</span> <span class='ocrx_word' id='word_1_174' title='bbox 959 1905 1072 1945; x_wconf 79' lang='lat'>1551.</span> 
     </span>
    </p>

    <p class='ocr_par' dir='ltr' id='par_1_9' title="bbox 285 1975 1205 2029">
     <span class='ocr_line' id='line_1_26' title="bbox 285 1975 1205 2029; baseline -0.003 -11"><span class='ocrx_word' id='word_1_175' title='bbox 285 1979 411 2018; x_wconf 90' lang='lat' dir='ltr'>Tuus</span> <span class='ocrx_word' id='word_1_176' title='bbox 434 1978 479 2017; x_wconf 89' lang='lat' dir='ltr'>in</span> <span class='ocrx_word' id='word_1_177' title='bbox 500 1978 621 2029; x_wconf 88' lang='lat' dir='ltr'>Xpo.</span> <span class='ocrx_word' id='word_1_178' title='bbox 647 1976 1051 2017; x_wconf 87' lang='lat' dir='ltr'>obedientissimus</span> <span class='ocrx_word' id='word_1_179' title='bbox 1072 1975 1205 2025; x_wconf 91' lang='lat' dir='ltr'>filius,</span> 
     </span>
    </p>
   </div>
   <div class='ocr_carea' id='block_1_3' title="bbox 1009 2116 1616 2157">
    <p class='ocr_par' dir='ltr' id='par_1_10' title="bbox 1009 2116 1616 2157">
     <span class='ocr_line' id='line_1_27' title="bbox 1009 2116 1616 2157; baseline -0.003 0"><span class='ocrx_word' id='word_1_180' title='bbox 1009 2117 1255 2157; x_wconf 80' lang='lat' dir='ltr'>ROBERTUS</span> <span class='ocrx_word' id='word_1_181' title='bbox 1285 2116 1616 2157; x_wconf 66' lang='lat' dir='ltr'>CLAYSSONIL‘S.</span> 
     </span>
    </p>
   </div>
  </div>
 </body>
</html>
