1987 3260
223 206 293 243 456
734 209 954 245 Limisa-xis
981 221 1333 252 QUADRlMEsrREs

974 660 1106 713 CXI

294 883 450 920 Petrus
472 884 720 922 Scorichius

342 949 460 986 Patri
479 949 646 996 Ignatio
666 951 718 988 de
738 952 918 999 Loyola.

388 1013 570 1061 Vienna,
592 1015 638 1052 29
656 1016 912 1053 Decembris
934 1018 1018 1054 1551
1042 1018 1051 1037 ¹

980 1191 1084 1279 Jffis

300 1364 399 1404 Rde
421 1366 465 1405 in
488 1366 672 1407 Christo
694 1369 1208 1420 observandissimeque
1229 1369 1389 1409 Pater:

301 1435 463 1476 Gratia
485 1443 529 1477 et
550 1449 642 1488 pax
658 1439 847 1479 Domini
867 1439 1024 1479 Nostri
1044 1439 1155 1492 Jesu
1175 1440 1249 1480 X.i
1278 1440 1335 1479 sit
1352 1452 1406 1479 ac
1429 1445 1610 1479 crescat
1627 1440 1673 1478 in
1695 1439 1838 1478 cordi-

222 1507 305 1546 bus
326 1509 499 1548 nostris
521 1521 717 1561 semper.
741 1510 906 1550 Amen.

296 1578 460 1630 Jussus
481 1580 540 1619 ad
561 1579 699 1619 Rdam
727 1580 1062 1621 Paternitatem
1084 1581 1143 1621 V.
1165 1594 1219 1621 ea
1240 1582 1458 1631 scribere,
1482 1592 1601 1631 quae
1617 1580 1717 1619 istis
1734 1591 1839 1631 qua-

222 1654 325 1688 tuor
345 1650 581 1689 mensibus
601 1651 812 1701 proxime
835 1652 1005 1702 elapsis
1026 1663 1107 1702 per
1139 1651 1260 1691 R.<³0S
1280 1651 1443 1691 Patres
1472 1658 1515 1690 et
1543 1650 1842 1690 charissimos

220 1719 388 1759 fratres
404 1726 590 1760 nostros
612 1720 699 1760 Dei
719 1722 873 1772 gratia
895 1722 969 1761 hic
991 1728 1096 1761 sunt
1116 1728 1265 1773 gesta,
1292 1722 1397 1761 licet
1419 1721 1537 1761 alios
1558 1721 1616 1761 ad
1638 1721 1683 1760 id
1703 1721 1842 1770 longe

220 1790 422 1841 aptiores
445 1790 653 1830 viderem
674 1792 721 1831 in
742 1792 828 1831 hoc
849 1793 1066 1843 collegio,
1090 1792 1348 1843 parendum
1370 1797 1525 1831 tamen
1546 1803 1647 1831 esse
1667 1791 1837 1842 potius,

218 1873 357 1911 quam
381 1862 684 1901 excusatione
706 1862 750 1901 in
773 1863 913 1902 alium
936 1863 1023 1902 hoc
1040 1863 1245 1902 muneris
1266 1862 1639 1902 transferendum
1656 1861 1831 1912 putavi.

218 1931 370 1982 Atque
392 1938 441 1971 ut
461 1932 568 1972 hinc
598 1933 832 1984 incipiam,
857 1933 978 1973 R.dus
1005 1933 1054 1973 P.
1079 1933 1313 1983 Claudius,
1344 1939 1393 1973 ut
1414 1939 1483 1972 est
1513 1933 1559 1972 in
1580 1931 1837 1972 tractandis

218 2002 455 2042 hominum
476 2003 642 2042 animis
663 2004 831 2043 mirum
850 2004 896 2043 in
917 2004 1105 2044 modum
1125 2004 1235 2043 felix
1256 2010 1300 2043 et
1323 2004 1499 2051 dexter,
1525 2002 1772 2054 quemdam
1794 2002 1839 2041 in

216 2074 304 2113 hac
331 2073 647 2114 Universitate
678 2075 837 2125 magni
864 2075 1065 2114 nominis
1093 2081 1230 2125 atque
1257 2074 1530 2114 eruditionis
1558 2074 1733 2123 virum,
1764 2072 1841 2124 qui

220 2145 275 2184 ob
305 2145 482 2185 illatam
512 2145 746 2196 injuriam,
778 2146 825 2185 in
856 2146 1195 2196 adversarium,
1232 2145 1301 2185 ira
1330 2144 1548 2196 percitus,
1588 2143 1841 2183 vindictam

224 2227 405 2255 sumere
427 2216 728 2266 pertinaciter
749 2216 1054 2265 decrevisset,
1079 2221 1121 2256 et
1138 2215 1421 2256 invectivam
1438 2226 1619 2266 quoque
1635 2219 1837 2265 pararet,

220 2285 305 2325 Dei
331 2286 485 2336 gratia
518 2298 611 2325 non
639 2288 786 2326 solum
817 2287 1036 2337 placavit,
1066 2298 1226 2326 verum
1261 2286 1399 2326 etiam
1427 2297 1481 2325 eo
1508 2284 1744 2336 perduxit,
1774 2290 1837 2334 ut,

220 2356 483 2396 condonata
513 2357 707 2396 libenter
729 2357 853 2396 omni
876 2356 1068 2407 offensa,
1093 2356 1433 2396 confessionem
1454 2360 1756 2407 peccatorum
1776 2353 1838 2392 fa-

223 2432 360 2477 ceret,
385 2427 771 2478 sanctissimoque
792 2428 1115 2467 Eucharistiae
1137 2432 1431 2467 sacramento
1451 2426 1617 2466 devote
1640 2436 1838 2465 commu-

221 2497 411 2537 nicaret.
436 2497 561 2536 Idem
585 2497 706 2536 Rdus
728 2497 796 2547 P.y
821 2498 1037 2548 quamvis
1054 2498 1155 2537 aliis
1171 2497 1466 2548 gravissimis
1482 2496 1685 2546 negotiis
1701 2495 1837 2545 pluri-

223 2579 347 2607 mum
369 2574 635 2618 occupetur,
659 2568 867 2608 solicitus
888 2574 1042 2608 tamen
1065 2573 1148 2618 est,
1172 2573 1221 2607 ut
1243 2567 1563 2608 adolescentes
1578 2565 1837 2617 provincia-

221 2640 303 2689 les,
327 2650 463 2678 sacro
485 2638 749 2689 theologiae
771 2638 921 2678 studio
945 2638 1158 2688 dedicati,
1184 2638 1242 2678 ad
1262 2638 1483 2689 pietatem
1511 2636 1755 2687 diligenter
1775 2635 1838 2674 in—

223 2709 485 2748 stituantur.
507 2708 647 2760 Cujus
668 2709 735 2749 rei
755 2710 909 2759 gratia
931 2721 1069 2760 saepe
1090 2720 1195 2749 cum
1216 2709 1421 2759 ipsorum
1442 2705 1837 2758 praeceptoribus,

226 2781 294 2818 vel
323 2779 572 2830 praefectis
594 2780 659 2829 (ut
687 2780 897 2829 vocant),
922 2779 1174 2819 consultat:
1204 2779 1327 2830 ipsos
1357 2778 1497 2818 etiam
1525 2777 1841 2816 adolescentes

280 2961 287 2980 ¹
328 2961 412 2988 Bina
426 2960 521 2988 nobis
536 2966 611 2987 sunt
628 2962 748 2989 harum
763 2961 957 2988 litterarum
972 2960 1181 2994 apographa;
1198 2961 1300 2987 alium
1323 2961 1354 2986 in
1375 2959 1495 2986 Codice
1520 2959 1596 2991 1551,
1620 2959 1675 2985 fol.
1701 2958 1733 2984 15
1747 2962 1779 2984 et
1796 2958 1839 2990 lo;

225 3009 327 3035 alium
343 3009 374 3035 in
393 3008 549 3035 Historia
562 3009 677 3040 varia,
691 3009 757 3036 vol.
775 3016 793 3041 1,
810 3008 866 3036 fol.
882 3008 942 3042 240,
958 3008 1006 3034 ‘241
1023 3012 1055 3034 et
1069 3007 1129 3035 242.
