1987 3260
261 170 332 206 63ss
774 166 997 202 LITTERAE
1025 176 1107 205 QUA
1116 176 1381 202 onimsssrnsss

260 264 398 304 nubio
420 264 495 303 vel
515 263 561 303 in
582 262 807 302 coenobio
835 260 1234 310 collocandarum‚
1264 272 1382 311 quae
1409 266 1758 310 convertuntur,
1789 273 1882 300 mu-

260 336 424 374 lierum
444 334 597 384 gratia
618 331 901 382 erogandas,
927 337 971 370 et
990 332 1277 382 peccatrices
1307 330 1419 370 fiunt
1448 331 1507 370 ad
1533 331 1885 381 cognoscendas

261 405 422 445 sordes
445 403 723 444 oculatiores
745 408 788 441 et
809 402 867 440 ad
899 401 1118 441 eluendas
1147 400 1311 440 deinde
1339 401 1552 451 cognitas
1579 400 1881 441 ardentiores.

260 475 362 514 Non
385 474 546 524 paucis
567 473 735 513 abhinc
757 472 939 522 diebus,
964 472 1138 522 aliquot
1159 471 1309 510 adhuc
1330 483 1354 511 e
1375 483 1519 510 coeno
1540 471 1757 522 vitaeque
1789 471 1886 510 libi-

262 545 451 584 dinosae
479 545 572 583 luto
600 543 784 594 penitus
821 549 1126 588 emerserunt,
1158 548 1223 591 et,
1260 542 1457 581 extersis
1491 541 1887 581 immunditiarum

262 626 451 655 suarum
470 614 680 663 maculis,
705 613 863 664 purius
885 619 927 652 et
948 613 1188 652 honestius
1208 613 1334 652 vitae
1355 623 1502 662 genus
1524 613 1776 663 elegerunt.

340 685 413 724 Ad
450 685 565 724 haec
600 684 796 734 singulis
833 684 954 724 idem
988 684 1374 734 quadragesimae
1409 683 1654 722 dominicis
1684 688 1728 722 et
1756 682 1889 722 festis

262 756 436 807 aliquot
463 755 624 794 diebus
659 755 705 794 in
733 755 1017 806 amplissimo
1047 754 1198 794 Divae
1225 754 1507 794 Catharinae
1534 753 1777 803 coenobio,
1808 753 1887 792 ubi

262 826 668 866 numerosissimus
698 832 767 865 est
794 825 1028 875 virginum
1061 825 1356 875 omniumque
1386 824 1608 864 nobilium
1635 824 1883 874 exercitUS,

263 908 380 947 quae
402 896 567 936 miram
588 896 837 947 quamdam
857 896 1077 947 pietatem
1107 895 1343 945 religionis
1372 895 1608 946 divinique
1635 896 1786 935 cultus
1815 906 1896 934 su-v

264 967 551 1017 spiciendum
570 978 683 1018 prae
704 978 752 1006 se
772 966 926 1006 ferunt
946 966 1149 1006 studium
1181 965 1501 1016 [concionatus
1527 964 1634 1016 est];
1667 971 1711 1005 et
1740 976 1887 1016 usque

264 1051 318 1077 eo
339 1038 395 1077 D.
421 1037 662 1077 Michaelis
683 1037 985 1077 concionibus
1005 1036 1265 1076 afficiuntur
1287 1042 1335 1075 ut
1357 1037 1542 1087 saepius
1564 1034 1684 1087 apud
1705 1047 1754 1075 se
1781 1047 1887 1075 con-

265 1109 441 1148 cionari
464 1107 800 1147 ardentissimis
821 1113 1043 1158 exoptent
1064 1107 1320 1156 desideriis3
1344 1107 1468 1146 nulla
1490 1106 1766 1146 concionum
1786 1118 1888 1157 pos-

265 1179 355 1218 sint
377 1179 642 1230 prolixitate
665 1179 851 1228 satiari;
882 1179 983 1227 sed,
1017 1178 1055 1217 si
1084 1178 1270 1229 quando
1298 1176 1355 1216 D.
1388 1177 1587 1216 Michael
1617 1177 1674 1216 ab
1702 1189 1778 1227 eo,
1811 1177 1888 1228 qui

266 1251 511 1290 comitatur
532 1261 656 1299 eum,
682 1256 730 1289 ut
751 1249 933 1289 dicendi
954 1249 1091 1288 finem
1112 1249 1274 1297 faciat,
1299 1260 1404 1288 cum
1426 1248 1595 1287 diutius
1617 1247 1887 1287 concionem

266 1332 398 1361 suam
431 1321 615 1360 videtur
649 1320 959 1371 protraxisse,
997 1325 1330 1367 commonetur,
1361 1319 1406 1358 id
1435 1318 1605 1358 habent
1633 1318 1890 1368 ingratissi-

266 1403 404 1441 mum,
442 1398 485 1431 et
522 1391 579 1431 D.
617 1391 893 1430 Michaelem
928 1395 1225 1440 monuerunt,
1262 1401 1318 1429 ne
1346 1401 1504 1428 secum
1531 1389 1671 1428 talem
1699 1388 1889 1428 duceret

267 1463 464 1513 amplius
492 1462 728 1512 comitem,
760 1461 836 1513 qui
864 1473 968 1501 eum
996 1462 1041 1500 in
1075 1460 1256 1500 dicendi
1283 1460 1470 1500 fervore
1499 1459 1814 1510 interpellaret
1845 1465 1889 1498 et

268 1534 393 1583 ipsas
421 1533 639 1572 audiendi
673 1532 978 1572 delectatione
1014 1532 1234 1582 privaret.
1268 1531 1462 1570 Accedit
1494 1530 1564 1569 his
1592 1529 1780 1569 Domini
1806 1528 1888 1569 Mi-

267 1605 440 1643 chaelis
462 1604 697 1643 laboribus
719 1604 840 1655 quod
862 1603 1026 1643 iisdem
1052 1603 1212 1642 diebus
1233 1603 1278 1641 in
1302 1602 1391 1641 alio
1420 1601 1701 1641 monasterio
1732 1600 1887 1640 mulie-

267 1686 368 1714 rum
396 1675 712 1722 concionatur,
743 1685 860 1725 quae
884 1685 976 1713 non
999 1675 1142 1713 multo
1165 1673 1316 1712 minus
1339 1684 1479 1723 quam
1503 1671 1620 1711 aliae
1643 1671 1892 1711 conciones

268 1745 388 1784 illius
410 1746 765 1795 amplectuntur.
789 1744 884 1783 Alii
904 1744 1072 1783 fratres
1104 1743 1204 1782 aliis
1232 1742 1466 1782 coenobiis
1494 1754 1626 1781 suam
1658 1741 1888 1781 concioni-

268 1817 352 1856 bus
373 1816 600 1855 habendis
621 1827 813 1866 operam
835 1816 1110 1855 detulerunt.

345 1887 647 1926 Reverendus
664 1886 892 1926 Dominus
910 1885 1081 1925 Paulus
1102 1884 1109 1902 ¹
1129 1885 1389 1924 doctrinam
1411 1885 1731 1933 christianam,
1754 1894 1892 1934 quam

267 1958 504 2009 discipulis
544 1958 757 1997 omnibus
792 1957 987 2007 singulis
1026 1956 1186 1995 diebus
1226 1955 1409 1995 veneris
1450 1955 1495 1994 in
1535 1954 1644 1994 Divi
1684 1954 1890 2001 Antonii,

267 2029 540 2068 coeuntibus
559 2034 804 2080 praeterea
825 2027 939 2067 viris
966 2034 1008 2066 et
1038 2026 1305 2066 mulieribus
1337 2024 1497 2065 eodem
1528 2025 1674 2064 solitis
1703 2023 1892 2064 accede-

269 2112 346 2150 re,
386 2098 785 2150 interpretandam
824 2097 1141 2149 superioribus
1176 2096 1339 2136 litteris
1377 2096 1578 2135 diximus
1615 2094 1891 2144 suscepisse,

269 2177 455 2222 propter
478 2170 822 2209 confessionum
842 2169 1009 2208 nimias
1027 2167 1372 2218 occupationes,
1393 2178 1510 2217 quae
1531 2165 1610 2205 Vix
1632 2177 1737 2205 eum
1754 2165 1893 2215 respi-

270 2253 374 2281 rare
410 2241 755 2292 permittebant,
793 2241 881 2280 hac
910 2239 1155 2279 intermisit
1183 2237 1565 2289 quadragesima,
1595 2247 1775 2276 necnon
1804 2235 1894 2286 epi-

270 2314 437 2351 stolam
458 2312 515 2350 ad
536 2312 796 2361 Romanos,
821 2322 961 2361 quam
981 2310 1139 2360 lingua
1163 2309 1428 2358 vernacula,
1455 2308 1500 2347 in
1520 2307 1722 2357 gratiam
1744 2305 1893 2345 rudio-

271 2394 371 2422 rum
400 2383 608 2422 virorum
643 2388 687 2421 et
720 2382 986 2428 mulierum,
1025 2380 1184 2419 diebus
1217 2379 1480 2430 exponebat
1515 2377 1773 2417 dominicis.
1805 2375 1895 2416 Sed

272 2459 514 2504 utramque
535 2453 795 2501 lectionem,
821 2452 997 2491 exactis
1020 2450 1228 2490 Paschae
1250 2449 1399 2497 festis,
1426 2448 1607 2498 eadem,
1631 2459 1722 2499 qua
1743 2446 1895 2498 auspi·

272 2531 402 2563 catus
424 2523 589 2570 fuerat,
615 2523 854 2573 diligentia
874 2522 1104 2573 repetivit.

352 2595 411 2634 Hi
440 2601 566 2644 sunt,
596 2593 694 2633 Rde
723 2592 880 2642 Pater,
910 2599 1175 2632 nostrorum
1203 2592 1406 2640 labores,
1436 2590 1552 2629 haec
1581 2588 1778 2638 semina,
1809 2588 1898 2627 hae

274 2677 462 2715 messes,
495 2677 610 2716 quas
637 2676 879 2715 speramus
910 2663 1090 2703 futuras
1119 2662 1312 2713 posthac
1343 2660 1644 2712 copiosiores,
1675 2659 1714 2699 si
1741 2657 1897 2698 Domi-

277 2748 362 2775 nus
392 2736 556 2776 messis
582 2747 664 2786 per
699 2741 741 2774 te
776 2736 932 2786 plures
963 2734 1200 2784 operarios
1235 2732 1412 2772 miserit
1447 2732 1492 2770 in
1527 2730 1714 2770 Vineam
1749 2739 1896 2777 suam;

274 2819 383 2845 nam
405 2807 568 2845 messis
590 2806 773 2856 quidem
795 2807 953 2851 multa,
979 2804 1180 2855 operarii
1203 2815 1315 2843 vero
1337 2802 1488 2853 pauci.

330 2967 335 2985 ¹
378 2966 500 2992 Paulus
519 2967 545 2992 d·
562 2966 718 2993 Achillis.
