1987 3260
156 240 205 278 58
658 240 885 277 LITTERAE
912 249 1270 282 QUADRIMESTRES

148 336 386 376 Christum
407 336 698 376 subeundum
720 336 816 386 apti
837 336 1007 376 simus?
1028 334 1113 386 At,
1148 347 1206 375 ne
1226 334 1364 375 nimis
1384 334 1689 375 exardescere
1710 335 1774 374 vi*

148 406 278 457 dear,
303 418 409 447 cum
429 407 516 447 sim
536 406 749 457 frigidus,
772 406 832 446 ad
856 418 957 446 rem
976 406 1179 446 redeam.

228 476 434 529 Septimo
455 477 557 517 Kal.
581 477 782 526 Sextilis,
806 489 924 517 unas
941 489 968 516 a
984 477 1212 527 Magistro
1233 476 1421 517 Simone
1440 477 1620 517 litteras
1641 488 1773 516 acce*

146 549 313 600 pimus,
338 548 502 600 quibus
523 552 722 598 quatuor
742 559 801 587 ex
822 547 1044 587 fratribus
1066 547 1336 588 accersebat
1361 552 1410 587 ut
1438 547 1497 587 ad
1517 547 1772 598 Aethiopes

148 619 454 669 mitterentur,
485 619 562 670 qui
588 629 786 669 regnum
806 618 1089 669 Manicongo
1110 618 1333 668 incolunt,
1353 629 1548 669 quorum
1568 618 1775 658 maxima

148 701 259 741 pars
288 698 357 729 est
390 689 640 740 baptizata.
669 688 759 729 Sed
787 700 892 729 cum
919 689 1127 729 nondum
1158 689 1249 728 sint
1278 688 1491 728 doctrina
1521 688 1773 729 christiana

148 760 423 811 confirmati,
452 760 674 811 multique
701 759 927 808 infideles,
956 765 1005 799 ut
1026 760 1085 800 ad
1112 759 1249 799 fidem
1270 759 1443 800 Christi
1469 758 1777 810 deducantur,

146 842 258 882 rege
279 831 547 871 Lusitaniae
563 836 761 882 petente,
784 830 870 871 hos
891 831 1061 871 fratres
1084 830 1132 871 P.
1161 829 1321 870 Simon
1341 830 1580 870 constituit
1596 830 1777 869 mittem

147 902 246 942 dos:
283 901 537 952 Georgium
571 901 694 952 Vaz,
734 901 1120 952 Christophorum
1150 900 1353 951 Ribeiro,
1385 900 1610 953 Jacobum
1640 899 1773 949 Diaz,

147 983 308 1012 omnes
334 971 631 1023 Sacerdotes,
665 978 709 1012 et
735 972 967 1012 Didacum
996 972 1054 1012 do
1081 971 1292 1012 Soveral.
1321 971 1490 1012 Nescio
1517 971 1675 1011 verbis
1701 983 1775 1011 ex·

146 1043 348 1094 primere
377 1054 515 1094 quam
542 1043 616 1082 ille
652 1043 751 1082 dies
781 1043 840 1083 sit
868 1043 1038 1093 dignus
1065 1047 1348 1093 memoratu,
1382 1048 1491 1093 quot
1518 1041 1777 1081 celebratus

147 1113 369 1165 lacrymis
389 1113 588 1154 fratrum
612 1114 864 1164 discessus,
897 1125 991 1153 non
1020 1113 1143 1164 quod
1164 1113 1227 1152 illi
1248 1113 1429 1152 abirent
1451 1112 1532 1152 sed
1550 1111 1673 1163 quod
1690 1112 1778 1163 ipsi

147 1190 391 1224 manerent
411 1196 418 1224 :
454 1184 613 1224 videre
648 1191 747 1224 erat
781 1184 962 1224 fervida
999 1184 1214 1235 suspiria,
1252 1184 1450 1235 denique
1486 1183 1779 1223 alacritatem

148 1254 430 1294 abeuntium.
465 1254 584 1305 Quid
612 1256 778 1306 plura?‚
808 1256 973 1305 multa,
1004 1266 1121 1305 quae
1148 1254 1222 1294 hic
1257 1254 1552 1304 contigerunt
1584 1253 1776 1304 aliisque

146 1325 195 1364 in
208 1325 337 1375 locis,
357 1325 565 1364 nonnulli
580 1325 750 1365 fratres
765 1326 905 1365 latius
922 1331 1144 1365 enarrant
1165 1336 1247 1375 per
1263 1324 1456 1374 litteras;
1474 1324 1651 1364 idcirco
1669 1326 1777 1363 nolo

148 1407 251 1436 esse
277 1396 462 1447 longior
494 1408 580 1436 nec
607 1402 788 1447 tempus
822 1396 881 1436 ad
908 1396 996 1435 hoc
1026 1396 1138 1435 mihi
1162 1395 1445 1435 conceditur.
1476 1395 1605 1434 Haec
1635 1395 1776 1434 latine

148 1466 314 1517 scripsi
349 1467 443 1506 stili
474 1466 723 1507 exercendi
758 1467 941 1517 gratia:
970 1466 1057 1506 hoc
1086 1467 1208 1505 enim
1236 1471 1415 1506 tantum
1443 1465 1779 1516 grammaticos

150 1537 297 1577 decet.

226 1607 297 1647 De
317 1614 478 1648 nostro
500 1609 696 1659 collegio
713 1609 825 1648 nihil
847 1614 916 1648 est
938 1608 1059 1659 quod
1080 1608 1282 1647 scribam
1302 1613 1633 1659 praeterquam
1654 1608 1777 1658 quod

148 1689 284 1718 nemo
302 1685 371 1718 est
390 1680 467 1730 qui
486 1691 621 1730 opem
636 1679 770 1719 ferat.
789 1679 906 1718 Fere
925 1690 1085 1718 omnes
1103 1679 1334 1718 obsistunt
1351 1682 1611 1728 magnates,
1638 1688 1778 1728 penes

149 1759 266 1799 quos
286 1756 355 1789 est
375 1750 589 1800 pecunia,
615 1750 862 1789 consilium
883 1756 925 1788 et
948 1749 1038 1788 alia
1064 1748 1340 1799 hujusmodi.
1364 1747 1465 1787 Rex
1487 1754 1643 1787 tamen
1659 1759 1771 1787 sem-

148 1830 231 1870 per
250 1826 407 1859 manet
427 1820 473 1859 in
496 1820 658 1860 officio.
682 1820 827 1871 Atqui
849 1831 1008 1859 omnes
1036 1831 1196 1859 sumus
1224 1820 1271 1859 in
1297 1830 1399 1870 spe,
1424 1819 1530 1858 licet
1550 1819 1776 1869 paulatim

148 1901 204 1929 ac
225 1891 366 1941 lente,
390 1902 506 1947 opus
525 1891 762 1942 procedat.
793 1889 897 1930 Non
918 1891 1039 1930 enim
1061 1890 1107 1929 in
1128 1890 1313 1929 homine
1335 1888 1610 1929 confidimus
1631 1889 1712 1929 sed
1730 1890 1777 1928 in

148 1958 265 2011 Deo,
289 1961 387 2012 qui,
418 1967 466 2001 ut
492 1962 687 2012 animos,
717 1962 783 2001 sic
810 1962 1011 2013 parietes
1046 1960 1324 2000 aedificabit.
1360 1959 1520 2011 Itaque
1557 1960 1777 2010 antiquus

148 2031 296 2071 hostis
331 2044 491 2072 omnes
531 2044 640 2072 suos
675 2038 868 2072 conatus
905 2032 1090 2072 adhibet
1130 2038 1179 2072 ut
1224 2031 1500 2082 temporalia
1534 2030 1770 2082 impediat,

149 2103 333 2154 quando
355 2103 616 2154 spiritualia
636 2104 789 2143 minus
810 2104 955 2151 valet;
979 2114 1127 2154 neque
1154 2101 1263 2142 dum
1289 2102 1403 2142 satis
1431 2107 1674 2142 contentus
1695 2101 1771 2141 ho-

148 2173 348 2213 minibus
370 2174 752 2224 adversantibus,
778 2174 1113 2213 monachorum
1141 2173 1282 2213 etiam
1305 2173 1484 2212 animos
1505 2172 1590 2212 sibi
1611 2171 1772 2212 adver-

147 2255 228 2283 sus
244 2255 331 2283 nos
348 2245 586 2284 concitare
603 2245 814 2294 intentat,
835 2244 915 2284 sed
935 2256 1028 2284 non
1045 2244 1223 2291 efficiet,
1246 2244 1466 2294 quoniam
1486 2244 1524 2282 si
1544 2243 1672 2283 Deus
1688 2254 1777 2292 pro.

148 2314 296 2365 nobis,
322 2315 424 2366 quis
445 2324 608 2355 contra
628 2326 714 2354 nos
737 2313 767 2354 ¹?

228 2385 403 2425 vierao
436 2397 520 2425 nos
542 2397 668 2436 aquy
689 2397 775 2436 por
795 2385 1123 2436 impedimento
1146 2397 1172 2424 a
1189 2384 1280 2424 hua
1302 2384 1504 2425 cisterna
1525 2395 1613 2435 que
1634 2382 1769 2422 fazia-

148 2468 263 2506 mos,
287 2468 373 2506 por
393 2461 524 2507 parte
546 2455 630 2495 dos
652 2455 809 2495 frades
825 2456 880 2495 de
902 2455 1047 2495 Santa
1070 2455 1190 2495 Cruz
1207 2456 1249 2505 (a
1271 2456 1379 2506 qual
1395 2467 1444 2495 se
1464 2454 1538 2494 faz
1554 2466 1612 2494 ao
1631 2455 1771 2505 longo

149 2527 212 2566 do
234 2538 366 2566 muro
387 2538 500 2578 pera
523 2526 681 2566 colher
712 2538 769 2566 en
799 2537 854 2577 sy
874 2537 901 2565 a
922 2537 1065 2577 agoa,
1089 2537 1176 2577 que
1198 2537 1288 2565 ven
1317 2526 1441 2576 polla
1469 2536 1555 2565 rua
1580 2524 1771 2573 dereita)

149 2608 239 2636 con
260 2608 380 2647 pena
402 2596 457 2636 de
479 2596 821 2644 excomunhao;
848 2595 1108 2636 areceando
1130 2608 1183 2635 as
1202 2595 1397 2635 latrinas
1418 2606 1505 2646 que
1527 2605 1576 2633 se
1597 2594 1674 2645 aly
1695 2605 1770 2634 am

149 2666 205 2706 de
228 2666 371 2717 fazer,
402 2678 489 2717 que
514 2666 614 2705 lhes
634 2665 786 2705 fariao
808 2666 883 2705 laa
904 2677 1009 2705 maa
1032 2665 1332 2716 companhia,
1356 2677 1379 2704 e
1401 2665 1469 2703 asi
1491 2676 1517 2703 a
1535 2670 1659 2703 terra
1682 2675 1770 2714 que

149 2742 281 2776 estaa
302 2737 500 2784 lancada
522 2736 577 2776 de
600 2736 703 2775 fora
719 2736 777 2776 do
798 2748 947 2786 muro,
969 2748 1056 2786 que
1074 2736 1281 2775 correria
1297 2747 1385 2774 con
1406 2746 1457 2774 as
1478 2734 1771 2773 enxurradas

152 2819 177 2846 e
198 2807 298 2846 lhes
320 2807 437 2846 saria
460 2807 603 2846 muito
627 2807 763 2846 dano.
789 2806 943 2845 Forao
965 2807 1006 2845 la
1030 2818 1055 2845 o
1078 2805 1226 2845 Padre
1247 2806 1357 2845 Luis
1378 2804 1612 2853 Goncalez
1632 2816 1655 2843 e
1676 2804 1767 2844 Ma-

205 2988 213 3007 ¹
254 2987 433 3021 Hucusque
450 2987 695 3021 grammaticus
711 2988 762 3014 hie
788 2988 820 3014 in
842 2988 1017 3014 scribendo
1032 2987 1135 3014 latine
1151 2994 1185 3014 se
1200 2987 1370 3020 exercuit;
1393 2994 1477 3020 quae
1493 2989 1678 3020 sequuntur
1694 2986 1769 3012 lusi—

147 3038 231 3062 tana
246 3034 335 3061 fecit.
