1987 3260
177 219 247 255 556
697 214 921 250 LITTERAE
947 222 1302 256 QUADmMESTREs

258 313 415 363 Itaque
437 310 679 360 Dominus,
704 309 781 360 qui
798 308 914 347 haec
932 308 990 347 ad
1006 308 1252 347 utilitatem
1271 312 1481 346 nostram
1501 306 1793 357 permiserat,

179 396 249 434 ea,
274 394 378 422 cum
400 382 551 421 visum
572 386 640 420 est
661 378 758 429 ejus
780 378 1115 429 providentiae,
1137 376 1452 427 extinguenda
1474 376 1673 415 curavit.
1696 375 1801 426 Ipse

180 465 266 506 pro
287 464 370 493 sua
392 452 568 491 infinita
596 448 841 490 clementia
863 447 907 487 id
934 448 1196 499 permittat,
1226 447 1350 497 quod
1378 452 1422 486 et
1453 446 1698 485 animabus
1723 457 1801 485 no-

180 524 289 563 stris
301 522 469 563 viderit
482 520 788 572 profuturum,
804 530 1006 569 suaeque
1022 519 1200 569 gloriae
1212 529 1305 557 non
1321 517 1641 566 inconsonum,
1664 522 1804 567 atque

179 593 526 633 similitudinem
566 589 775 630 crucifixi
812 589 1045 640 tantisque
1081 587 1372 628 contumeliis
1409 586 1564 627 affecti
1598 586 1805 626 omnium

181 664 399 703 cordibus
420 662 595 712 infigat.

262 734 402 774 Aliud
423 732 718 773 scribendum
739 743 831 771 non
853 730 1070 780 occurrit,
1094 729 1184 769 nisi
1205 735 1249 768 et
1276 728 1386 768 illud
1416 727 1600 778 addam,
1631 726 1805 766 fratres

180 817 287 844 cum
308 803 555 855 plurimum
577 802 826 842 humilitati
848 800 1067 850 tribuant,
1091 800 1132 839 ei
1155 809 1336 850 quoque
1357 797 1582 849 peculiari
1603 796 1807 848 quodam

182 875 317 914 modo
340 873 539 923 studere,
564 884 618 912 ac
640 885 697 912 ne
724 872 982 912 litterarum
1003 870 1207 910 studium
1235 869 1440 908 animum
1462 869 1626 918 elevet,
1658 867 1706 907 in
1727 868 1805 906 hu-

184 945 366 985 milibus
386 944 537 995 ipsum
558 954 777 982 exercere
799 947 1049 990 conantur3
1069 940 1316 990 Patrisque
1336 938 1567 990 permissu
1596 949 1808 977 nonnun—

184 1027 338 1066 quam,
362 1025 467 1054 cum
489 1025 609 1064 aqua
625 1012 770 1063 deest,
790 1013 877 1064 ipsi
897 1012 1094 1061 fontem,
1114 1010 1191 1062 qui
1208 1011 1254 1049 in
1270 1011 1424 1061 platea
1441 1009 1698 1049 collocatus
1715 1014 1802 1057 est,

184 1091 356 1136 petunt,
395 1095 655 1135 aquamque
691 1084 786 1123 suis
820 1083 1027 1123 humeris
1059 1081 1357 1133 adsportant;
1394 1092 1485 1132 qua
1512 1080 1560 1119 in
1590 1091 1639 1119 re
1666 1079 1809 1119 Pater

184 1155 406 1195 Melchior
428 1154 651 1195 Carneiro
673 1156 747 1194 vel
768 1155 945 1205 primus
967 1159 1050 1203 est,
1073 1159 1123 1193 ut
1145 1152 1467 1201 humilitatem,
1491 1161 1630 1202 quam
1651 1148 1806 1189 subdi-

183 1232 257 1265 tus
292 1225 588 1276 acquisierat,
626 1225 797 1264 Rector
825 1237 917 1264 non
946 1224 1143 1264 amittat.
1176 1222 1404 1262 Dominus
1439 1220 1571 1260 nobis
1601 1219 1809 1270 gratiam

184 1297 426 1346 largiatur,
458 1307 547 1347 quo
577 1295 634 1335 ab
665 1296 765 1346 ipso
796 1295 975 1335 discere
996 1295 1252 1343 valeamus,
1276 1292 1354 1344 qui
1370 1292 1495 1332 mitis
1516 1297 1584 1330 est
1602 1295 1646 1330 et
1664 1289 1806 1330 humi-

184 1368 239 1407 lis
261 1367 425 1417 corde,
450 1367 570 1418 quod
593 1373 640 1406 ut
661 1366 845 1406 facilius
867 1366 1174 1415 obtineamus,
1204 1361 1502 1403 paternitatis
1523 1361 1651 1400 Tuae
1671 1360 1805 1399 bene-

184 1439 436 1479 dictionem
456 1438 690 1478 humiliter
707 1438 1016 1489 deposcimus.

267 1509 485 1549 Calendis
506 1508 674 1559 Martii,
703 1509 841 1548 15520
863 1520 999 1548 anno.

266 1580 442 1619 Inutilis
464 1591 649 1627 servus,

1065 1717 1341 1756 ALPHoNsus
1362 1716 1597 1755 BARRETO.
