1987 3260
239 186 309 222 700
774 184 998 221 LITTERAE
1026 194 1382 226 QUADRIMESTRES

240 281 474 333 plusculos
495 292 599 321 cum
618 281 715 332 jam
734 280 939 330 aluisset,
957 292 1043 320 nec
1056 280 1260 320 animum
1278 279 1536 320 induxisset
1549 281 1607 320 ad
1617 282 1862 322 criminum

239 351 599 401 confessionem,
623 351 730 390 licet
750 350 994 401 aliquoties
1014 350 1061 390 in
1088 350 1343 390 maximum
1367 350 1492 390 vitae
1521 350 1771 391 discrimen
1798 352 1862 391 in-

238 423 482 472 currisset,
508 421 748 461 confessus
768 426 838 461 est
866 421 1055 461 tandem
1086 427 1151 471 et,
1181 421 1371 461 dimissa
1398 421 1555 462 statim
1585 422 1859 471 concubina,

241 493 384 533 vitam
417 491 663 531 emendare
697 490 1040 531 ferventissime
1075 503 1272 531 exorsus
1303 499 1385 532 est.
1419 492 1551 532 Alter
1580 503 1763 544 quoque
1790 492 1863 532 vir

239 562 513 603 eminentior
533 562 800 613 generalem
821 562 928 602 fecit
949 562 1310 610 confessionem,
1335 563 1381 602 in
1403 574 1492 614 qua
1510 562 1656 613 Deus,
1678 568 1863 614 praeter

236 633 496 672 mirabilem
516 632 917 683 longanimitatem
939 639 982 672 et
1006 632 1393 683 misericordiam,
1423 632 1650 683 justitiam
1676 632 1865 684 insuper

240 715 372 743 suam
394 703 705 754 innegabilem
727 704 928 744 ostendit
946 737 953 750 ,
978 716 1067 755 qua
1088 704 1232 744 utitur
1256 703 1487 744 interdum
1507 709 1556 744 ut
1586 709 1741 744 servet
1771 704 1863 743 ani-

239 785 381 823 mam,
406 774 522 814 alias
543 773 599 813 de
620 774 768 813 salute
789 774 977 813 omnino
1000 774 1340 824 periclitantem
1360 806 1367 824 ,
1392 774 1630 825 permissis
1650 774 1866 814 nimirum

238 843 640 895 persecutionibus
675 844 974 885 calumniosis
1013 850 1057 884 et
1097 844 1420 885 afflictionibus
1459 844 1772 896 gravissimis,
1816 851 1865 884 ut

237 916 418 955 scelera
453 915 766 965 detestabilia,
804 914 1070 955 hominibus
1103 916 1307 966 occulta,
1346 915 1524 955 occulte
1551 915 1618 955 sic
1651 915 1863 965 castiget.

238 985 491 1026 Confessus
517 991 586 1025 est
614 986 723 1025 item
749 991 793 1025 et
824 985 962 1035 alius,
996 986 1260 1026 conditione
1288 986 1401 1025 satis
1428 986 1602 1035 clarus,
1636 985 1864 1025 exhausta

237 1056 377 1095 totius
401 1056 529 1096 vitae
550 1055 753 1106 sentina,
776 1061 874 1095 tam
896 1056 1029 1095 foeda
1053 1062 1095 1096 et
1116 1056 1437 1107 abominabili,
1461 1062 1511 1096 ut
1530 1055 1642 1096 nulli
1661 1067 1755 1095 non
1775 1062 1864 1095 sto-

238 1126 405 1166 macho
454 1137 676 1166 nauseam
724 1134 935 1166 moveret
985 1127 1385 1178 molestissimam,
1426 1127 1516 1166 nisi
1560 1126 1866 1166 suavissimus

238 1196 575 1236 emendationis
596 1197 711 1236 odor
734 1208 920 1236 omnem
942 1197 1123 1236 tolleret
1144 1197 1419 1237 molestiam.
1445 1196 1629 1247 Quanta
1654 1196 1794 1237 fuerit
1823 1203 1867 1238 et

238 1267 387 1319 qualis
409 1268 590 1307 sentina
612 1268 690 1307 illa
707 1268 781 1307 vel
804 1268 910 1307 inde
933 1267 1171 1307 aestimari
1187 1273 1357 1319 potest,
1383 1267 1518 1319 quod,
1534 1279 1638 1307 cum
1660 1279 1866 1318 praemo-

237 1339 361 1378 nitus
387 1344 509 1378 esset
538 1343 608 1388 ut,
642 1339 688 1377 in
718 1339 928 1389 peccatis
959 1338 1018 1378 ad
1043 1339 1317 1378 memoriam
1345 1338 1643 1385 revocandis,
1674 1338 1865 1388 libellos,

237 1420 351 1459 quos
380 1415 572 1457 vocant,
604 1408 969 1448 confessionales
1007 1409 1271 1458 adhiberet,
1310 1420 1528 1448 reversus
1553 1415 1623 1448 est
1653 1414 1759 1459 post
1792 1409 1866 1447 tri-

238 1479 392 1529 duum,
415 1479 460 1519 id
482 1491 530 1519 se
553 1491 770 1519 asserens
790 1479 974 1529 fecisse,
999 1479 1079 1519 sed
1103 1480 1350 1519 authorum
1371 1479 1531 1519 talium
1553 1479 1868 1530 ignorantiam

239 1557 407 1590 taxans
429 1558 472 1590 et
496 1551 716 1600 irridens,
742 1551 865 1601 apud
886 1561 1004 1602 quos
1025 1551 1107 1590 vix
1134 1551 1372 1590 minimam
1400 1561 1591 1589 suorum
1619 1549 1867 1589 criminum

237 1621 515 1671 particulam
537 1622 760 1672 scriptam
783 1622 1053 1661 invenisset.
1078 1621 1126 1661 ld
1147 1621 1267 1671 quod
1295 1633 1370 1660 res
1397 1621 1497 1672 ipsa
1529 1620 1864 1671 comprobavit.

235 1691 335 1731 Nec
353 1692 521 1731 mirum
538 1703 665 1741 sane;
683 1704 832 1743 neque
850 1692 970 1731 enim
989 1692 1232 1743 quisquam
1250 1691 1385 1731 facile
1402 1691 1627 1742 potuisset
1645 1691 1690 1730 in
1707 1691 1867 1730 talium

238 1763 572 1813 cogitationem
605 1763 848 1812 devenire,
884 1774 1053 1813 neque,
1084 1762 1121 1801 si
1149 1762 1374 1812 venisset,
1408 1761 1526 1801 forte
1555 1761 1758 1801 scribere
1789 1761 1867 1801 illa

239 1833 486 1873 debuisset.
510 1833 605 1873 Vix
627 1839 751 1873 certe
773 1833 876 1873 visa
898 1845 1102 1884 unquam
1122 1832 1207 1872 suit
1230 1831 1376 1883 major
1398 1832 1532 1871 simul
1554 1838 1597 1871 et
1618 1832 1789 1871 diaboli
1810 1832 1867 1871 ad

238 1904 568 1955 perditionem,
604 1910 647 1943 et
684 1903 772 1943 Dei
809 1903 865 1943 ad
904 1904 1099 1943 salutem
1134 1903 1269 1943 unius
1305 1903 1488 1943 animae
1522 1902 1789 1942 efficaciam.
1827 1902 1868 1942 Is

241 1975 362 2014 enim
385 1980 428 2014 et
452 1974 620 2014 affectu
642 1981 685 2014 et
709 1975 945 2014 intellectu
973 1986 1116 2025 prope
1139 1973 1234 2024 jam
1260 1973 1464 2013 funditus
1491 1974 1744 2024 corruptis,
1775 1974 1869 2024 pul<

241 2046 349 2084 chre
385 2056 466 2095 per
504 2045 716 2084 divinam
748 2045 1118 2084 misericordiam
1148 2044 1442 2084 convaluisse
1468 2044 1666 2091 videtur,
1698 2050 1741 2083 et
1770 2055 1868 2083 coe—

243 2121 367 2165 ptam
390 2115 761 2155 emendationem
784 2115 947 2154 melius
969 2115 1014 2154 in
1035 2114 1132 2154 dies
1153 2126 1445 2165 promovere.

321 2186 670 2226 Matrimonium
708 2186 944 2236 quoddam
980 2185 1288 2225 adulterinum
1323 2184 1381 2225 ad
1410 2185 1664 2235 legitimum
1698 2191 1870 2225 statum

241 2257 485 2296 reductum
507 2263 576 2296 est
593 2290 600 2304 ,
625 2269 718 2296 non
740 2257 837 2296 sine
862 2257 1004 2296 multa
1023 2263 1066 2296 et
1082 2257 1303 2308 perplexa
1321 2256 1625 2307 discussione,
1645 2268 1749 2296 cum
1767 2255 1867 2295 sub-

242 2334 362 2367 esset
398 2328 717 2379 impedimenti
752 2328 891 2367 etiam
925 2333 1216 2367 contractum
1243 2326 1501 2366 dirimentis
1528 2338 1699 2377 magna
1724 2327 1868 2377 suspi-

241 2399 328 2437 cio.
359 2397 585 2448 Pleraque
614 2398 723 2438 item
752 2398 842 2437 alia
872 2398 927 2437 de
962 2397 1256 2437 matrimonio
1292 2397 1428 2437 dubia
1461 2403 1505 2437 et
1534 2397 1740 2449 pericula
1768 2397 1868 2436 sub-

244 2470 334 2508 lata
359 2474 485 2518 sunt,
513 2475 612 2519 aut,
637 2475 685 2508 ut
707 2469 753 2509 in
776 2468 876 2508 Deo
900 2480 1005 2519 spes
1026 2475 1115 2518 est,
1147 2468 1277 2507 brevi
1306 2467 1578 2518 auferenda;
1613 2467 1869 2518 cujusmodi

244 2545 312 2578 est
340 2551 478 2579 casus
506 2539 673 2579 nobilis
700 2537 941 2589 cujusdam
971 2539 1061 2578 viri
1095 2538 1275 2578 externi
1310 2549 1410 2578 sese
1447 2538 1503 2577 ob
1539 2550 1641 2578 eam
1677 2550 1868 2578 causam

243 2609 566 2660 exspectantis
591 2608 598 2627 ¹
623 2616 667 2649 et
690 2609 866 2648 diutino
888 2621 912 2648 a
935 2609 1088 2660 patria
1111 2620 1194 2648 sua
1216 2609 1352 2648 exilio
1374 2609 1653 2649 mulctantis.

266 2701 269 2704 <
324 2679 449 2719 Idem
477 2679 645 2719 accidit
674 2680 908 2719 multoties
939 2685 981 2718 et
1004 2679 1129 2718 circa
1150 2690 1397 2718 usurarum
1419 2690 1556 2718 casus
1582 2691 1726 2731 usque
1755 2680 1870 2720 adeo

247 2750 461 2796 subtiles,
502 2757 551 2789 ut
592 2750 712 2789 inter
745 2761 912 2800 purum
953 2755 996 2789 et
1030 2750 1267 2801 palliatum
1299 2754 1591 2789 contractum
1621 2750 1870 2790 discrimen

247 2830 388 2869 aegre
420 2826 556 2870 queat
592 2819 916 2860 animadverti.
955 2819 1239 2860 Confidimus
1273 2825 1428 2859 tamen
1456 2819 1500 2859 in
1528 2819 1729 2860 Domino
1756 2821 1870 2860 nihil

306 2977 313 2993 ¹
355 2976 558 3004 Atramento
574 2984 711 3004 corrosa
728 2978 865 3010 charta,
881 2979 968 3005 haud
987 2980 1077 3005 clare
1093 2979 1168 3012 quid
1185 2979 1347 3012 scriptum
1363 2977 1464 3004 suerit
1481 2981 1674 3014 percipitur.
