1987 3260
166 210 239 245 572
670 209 891 246 LITTERAE
919 220 1280 252 QUADRIMESTRES

835 656 1131 710 CXXXIV

246 883 288 918 P.
311 882 515 919 Nicolaus
536 881 587 919 de
607 882 763 930 Lanoy

289 947 408 984 Patri
427 946 594 994 ignatio
614 947 667 983 de
687 947 872 994 Loyola.

336 1011 523 1057 Vienna,
545 1012 591 1048 24
612 1012 774 1059 Aprilis
799 1013 889 1050 1552
909 1014 934 1048 ¹.

939 1187 1036 1263 1135

250 1364 411 1404 Gratia
448 1370 492 1404 et
518 1376 611 1415 pax
644 1364 833 1404 Domini
862 1366 1009 1405 nostri
1039 1365 1149 1417 Jesu
1177 1365 1349 1406 Christi
1384 1367 1443 1406 sit
1479 1378 1660 1417 semper
1694 1378 1797 1406 cum

170 1435 386 1475 omnibus
401 1435 550 1475 nobis.
575 1435 740 1475 Amen.

250 1505 472 1545 Kalendis
507 1506 679 1545 mensis
713 1506 825 1557 Maji
860 1518 982 1546 nunc
1011 1507 1376 1557 imminentibus,
1415 1508 1796 1559 praescriptoque

169 1577 302 1616 nobis
324 1583 531 1627 tempore
554 1582 896 1626 commonente,
920 1577 980 1617 ad
1001 1576 1053 1616 R.
1079 1577 1137 1617 V.
1162 1578 1251 1617 visi
1278 1589 1437 1617 sumus
1465 1579 1794 1628 transmittere,

169 1658 288 1697 quae
310 1659 393 1698 pro
415 1647 601 1686 nomine
620 1647 792 1687 Christi
808 1647 1163 1698 animarumque
1181 1649 1343 1699 salute,
1368 1654 1567 1699 quatuor
1583 1648 1679 1700 jam
1700 1648 1796 1689 fere

173 1718 350 1757 exactis
378 1718 613 1757 mensibus
647 1729 730 1768 per
764 1718 927 1757 Patres
960 1718 1241 1769 Fratresque
1276 1724 1464 1758 nostros
1495 1719 1796 1759 charissimos

171 1794 364 1839 peracta
385 1794 513 1839 sunt,
544 1800 661 1839 quae
689 1789 920 1839 equidem,
946 1789 1105 1829 divino
1134 1789 1370 1840 aspirante
1400 1789 1583 1839 favore,
1608 1802 1697 1841 qua
1718 1802 1793 1842 po-

171 1866 271 1898 tero
293 1859 520 1899 brevitate
543 1865 585 1898 et
606 1859 938 1910 perspicuitate
967 1860 1295 1910 complexurus
1316 1871 1432 1900 sum.

252 1929 302 1969 In
317 1930 494 1981 primis,
514 1930 707 1969 docente
725 1930 1028 1980 experientia,
1053 1930 1264 1969 omnibus
1280 1931 1538 1978 notissima,
1559 1932 1794 1983 quamplu-

172 2000 314 2040 rimos
341 2000 551 2039 homines
581 2012 639 2039 ex
667 2000 866 2040 diversis
895 2000 1019 2040 orbis
1052 2000 1263 2051 partibus
1297 2001 1355 2040 ad
1390 2013 1529 2041 unam
1564 2001 1796 2042 Viennam

171 2070 391 2111 Austriae
413 2071 668 2121 confluere,
693 2071 936 2110 celebritas
969 2071 1058 2110 loci
1079 2077 1123 2110 et
1146 2071 1289 2123 ipsius
1317 2073 1522 2123 regionis
1543 2073 1792 2124 opulentia,

173 2142 218 2180 ni
237 2141 387 2189 fallor,
411 2142 580 2181 bonam
597 2147 777 2193 partem
799 2142 889 2181 huc
911 2142 1154 2193 pertrahit.
1174 2142 1407 2182 Maximus
1428 2143 1611 2183 interim
1628 2149 1696 2183 est
1716 2155 1793 2183 nu—

172 2224 327 2252 merus
348 2224 509 2252 eorum
529 2213 787 2263 hominum,
811 2224 925 2263 quos
955 2224 1061 2263 spes
1082 2212 1274 2264 majoris
1295 2219 1514 2264 quaestus
1536 2214 1794 2266 relinquere

173 2284 319 2323 suasit
339 2284 539 2334 patriam
559 2283 759 2334 Italiam;
782 2283 855 2323 hic
883 2284 1053 2323 etenim
1074 2296 1128 2323 ea
1149 2295 1265 2334 gens
1292 2285 1583 2335 potissimum
1607 2284 1793 2337 jampri-

174 2353 277 2393 dem
305 2365 437 2393 arces
466 2360 509 2394 et
536 2354 803 2393 vastissima
833 2354 1061 2394 construit
1089 2355 1455 2405 propugnacula,
1480 2355 1644 2406 quibus
1665 2368 1792 2407 prae-

173 2424 301 2463 clara
322 2424 436 2463 haec
459 2424 626 2463 civitas
651 2423 851 2475 undique
873 2424 1026 2464 cincta
1048 2424 1283 2476 probeque
1311 2425 1486 2465 munita
1514 2426 1670 2465 valeat
1692 2438 1793 2465 sese

173 2494 461 2534 commodius
495 2494 637 2534 tutari
668 2500 831 2534 contra
867 2494 1065 2545 impetus
1097 2494 1311 2534 immanis
1341 2495 1461 2535 illius
1483 2508 1538 2535 ac
1559 2496 1794 2536 barbarici

172 2564 318 2603 hostis
348 2564 375 2614 ²,
406 2576 543 2615 quem
569 2570 747 2604 certum
769 2570 838 2604 est
867 2564 980 2604 nihil
1010 2565 1161 2615 magis
1196 2565 1368 2605 habere
1389 2564 1403 2583 ⁵
1425 2577 1562 2616 quam
1590 2572 1639 2605 ut
1668 2566 1792 2606 illam

172 2645 282 2672 suae
318 2634 553 2685 tyrannidi
583 2641 720 2685 queat
749 2634 990 2685 subjicere.
1026 2634 1205 2674 Verum
1238 2636 1475 2675 enimvero
1509 2636 1581 2675 his
1617 2637 1791 2676 interea

173 2704 413 2754 contingit,
437 2711 485 2744 ut
507 2705 614 2744 dum
632 2716 804 2755 magna
825 2705 1132 2745 sollicitudine
1153 2706 1331 2745 ventris
1350 2717 1505 2745 escam
1528 2707 1791 2757 quaeritant

228 2862 237 2881 ¹
280 2862 509 2895 Apographae
526 2863 660 2889 litterae
678 2863 709 2890 in
725 2863 827 2889 f01.16
842 2867 874 2890 et
891 2863 923 2890 17
938 2862 1072 2890 Codicis
1089 2864 1165 2890 1551.

228 2910 241 2928 2¹
278 2910 432 2942 Intellige
449 2914 573 2941 turcas,
592 2909 646 2943 qui
662 2910 828 2936 Viennam
844 2918 944 2944 saepe
960 2911 1095 2937 saeculo
1110 2918 1169 2937 Χνι
1183 2914 1431 2944 oppugnarunt.

228 2958 241 2976 5
279 2956 332 2983 Sic
348 2956 592 2990 apographum
608 2957 663 2982 sed
680 2957 835 2983 fortassis
851 2961 909 2984 aut
925 2957 1045 2984 desunt
1060 2958 1166 2984 verba
1183 2958 1218 2984 in
1233 2957 1340 2989 votis.
1355 2962 1413 2984 aut
1429 2965 1488 2991 pro
1503 2957 1632 2985 habere
1647 2958 1792 2985 scriben—

174 3004 252 3030 dum
268 3005 353 3031 foret
370 3012 484 3031 avere.
