1987 3260
217 183 286 219 700
724 181 952 218 LITTERAE
979 192 1333 223 QUADRIMESTRES

215 277 500 317 monasterio
523 278 772 316 multarum
792 276 1110 316 confessiones
1137 277 1316 317 audivit
1345 277 1574 329 simulque
1597 290 1700 327 eas,
1724 291 1845 330 quae

217 355 354 399 aptae
374 348 504 387 visae
527 353 653 395 sunt,
683 347 728 386 in
752 347 961 386 oratione
991 347 1212 387 instruxit
1240 348 1602 399 aliquantulum,
1632 350 1708 389 ubi
1737 351 1843 390 talis

218 419 371 469 coepit
402 430 502 457 esse
536 417 847 468 poenitentiae
874 417 1050 465 fervor,
1081 423 1130 457 ut
1156 419 1472 458 necessarium
1500 420 1844 461 existimaverit

218 490 355 529 Pater
375 500 478 528 eum
500 488 653 538 aliqua
681 498 739 526 ex
765 493 897 537 parte
925 487 1198 537 reprimere,
1229 500 1286 528 ne
1319 489 1457 538 aliae,
1488 501 1606 540 quae
1637 491 1843 542 incipere

216 559 454 607 volebant,
490 563 789 597 terrerentur.
832 557 882 597 In
906 557 995 597 hoc
1020 559 1307 598 monasterio
1337 559 1588 600 Abbatissa
1618 561 1844 602 exercitia

217 631 370 669 facere
401 630 520 679 vult,
559 634 718 679 atque,
756 634 805 668 ut
839 629 1079 678 existimo,
1117 640 1193 668 res
1227 630 1286 669 ad
1321 629 1537 670 effectum
1573 631 1842 681 deducetur,

215 712 353 751 quam
374 700 544 739 multae
573 699 690 739 aliae
712 699 1066 750 subsequentur.
1090 700 1140 739 In
1162 701 1252 740 alio
1275 707 1430 740 autem
1452 713 1506 741 ac
1529 702 1664 742 tertio
1686 715 1842 743 mona-

216 772 355 810 sterio
383 770 495 810 nihil
522 770 674 810 adhuc
705 769 844 810 Pater
874 781 1015 820 agere
1046 771 1216 822 coepit,
1254 771 1361 811 licet
1396 783 1488 811 non
1520 774 1661 812 semel
1689 779 1788 814 tum
1817 786 1845 814 a

214 842 492 882 monialibus
521 847 618 881 turn
645 841 701 880 ab
731 840 984 881 Abbatissa
1011 843 1296 892 postulatum
1326 843 1384 882 sit
1415 849 1463 882 ut
1498 844 1544 882 in
1575 844 1786 884 oratione
1817 857 1845 884 a

216 913 353 952 Patre
376 913 736 951 instruerentur:
760 910 899 951 faciet
919 917 1096 961 tamen,
1122 922 1228 951 cum
1248 924 1330 963 per
1351 919 1536 963 tempus
1557 914 1727 955 licebit.

296 983 560 1023 Canonicus
595 983 735 1022 etiam
774 982 983 1033 quidam,
1023 981 1141 1021 forte
1174 982 1256 1022 tibi
1290 989 1453 1033 notus,
1492 984 1668 1025 Romae
1704 985 1842 1035 enim,

217 1054 376 1103 credo,
400 1065 481 1104 pei·
503 1053 868 1104 quinquennium
889 1053 997 1099 fuit,
1026 1053 1194 1093 missus
1221 1065 1245 1092 a
1275 1053 1516 1094 Cardinali
1546 1060 1595 1095 ut
1624 1067 1710 1106 pro
1745 1068 1843 1095 car-

213 1123 422 1164 dinalitia
450 1125 677 1175 dignitate
706 1124 884 1174 gratias
907 1131 1068 1174 ageret
1089 1123 1210 1163 Suae
1240 1123 1512 1174 Sanctitati,
1546 1127 1731 1166 nomine
1753 1126 1842 1166 Ga-

217 1207 328 1246 spar
348 1195 615 1244 Bari-enos,
640 1194 685 1233 in
713 1193 843 1244 cujus
871 1194 1095 1244 brachiiS,
1126 1201 1175 1234 ut
1203 1195 1287 1245 ait,
1311 1194 1449 1235 Pater
1480 1195 1708 1236 Martinus
1729 1195 1843 1236 San-

215 1273 317 1305 ctae
352 1265 516 1306 Crucis
544 1265 674 1315 obiit,
704 1265 777 1304 vir
803 1265 1192 1315 prudentissimus
1222 1272 1265 1305 et
1296 1266 1555 1306 litterarum
1583 1278 1677 1306 non
1710 1267 1842 1318 igna⁴

213 1348 313 1383 rus,
339 1349 364 1376 a
386 1336 523 1376 Patre
546 1336 590 1375 in
615 1336 826 1375 oratione
855 1335 1021 1375 instrui
1051 1336 1226 1386 coepit,
1259 1341 1481 1387 tantaque
1503 1337 1549 1376 in
1572 1349 1625 1376 eo
1648 1348 1730 1387 per
1751 1337 1842 1377 Do-

215 1408 388 1447 minum
415 1407 539 1446 facta
567 1413 635 1445 est
666 1406 861 1445 mutatio
889 1417 1090 1455 morum,
1128 1412 1176 1445 ut
1206 1406 1252 1445 in
1284 1407 1371 1446 hac
1402 1407 1593 1446 civitate
1622 1408 1758 1458 nihil,
1796 1415 1844 1447 ut

215 1478 392 1527 audivi,
417 1478 484 1517 sic
505 1478 551 1516 in
574 1477 779 1516 omnium
800 1488 880 1516 ore
906 1483 1133 1516 versetur.
1162 1477 1257 1516 Nec
1286 1478 1433 1517 solum
1464 1490 1512 1517 se
1539 1477 1598 1516 ad
1628 1478 1843 1518 veritatis

216 1549 461 1588 clariorem
499 1548 814 1598 cognitionem
848 1548 1032 1586 venisse
1066 1547 1260 1597 gaudet,
1298 1560 1462 1588 verum
1497 1555 1542 1588 et
1576 1549 1693 1588 alios
1730 1555 1843 1588 tam-

218 1632 355 1671 quam
378 1620 423 1658 in
444 1618 645 1658 tenebris
663 1618 973 1668 ambulantes,
999 1618 1122 1669 quod
1144 1619 1369 1658 orationis
1390 1619 1569 1658 fructus
1591 1631 1683 1659 non
1707 1632 1845 1671 expe-

212 1691 413 1739 riantur,
439 1689 496 1729 ad
516 1689 669 1728 Patris
698 1689 1079 1728 consuetudinem
1107 1689 1325 1739 pellicere
1354 1696 1571 1739 conatur,
1605 1696 1746 1741 atque
1767 1723 1774 1740 ,
1795 1697 1844 1730 ut

212 1774 369 1812 spero,
394 1772 484 1800 non
506 1760 679 1799 frustra
700 1759 943 1799 laborabit.
969 1758 1175 1799 Accedet
1202 1759 1317 1810 jam,
1342 1761 1502 1811 credo,
1527 1761 1586 1800 ad
1608 1762 1842 1801 exercitia

214 1832 489 1883 spiritualia.

291 1902 449 1953 Aliqui
470 1902 609 1941 etiam
631 1901 709 1940 alii
737 1901 796 1940 ad
824 1912 910 1940 nos
940 1901 1131 1940 veniunt
1162 1907 1211 1940 ut
1238 1900 1424 1941 Patrem
1448 1902 1693 1941 consulant
1716 1908 1761 1941 et
1784 1903 1841 1942 ab

211 1975 311 2024 ipso
334 1974 380 2012 in
401 1973 475 2020 iis,
501 1983 618 2023 quae
641 1972 700 2011 ad
722 1972 904 2011 animae
927 1973 1124 2011 salutem
1145 1972 1401 2022 pertinent,
1426 1972 1734 2012 instruantur.

291 2044 401 2083 Adit
430 2054 614 2094 quoque
642 2042 780 2082 Pater
808 2054 908 2092 eos,
942 2043 1040 2093 qui,
1074 2043 1255 2082 ratione
1285 2043 1533 2082 criminum
1567 2043 1625 2082 ad
1646 2042 1842 2094 Inquisi-

211 2116 383 2154 tionem
416 2114 764 2166 pertinentium,
798 2113 844 2152 in
878 2113 1077 2153 vinculis
1108 2113 1394 2163 detinentur,
1428 2113 1842 2165 confessionesque

213 2197 372 2224 eorum
395 2185 522 2224 audit
540 2183 980 2234 exhortationesque
1011 2184 1312 2234 congregatis
1334 2183 1461 2224 facit.
1488 2184 1539 2224 In
1560 2184 1630 2224 his
1652 2191 1697 2224 et
1719 2185 1842 2224 simi-

212 2256 329 2295 libus
365 2261 641 2307 occupatur,
678 2260 1001 2295 verumtamen
1035 2266 1127 2294 non
1156 2255 1254 2294 sine
1285 2266 1457 2306 magno
1493 2255 1666 2295 labore.
1705 2254 1840 2295 Solus

214 2327 333 2365 enim
371 2333 462 2376 est3
504 2326 665 2366 habuit
700 2325 884 2376 quidem
917 2326 992 2365 hic
1028 2325 1168 2365 alium
1202 2326 1517 2375 sacerdotem,
1556 2326 1634 2377 qui
1669 2327 1711 2366 ei
1745 2338 1838 2365 non

211 2409 376 2447 parum
397 2395 664 2447 adjumento
686 2396 791 2447 fuit,
815 2397 895 2436 sed
917 2402 1140 2436 evocatus
1161 2402 1244 2436 est.
1269 2395 1475 2436 Alterius
1492 2402 1648 2436 tamen
1666 2396 1839 2437 adven-

212 2475 307 2507 tum
325 2473 651 2518 exspectamus
671 2466 679 2484 ¹
699 2467 834 2506 simul
851 2473 895 2506 et
911 2466 1063 2506 Patris
1080 2466 1297 2517 Magistri
1315 2467 1539 2518 Myronis,
1559 2467 1690 2518 cujus
1706 2479 1837 2518 prae-

211 2538 359 2577 sentia
382 2549 466 2578 nos
487 2538 578 2578 cito
599 2538 822 2577 fruituros
843 2549 1106 2588 speramus,
1131 2549 1222 2588 qua
1243 2538 1470 2578 hactenus
1488 2537 1833 2578 Conimbricen-

212 2619 285 2647 ses
308 2608 479 2648 fratres
500 2608 633 2659 potiti
651 2614 771 2648 sunt.

291 2678 340 2717 In
362 2679 417 2718 iis
439 2680 515 2730 qui
542 2690 732 2718 carcere
761 2679 1045 2729 detinentur,
1077 2685 1145 2719 est
1174 2679 1246 2718 vir
1272 2679 1482 2730 quidam,
1515 2679 1688 2730 alioqui
1711 2680 1836 2719 nobi-

214 2750 267 2787 lis
302 2755 345 2787 et
374 2749 616 2799 prudentia
653 2761 746 2788 non
775 2749 1020 2799 mediocri,
1057 2761 1193 2799 quem
1225 2761 1284 2788 ex
1318 2749 1546 2800 Hispania
1577 2749 1714 2789 Nova
1745 2750 1835 2789 huc

267 2884 275 2901 ¹
318 2883 491 2910 Evocatus
510 2885 670 2911 sacerdos
686 2885 746 2911 fuit
761 2885 907 2917 Joannes
920 2885 1138 2918 Covillonius,
1154 2886 1266 2919 “cujus
1281 2886 1353 2912 loco
1369 2885 1485 2912 deinde
1501 2886 1622 2912 missus
1637 2890 1687 2912 est
1703 2886 1737 2912 P.
1754 2885 1834 2913 Em-

212 2930 346 2955 manuel
361 2929 468 2964 Leite,
485 2931 538 2964 qui
555 2931 586 2957 in
602 2931 865 2958 confessionibus
877 2931 1239 2965 RectoremJuvabat‚,.
1255 2931 1437 2965 Pomxcus,
1453 2931 1586 2963 Clzron„
1599 2937 1620 2958 t.
1633 2939 1665 2965 11,
1678 2939 1754 2965 pag.
1765 2932 1813 2958 601
1828 2954 1835 2965 ,

212 2984 243 3001 n.
259 2975 319 3002 603.
