1987 3260
212 178 285 216 438
720 182 946 218 LJTTERAE
972 192 1328 224 QUADRJMESTRES

293 274 532 325 Nonnulli,
566 276 643 328 qui
673 289 701 317 a
731 277 968 328 spiritibus
985 277 1234 317 immundis
1254 279 1569 329 vexabantur,
1603 278 1743 318 etiam
1763 278 1847 318 his.

216 351 414 397 quatuor
434 348 670 387 mensibus
691 347 749 387 ad
771 359 857 387 nos
878 347 1086 397 adducti,
1111 360 1252 399 opera
1279 349 1328 388 P.
1359 349 1563 389 Cornelii
1582 348 1708 388 Deus
1729 349 1836 389 libe-

214 416 353 457 ravit.

295 486 490 539 Reliqua
526 490 702 539 omitto,
733 489 833 529 Rde
860 490 928 537 P„
958 501 1076 541 quae
1111 489 1251 529 scribi
1270 495 1480 541 possent,
1518 502 1622 530 cum
1649 490 1739 529 sint
1766 490 1844 530 his,

217 557 406 609 similia,
437 571 555 610 quae
585 561 760 611 scripta
786 567 912 609 sunt,
945 566 1024 600 aut
1053 561 1248 600 minora.
1284 560 1442 611 Itaque
1472 560 1699 611 reliquum
1727 560 1840 601 illud

218 641 320 669 esse
341 630 545 680 videtur,
577 637 624 670 ut
646 631 691 670 in
718 631 789 671 his
816 631 999 671 laudem
1030 638 1073 671 et
1103 632 1302 682 gloriam
1331 643 1515 672 omnem
1542 631 1642 671 Deo
1672 631 1838 671 tribua—

219 711 344 749 muS,
368 702 447 752 qui
474 702 676 752 loquitur
698 708 741 741 et
763 708 982 753 operatur
1013 703 1167 742 omnia
1195 703 1241 742 in
1268 703 1479 742 omnibus
1510 713 1628 753 quae
1660 701 1842 742 laudari

220 776 265 810 et
298 772 487 823 probari
522 780 736 824 possunt;
774 773 830 813 de
868 774 1001 813 nobis
1039 774 1268 813 fateamur
1303 774 1425 824 quod
1457 773 1697 821 debemus,
1736 772 1842 823 quia

221 843 345 881 servi
376 842 560 882 inutiles
588 855 767 884 sumus:
799 843 913 884 nihil
941 845 1063 883 enim
1094 843 1290 884 fecimus
1317 843 1438 895 quod
1464 843 1618 883 facere
1647 854 1741 882 non
1771 843 1842 882 de-

221 912 426 962 buimus,
457 915 601 953 multa
638 926 750 954 vero
794 915 1084 965 reliquimus,
1125 926 1241 966 quae
1275 915 1423 954 nostri
1455 914 1659 953 muneris
1696 918 1845 953 erant.

226 982 348 1023 Hinc
382 984 522 1034 igitur
559 986 813 1025 accusandi
849 986 1020 1025 erimus
1055 986 1176 1036 quod
1206 984 1480 1034 defecimus,
1518 984 1623 1024 inde
1661 983 1846 1024 Christo

221 1055 406 1104 gratiae
436 1055 699 1095 reddendae
734 1062 889 1106 erunt,
919 1057 1041 1107 quod
1076 1056 1248 1107 aliquid
1282 1057 1421 1095 etiam
1446 1067 1528 1106 per
1548 1066 1633 1094 nos
1663 1055 1847 1105 operari

222 1125 445 1174 voluerit,
476 1126 574 1165 sine
602 1139 692 1177 quo
720 1138 814 1166 non
840 1129 989 1167 solum
1014 1127 1168 1167 facere
1199 1139 1257 1166 ex
1284 1127 1416 1166 nobis
1444 1126 1693 1177 quicquam
1714 1126 1847 1176 quasi

222 1206 281 1234 ex
301 1195 455 1246 nobis,
481 1197 561 1236 sed
583 1209 639 1236 ne
661 1198 873 1248 cogitare
894 1198 1079 1249 quidem
1099 1209 1358 1249 possumus.

302 1265 366 1305 At
389 1274 578 1317 quaeret
602 1279 723 1308 nunc
744 1268 943 1308 fortasse
966 1268 1013 1308 P.
1039 1268 1089 1308 T.
1110 1301 1116 1316 ,
1141 1268 1195 1308 de
1218 1268 1400 1318 studiis,
1432 1267 1564 1319 quid?
1593 1266 1655 1306 Ut
1682 1266 1846 1315 solent,

224 1335 382 1387 Pater;
412 1339 565 1378 nullae
597 1339 820 1379 lectiones
848 1340 1139 1389 immutatae,
1172 1340 1284 1379 nihil
1314 1340 1608 1387 innovatum,
1632 1337 1745 1376 nihil
1773 1336 1846 1376 ad-

227 1407 372 1447 ditum
402 1408 507 1448 fuit:
539 1410 584 1448 in
618 1411 715 1449 suis
742 1418 898 1450 tamen
931 1411 1095 1450 studiis
1130 1411 1322 1462 quisque
1357 1409 1538 1460 proficit
1573 1414 1617 1448 et
1651 1409 1697 1447 in
1733 1407 1848 1455 dies,

227 1478 399 1519 Christi
440 1480 626 1520 Domini
660 1481 818 1521 Nostri
857 1483 1032 1533 gratia,
1072 1481 1202 1532 cujus
1237 1482 1414 1531 gloriae
1454 1491 1612 1519 omnes
1647 1478 1848 1526 student,

228 1550 471 1601 peritiores
505 1552 632 1591 fiunt.
670 1552 739 1591 De
770 1553 934 1592 studiis
966 1558 1120 1592 autem
1154 1559 1197 1591 et
1233 1551 1528 1598 lectionibus,
1565 1560 1683 1600 quae
1721 1549 1851 1588 brevi

228 1621 363 1660 nobis
384 1623 691 1662 assumendae
719 1629 871 1673 erunt,
903 1623 1016 1662 nihil
1044 1623 1194 1662 adhuc
1225 1622 1527 1661 deliberatum
1548 1626 1638 1670 est;
1661 1619 1850 1659 Patrem

226 1703 426 1743 namque
466 1693 677 1733 Natalem
717 1700 1065 1745 exspectamus,
1108 1705 1243 1744 quem
1282 1699 1530 1731 venturum
1568 1690 1700 1730 brevi
1735 1689 1850 1729 affir-

229 1770 377 1814 mant,
415 1765 500 1803 etsi
526 1764 638 1803 nihil
670 1765 783 1804 certi
810 1765 943 1804 nobis
982 1765 1036 1804 de
1073 1765 1161 1804 hac
1189 1776 1237 1803 re
1259 1764 1354 1803 suis
1375 1763 1538 1802 litteris
1558 1761 1849 1813 polliceatur3

228 1834 310 1874 sed
331 1835 369 1873 si
390 1835 560 1874 diutius
581 1836 852 1885 morabitur,
877 1836 1148 1875 deliberabit
1166 1835 1213 1874 P.
1237 1834 1469 1874 Antonius
1490 1832 1599 1883 quid
1621 1831 1853 1882 agendum

230 1905 308 1953 sit;
339 1911 434 1945 tum
462 1906 571 1956 quid
600 1912 755 1946 actum
785 1906 945 1955 fuerit,
974 1906 1307 1945 Paternitatem
1338 1912 1465 1944 tuam
1488 1903 1735 1943 certiorem
1755 1901 1852 1941 red-

231 1976 413 2026 demUS,
438 1976 568 2027 cujus
594 1977 809 2027 precibus
836 1977 1088 2016 humillime
1117 1988 1199 2016 nos
1231 1974 1623 2015 commendamus.
1653 1973 1859 2023 Itemque

231 2047 431 2097 petimus
458 2057 505 2087 ut
533 2048 698 2099 reliqui
724 2047 887 2087 Patres
920 2047 1201 2098 Fratresque
1228 2046 1373 2086 nostri
1397 2046 1442 2084 in
1472 2045 1656 2085 Christo
1685 2043 1855 2082 charis-

234 2119 338 2158 simi
359 2125 569 2158 nostrum
588 2119 793 2158 omnium
810 2119 855 2158 in
873 2118 969 2158 suis
986 2117 1229 2157 sacrificiis
1247 2123 1383 2168 atque
1400 2115 1615 2167 precibus
1632 2114 1691 2153 ad
1706 2113 1857 2153 Deum

235 2189 509 2229 memoriam
532 2190 749 2229 habeant.

315 2260 447 2300 Nunc
471 2267 625 2300 autem
646 2260 877 2299 Dominus
900 2259 952 2299 N.
976 2260 1111 2312 Jesus
1133 2258 1344 2299 Christus
1372 2258 1435 2297 ita
1462 2267 1547 2296 nos
1572 2266 1731 2295 omnes
1753 2267 1858 2295 ocu-

234 2330 290 2369 lis
311 2330 496 2381 pietatis
518 2342 628 2370 suae
648 2336 871 2381 perpetuo
892 2330 1113 2381 respiciat
1131 2362 1138 2379 ,
1162 2336 1211 2369 ut
1239 2329 1322 2368 sub
1351 2328 1514 2367 umbra
1542 2328 1720 2366 alarum
1741 2326 1864 2365 illius

237 2401 455 2452 protecti,
481 2401 693 2440 omnibus
715 2401 876 2441 diebus
902 2401 1028 2440 vitae
1055 2406 1242 2439 nostrae
1272 2400 1316 2438 in
1344 2398 1540 2438 veritate
1562 2403 1604 2437 et
1622 2396 1799 2447 justitia
1820 2396 1860 2434 ei

239 2471 520 2521 serviamus,
546 2483 785 2522 quousque
806 2471 913 2510 hinc
936 2470 1180 2521 assumpti,
1211 2470 1335 2509 illam
1365 2468 1681 2508 felicissimam
1701 2466 1861 2506 civita—

240 2549 333 2582 tem
353 2542 692 2593 ingrediamur,
718 2542 773 2581 de
794 2553 883 2592 qua
904 2541 1110 2591 gloriosa
1131 2540 1366 2589 dicuntur,
1391 2545 1434 2579 et
1456 2539 1502 2578 in
1523 2549 1632 2589 qua,
1656 2543 1704 2576 ut
1725 2548 1865 2587 spero

239 2624 323 2665 per
343 2612 712 2652 misericordiam
732 2613 875 2660 illius,
899 2612 976 2663 qui
997 2623 1083 2651 nos
1098 2611 1144 2650 in
1162 2622 1304 2650 unum
1321 2610 1527 2659 collegit,
1547 2608 1683 2647 simul
1704 2618 1869 2646 omnes.

243 2696 412 2724 nomen
434 2683 623 2723 Domini
642 2684 689 2723 in
711 2684 897 2723 saecula
919 2683 1212 2723 saeculorum
1232 2681 1538 2721 laudabimus.
1561 2678 1728 2718 Amen.

324 2754 498 2794 Datum
517 2753 699 2794 Messan
726 2766 763 2793 ¹e
788 2753 834 2793 15
855 2752 1152 2805 Septembris,
1174 2752 1234 2792 M.
1258 2751 1315 2791 D.
1339 2751 1389 2790 L.
1414 2750 1447 2789 Ι.

783 2860 1075 2900 BENE-menis
1105 2857 1310 2897 PALMius
1339 2856 1601 2896 PARMENsis
1626 2853 1650 2894 ¹.

303 3001 312 3019 ¹
353 3000 481 3028 Ultima
498 3004 630 3027 tantum
646 3001 762 3033 verba,
779 3007 837 3026 sc.:
851 2998 1018 3026 Datum...
1033 2998 1242 3025 Parmensis
1257 3000 1333 3024 sunt
1350 3003 1449 3023 manu
1464 2995 1636 3022 Benedicti
1653 2993 1788 3021 Palmiir
