1987 3260
177 218 247 255 150
697 216 923 254 LITTERAE
949 225 1303 259 QUADRIMESTRES

913 664 1107 719 XLIV

249 891 297 929 P.
320 891 543 930 Adrianus
563 891 892 930 Adriaenssens

296 957 415 994 Patri
434 957 592 1003 Joanni
611 957 664 994 de
684 957 888 995 Polanco.

342 1022 540 1068 Patavio,
561 1021 604 1058 21
624 1021 792 1070 Aprilis
810 1022 900 1060 1549
919 1023 942 1060 ¹.

942 1177 1040 1255 niis

257 1373 423 1414 Gratia
444 1373 634 1414 Domini
653 1373 816 1414 Nostri
835 1374 945 1427 Jesu
966 1373 1040 1414 Xi.
1071 1374 1273 1414 abundet
1298 1386 1481 1426 semper
1509 1374 1557 1414 in
1583 1374 1814 1415 cordibus.

177 1445 364 1485 nostris.

253 1515 527 1556 Reverende
564 1515 727 1555 Pater:
764 1515 1017 1556 Postremis
1051 1515 1359 1557 Reverentiae
1397 1516 1598 1557 Vestrae
1636 1515 1803 1555 litteris

174 1587 337 1627 eodem
358 1586 431 1626 die
451 1598 534 1638 per
554 1592 739 1637 postam
758 1586 1001 1638 respondi,
1026 1598 1115 1638 quo
1138 1599 1217 1627 eas
1239 1587 1419 1639 accepi,
1443 1587 1675 1637 videlicet,
1700 1587 1802 1638 ipsa

174 1657 247 1697 die
266 1657 454 1697 veneris
475 1663 663 1708 sancta3
688 1657 853 1709 quibus
874 1657 1041 1697 litteris
1062 1669 1146 1709 pro
1168 1658 1256 1698 hoc
1277 1663 1487 1709 tempore
1507 1657 1622 1697 nihil
1642 1668 1801 1697 occur-

172 1728 231 1767 rit
253 1727 516 1768 addendum
537 1728 627 1767 nisi
653 1728 776 1779 quod
803 1727 1029 1778 Magister
1057 1728 1275 1768 Andreas
1296 1727 1310 1746 ²
1332 1734 1376 1768 et
1396 1740 1481 1768 nos
1510 1739 1671 1768 omnes
1699 1728 1802 1767 sani

174 1804 218 1838 et
239 1799 348 1838 laeti
367 1798 414 1838 in
434 1798 636 1838 Domino
664 1809 770 1838 cum
791 1798 936 1849 ipsius
959 1799 1114 1849 gratia
1142 1810 1516 1850 perseveramus.
1549 1797 1619 1839 Sit
1644 1798 1802 1838 Domi-

174 1881 261 1910 nus
290 1869 574 1910 benedictus.
605 1868 699 1909 Suo
727 1875 934 1921 tempore
962 1875 1006 1909 et
1034 1870 1152 1920 loco,
1183 1870 1291 1910 dum
1318 1870 1492 1921 aliquid
1527 1869 1800 1919 occurrerit,

173 1952 310 1992 spero
326 1952 399 1980 me
421 1945 585 1980 exacte
608 1946 653 1980 et
672 1941 852 1992 prolixe
875 1940 1031 1980 omnia
1058 1941 1117 1980 ad
1138 1940 1468 1980 Reverentiam
1488 1939 1711 1980 Vestram
1729 1951 1802 1979 me

173 2011 469 2062 scripturum.
502 2010 604 2050 Hoc
635 2011 784 2050 solum
819 2023 900 2050 oro
932 2011 1137 2050 omnium
1171 2011 1369 2051 fratrum
1394 2011 1596 2061 nomine,
1632 2015 1682 2050 ut
1716 2021 1802 2050 nos

175 2080 472 2122 commendes
511 2081 738 2133 imprimis
784 2081 1072 2121 orationibus
1118 2082 1426 2121 amantissimi
1462 2081 1616 2121 Patris
1654 2081 1803 2121 nostri

177 2151 360 2203 Ignatii,
384 2151 490 2191 dein
510 2152 682 2192 vestris
703 2164 759 2192 ac
781 2152 989 2192 omnium
1007 2151 1198 2192 Patrum
1219 2158 1263 2192 et
1284 2152 1517 2192 Fratrum.

257 2221 435 2273 Accepi
456 2233 640 2273 quoque
660 2233 743 2273 per
763 2221 1041 2273 Magistrum
1067 2221 1308 2262 Andream
1327 2223 1506 2262 litteras
1534 2221 1589 2262 R.
1612 2221 1672 2262 V.
1697 2233 1802 2262 cum

183 2293 319 2332 bullis
339 2291 546 2332 fabricae
567 2292 719 2333 sancti
744 2292 869 2332 Petri
896 2292 951 2333 de
977 2292 1116 2344 Urbe,
1148 2293 1313 2344 quibus
1340 2304 1453 2333 sane
1479 2293 1730 2344 plurimum
1755 2293 1802 2332 in

179 2363 382 2403 Domino
403 2363 598 2414 gavisus
619 2369 663 2404 et
684 2369 924 2404 recreatus
944 2363 1023 2404 fui.
1047 2363 1277 2404 Dominus
1305 2363 1440 2416 Jesus
1461 2364 1678 2414 dignetur
1699 2375 1803 2404 esse

182 2445 364 2474 merces
384 2440 543 2474 Vestra
563 2446 648 2485 pro
669 2434 920 2485 laboribus,
946 2446 1062 2486 quos
1083 2441 1178 2474 tam
1199 2434 1335 2474 hilari
1358 2446 1413 2474 ac
1433 2440 1648 2486 prompto
1676 2445 1800 2473 assu-

178 2504 304 2544 mitis
324 2504 494 2545 animo.

256 2574 342 2615 His
362 2575 468 2615 vale
484 2575 531 2614 in
550 2574 754 2615 Domino
776 2575 907 2628 Jesu,
932 2575 1071 2616 Pater
1093 2576 1424 2615 amantissime.

258 2646 436 2686 Tacere
457 2651 614 2685 tamen
635 2657 728 2686 non
749 2657 939 2697 possum
956 2646 1078 2698 quod
1095 2646 1214 2686 mira
1230 2645 1432 2697 quadam
1448 2645 1735 2685 humanitate
1757 2650 1801 2684 et

229 2826 239 2846 ¹
279 2826 367 2854 Tota
390 2827 534 2861 epistola
558 2830 609 2854 est
634 2834 735 2854 manu
757 2827 901 2855 Adriani
927 2828 969 2854 ab
994 2827 1251 2854 Adriaenssens.
1275 2826 1325 2854 De
1349 2827 1412 2854 hoe
1433 2827 1482 2854 ita
1497 2826 1689 2859 DELPLACE,
1714 2826 1736 2853 1.
1759 2833 1799 2853 e.:

178 2872 326 2900 “Adrien
340 2873 588 2900 Adriaenssens
603 2874 771 2906 (Adriani)
786 2875 826 2901 ne
842 2875 862 2901 a
877 2874 1011 2901 Anvers
1032 2881 1072 2901 en
1094 2873 1172 2907 1530,
1194 2874 1302 2901 admis
1318 2875 1338 2901 a
1361 2873 1515 2900 Louvain
1530 2880 1570 2900 en
1587 2873 1665 2906 1545,
1680 2875 1768 2900 mort
1782 2873 1801 2898 a

179 2919 336 2947 Louvain
350 2920 380 2947 le
397 2920 430 2947 18
444 2920 590 2948 October
604 2920 683 2953 1580;
699 2921 722 2948 il
737 2921 787 2948 fut
802 2920 977 2955 superieur
989 2922 1047 2948 des
1061 2920 1209 2954 Jesuites
1223 2921 1262 2947 de
1274 2920 1442 2952 Louvain.
1457 2920 1496 2947 de
1513 2920 1582 2947 1549
1596 2921 1616 2947 a
1633 2919 1729 2952 1558.„

231 2968 246 2986 Ξ
285 2967 444 2994 Andreas
460 2967 626 3001 sidereus,
643 2967 913 3002 Zutphemensis,
938 2968 992 3002 qui
1016 2968 1147 2995 itineris
1170 2975 1281 2995 comes
1303 2967 1403 2995 datus
1428 2971 1503 2994 erat
1526 2967 1689 2994 Adriano.
1714 2965 1802 2993 Vide

178 3014 336 3042 PoLANco
347 3036 354 3048 ‚
372 3014 562 3042 Chronicon
579 3015 651 3042 Soc.
666 3014 752 3049 ses„
767 3019 790 3043 t.
807 3023 828 3049 1,
844 3023 922 3050 pag.
936 3015 1000 3050 ⁴05,
1016 3020 1085 3042 not.
1100 3016 1125 3042 1.
