1987 3260
139 208 189 244 28
652 207 877 245 LITTERAE
904 218 1099 251 QUADRIM
1109 217 1266 245 ESTRES

909 620 992 671 iv

209 855 256 891 P.
276 854 434 891 Daniel
453 853 743 901 Paeybroeck

257 919 375 956 Patri
394 918 563 965 Ignatio
584 918 637 955 de
656 917 840 965 Loyola,

303 983 514 1028 Lovanio,
538 983 581 1019 17
600 982 748 1020 Martii
769 982 860 1020 1547
881 983 904 1019 ¹.

297 1171 400 1206 Copia
423 1172 461 1198 de
482 1179 548 1198 una
569 1176 665 1198 carta
687 1171 725 1198 de
751 1171 897 1198 Flandes
919 1179 1004 1205 para
1026 1175 1162 1198 nuestro
1187 1171 1290 1198 Santo
1312 1170 1420 1197 Padi-e
1441 1169 1619 1204 Ignaeio2.

225 1578 391 1618 Gratia
412 1578 602 1618 Domini
630 1580 777 1619 nostri
804 1578 1107 1631 jesu-Christi
1136 1578 1193 1617 sit
1217 1588 1398 1628 semper
1425 1587 1530 1616 cum
1557 1575 1769 1615 omnibus

145 1649 294 1689 nobis.
318 1648 483 1689 Arnen.

223 1718 426 1759 Litterae
453 1732 511 1760 ex
533 1719 665 1771 jussu
700 1720 1002 1760 Paternitatis
1030 1726 1216 1760 vestrae
1251 1721 1310 1760 ad
1336 1732 1421 1761 nos
1449 1720 1575 1760 circa
1601 1718 1770 1758 festum

142 1788 524 1830 Circumcisionis
559 1790 746 1831 Domini
773 1791 996 1842 scriptae,
1029 1791 1167 1831 Pater
1196 1791 1259 1831 mi
1290 1791 1336 1831 in
1370 1791 1555 1832 Christo
1588 1799 1769 1839 semper

144 1860 457 1911 observande,
482 1862 670 1901 tandem
686 1861 867 1901 decima
884 1861 1021 1901 tertia
1038 1862 1195 1901 Martii
1212 1861 1271 1901 ad
1293 1873 1398 1912 nos,
1426 1860 1561 1901 avide
1584 1859 1771 1899 easdem

142 1937 483 1982 exspectantes,
503 1938 834 1982 pervenerunt3
860 1932 907 1971 in
928 1932 1092 1983 quibus
1114 1932 1225 1971 mihi
1241 1943 1322 1971 eas
1338 1932 1510 1982 legenti
1527 1931 1675 1982 primo
1698 1940 1768 1969 oc-

140 2002 300 2052 currit,
324 2002 370 2041 in
393 2002 583 2042 Octobri
605 2002 802 2042 Romam
824 2003 999 2042 intrare
1021 2014 1122 2042 esse
1145 2014 1442 2042 concessum:
1472 2001 1594 2053 quod
1616 2000 1769 2040 animo

141 2083 243 2112 meo
263 2084 358 2112 non
379 2073 527 2124 potuit
546 2085 639 2113 non
656 2084 757 2113 esse
777 2073 1168 2124 acceptissimum3
1188 2072 1309 2112 unde
1325 2072 1436 2112 illud
1452 2071 1673 2123 perficere
1691 2081 1765 2109 an-

141 2149 263 2182 nitar
285 2143 459 2194 sedulo,
485 2144 592 2183 hinc
614 2149 693 2183 aut
714 2144 761 2183 in
783 2143 1010 2194 principio
1033 2143 1236 2194 Augusti
1257 2149 1336 2183 aut
1364 2143 1499 2182 citius
1526 2141 1765 2190 recedens,

142 2219 238 2253 tum
260 2202 367 2264 quia
388 2213 498 2253 illud
518 2220 702 2265 tempus
722 2214 1092 2265 peregrinationi
1109 2213 1227 2253 inter
1244 2212 1389 2265 Alpes
1406 2218 1474 2253 est
1491 2211 1766 2252 commodis-

141 2283 323 2335 simum,
347 2290 443 2324 tum
465 2285 619 2335 etiam,
644 2285 751 2335 quia
773 2284 888 2324 bene
916 2284 1130 2324 existimo
1161 2284 1249 2323 hoc
1282 2281 1556 2323 Paternitati
1580 2288 1767 2322 vestrae

142 2360 386 2405 acceptum
406 2355 518 2405 fore,
543 2356 582 2395 si
602 2355 772 2395 fratres
794 2356 921 2395 circa
942 2355 1028 2395 iter
1057 2366 1211 2394 meum
1239 2359 1582 2394 commorantes
1610 2352 1765 2392 visita-

143 2435 270 2475 vero,
295 2425 558 2476 eisdemque
580 2425 740 2465 diebus
762 2426 935 2476 aliquot
962 2425 1191 2465 rationem
1218 2425 1422 2464 omniurn
1447 2423 1546 2463 Pat.
1577 2422 1635 2463 V.
1668 2422 1766 2462 red-

142 2494 336 2545 diturus,
362 2496 567 2535 adiuero.
592 2497 782 2536 Interim
803 2502 958 2536 tamen
982 2496 1051 2546 (ut
1073 2496 1267 2536 consilio
1289 2495 1487 2535 fratrum
1514 2493 1668 2544 coepi>
1691 2492 1764 2532 hic

143 2566 406 2616 theologiae
427 2578 618 2617 operam
640 2566 775 2607 dabo.

222 2635 354 2686 Quod
376 2643 529 2677 autem
551 2636 609 2677 ad
630 2637 828 2677 fratrum
849 2638 1011 2677 attinet
1033 2637 1441 2683 cohabitationem,
1466 2635 1584 2674 sciat
1613 2633 1666 2673 R.
1701 2633 1759 2673 V.

197 2818 207 2837 ¹
248 2816 409 2844 Historia
436 2819 551 2850 varia,
578 2818 632 2845 fol.
663 2818 884 2845 lll.—Daniel
910 2817 1147 2853 Paeybroeck,
1175 2819 1216 2844 ne
1240 2819 1259 2844 a
1284 2816 1470 2844 Termonde
1494 2823 1573 2843 vers
1596 2814 1662 2842 l'an
1686 2815 1764 2849 1518,

143 2864 251 2891 admis
267 2865 286 2890 a
301 2864 455 2891 Louvain
470 2872 511 2891 en
528 2864 603 2897 1513,
621 2868 709 2891 mort
728 2866 747 2891 ὴ
762 2865 916 2891 Palerme
932 2865 962 2891 le
976 2864 1011 2891 ‘25
1025 2864 1202 2891 decembre
1229 2864 1305 2897 155&
1331 2864 1353 2890 il
1378 2864 1427 2890 fut
1451 2866 1585 2890 recteur
1610 2862 1649 2889 de
1675 2861 1766 2888 Mon-

144 2911 235 2937 reale
250 2910 386 2942 (sicile).
404 2911 438 2937 P.
455 2910 492 2938 L.
507 2911 697 2945 DELPLACE,
714 2911 1023 2938 L'e'tahlz'ssement
1049 2911 1090 2937 de
1114 2911 1149 2937 la
1174 2910 1385 2944 Compagm'e
1408 2910 1450 2937 de
1473 2909 1580 2944 jesus
1604 2909 1694 2936 dans
1714 2908 1766 2935 les

143 2957 339 2991 Pays-Bas,
354 2958 567 2991 Appendice,
584 2958 771 2985 Document
788 2958 811 2985 Ι.

199 3005 212 3023 ”2
251 3004 301 3032 Ita
317 3007 349 3032 in
363 3006 529 3039 superiori
543 3006 696 3039 margine
712 3005 747 3032 P.
765 3005 1029 3039 Christophorus
1045 3006 1083 3032 de
1100 3005 1231 3033 Castro.
