1987 3260
870 177 951 214 ΑΝ.
984 177 1066 214 155]
1709 179 1785 216 ⁴259

160 274 228 313 ibi
239 273 425 325 jurandi
443 280 486 314 et
505 273 738 325 pejerandi
757 274 1031 314 detestanda
1047 273 1333 313 consuetudo
1349 274 1622 324 inoleverat,
1645 277 1778 315 soda—

153 344 300 384 litium
332 345 550 394 instituit,
581 344 766 384 nomine
792 346 903 397 Jesu
931 345 1224 396 insignitum,
1254 344 1384 394 cuius
1412 346 1486 385 lex
1507 352 1552 385 et
1573 347 1778 387 conditio

155 414 234 455 fuit
255 427 312 455 ne
328 415 430 466 quis
450 415 681 455 sodalium
697 415 833 467 juret,
858 417 940 457 sub
962 416 1133 455 mulcta
1150 421 1308 455 certae
1324 416 1550 466 pecuniae
1566 418 1782 468 pauperi-

152 486 237 526 bus
266 485 547 537 erogandae.
583 486 677 526 Nec
705 486 791 526 hoc
824 487 961 526 inane
988 486 1072 526 fuit
1094 492 1171 526 aut
1194 486 1372 536 inutile,
1397 486 1623 537 siquidem
1644 488 1689 527 in
1713 500 1783 527 re-

152 556 263 606 ditu,
290 557 375 596 iter
396 556 574 596 faciens
594 569 677 608 per
699 557 888 597 cosdem
909 568 1072 608 pagos,
1097 557 1266 596 multos
1288 557 1458 607 reperit
1480 557 1591 597 dicti
1614 558 1778 598 sodali-

152 627 199 666 tii
233 627 385 667 socios
415 634 458 666 et
487 627 747 667 confratres
774 628 1065 678 fructumque
1095 638 1186 667 non
1220 627 1565 678 poenitendum.
1604 628 1694 668 Sed
1725 629 1782 668 de

152 699 239 737 hac
259 710 310 738 re
332 699 518 750 scripsit
539 699 637 750 ipse
658 699 717 739 ad
734 699 781 738 P.
808 705 950 738 tuam.
976 699 1165 738 Praeter
1186 699 1317 748 haec,
1342 699 1388 738 in
1410 698 1622 739 omnibus
1643 700 1787 750 pagis

151 779 232 819 per
253 780 369 820 quos
396 770 639 819 transibat,
665 770 804 809 dabat
826 780 1015 821 operam
1038 769 1396 809 reconciliandis
1416 769 1639 819 inimicis,
1664 769 1782 820 ejus—

151 839 364 890 modique
399 840 502 879 aliis
532 839 882 880 misericordiae
916 840 1152 891 operibus;
1182 845 1246 889 et,
1277 839 1423 879 sicubi
1454 841 1778 891 opportunitas

149 910 351 960 daretur,
376 917 456 950 aut
478 911 658 961 publice
679 911 1046 950 concionabatur
1074 917 1152 950 aut
1180 910 1377 961 privatis
1399 911 1691 950 sermonibus
1720 911 1777 950 ad

148 980 388 1031 religionis
420 982 596 1021 cultum
630 981 980 1029 exhortabatur;
1013 981 1180 1032 ubique
1211 992 1382 1031 magna
1418 981 1503 1021 fuit
1537 981 1777 1021 hominum

149 1037 397 1091 admiratio
422 1057 464 1091 et
487 1051 764 1102 aedificatio,
791 1052 915 1103 quod
936 1052 1052 1091 haec
1072 1058 1167 1091 tam
1185 1051 1364 1091 sincere
1384 1057 1572 1103 tamque
1593 1052 1778 1092 ardenti·

151 1122 248 1161 zelo
274 1122 535 1162 animarum
564 1127 896 1162 tractarentur.
926 1122 1216 1173 Ubicumque
1243 1122 1390 1162 etiam·
1409 1122 1594 1162 fuerunt
1621 1122 1777 1162 Ferdi-

149 1192 331 1232 nandus
357 1192 562 1232 Alvarez
590 1199 634 1232 et
662 1193 887 1243 Baptista,
913 1204 1106 1232 suavem
1133 1192 1445 1243 fragrantiam
1472 1200 1515 1232 et
1543 1194 1614 1233 sui
1643 1194 1784 1233 vehe-

151 1275 280 1303 mens
315 1262 597 1302 desiderium
624 1263 924 1314 reliquerunt,
949 1263 1242 1314 fructumque
1263 1264 1502 1314 copiosum
1522 1265 1778 1304 retulerunt

150 1345 206 1373 ex
229 1344 312 1373 sua
334 1333 708 1384 conversatione,
733 1334 943 1374 doctrina
972 1341 1014 1373 et
1043 1334 1169 1373 vitae
1199 1334 1426 1385 exemplo.
1456 1334 1679 1374 Narravit
1700 1348 1778 1375 no-

149 1404 217 1444 bis
246 1403 606 1455 Pro-episcopus
637 1404 1012 1449 salmanticensis
1034 1404 1191 1455 (quem
1213 1405 1356 1455 vulgo
1378 1404 1676 1444 Provisorem
1699 1418 1776 1456 ap-

152 1475 409 1526 pellamus),
433 1476 622 1515 natione
642 1475 903 1526 burgensis,
922 1475 1168 1526 quemdam
1188 1476 1309 1515 illius
1331 1476 1540 1526 regionis
1561 1477 1779 1517 sacerdo·

150 1552 242 1586 tem
259 1546 356 1597 qui,
381 1547 438 1586 ob
460 1546 606 1586 vitam
627 1546 920 1586 inhonestam
948 1557 1123 1597 suaque
1144 1546 1432 1597 professione
1454 1547 1640 1586 omnino
1662 1548 1773 1587 indi-

149 1628 305 1667 gnam,
330 1617 580 1657 admodum
602 1618 722 1657 male
743 1617 961 1657 audiebat
983 1617 1105 1669 apud
1133 1629 1256 1667 suos,
1289 1618 1522 1658 consortio
1544 1624 1588 1658 et
1610 1619 1781 1658 adhor-

149 1688 400 1728 tationibus
422 1687 575 1728 Patris
596 1688 848 1740 Baptistae,
873 1700 1009 1739 quem
1026 1688 1072 1728 in
1090 1688 1282 1728 aedibus
1303 1688 1399 1728 suis
1421 1689 1623 1739 hospitio
1644 1702 1777 1729 exce-

148 1764 296 1809 perat,
329 1759 445 1798 adeo
472 1759 738 1810 resipuisse,
772 1766 821 1799 ut
853 1771 1014 1799 omnes
1043 1766 1283 1810 stuperent
1318 1760 1603 1800 admirantes
1640 1760 1684 1800 in
1721 1773 1775 1800 eo

148 1829 451 1869 mutationem
481 1829 701 1870 dexterae
736 1830 824 1870 Dei
857 1831 1045 1870 excelsi.
1080 1830 1200 1870 Hinc
1233 1831 1388 1881 etiam,
1418 1832 1580 1882 paucis
1608 1831 1777 1871 abhinc

149 1899 324 1947 diebus,
347 1900 475 1939 venit
497 1900 555 1940 ad
576 1912 661 1940 nos
683 1901 871 1952 quidam
898 1901 975 1952 qui
1002 1907 1387 1951 percunctaretur
1414 1901 1469 1941 de
1490 1901 1539 1941 Ρ.
1564 1902 1774 1953 Baptista

150 1971 338 2010 ubinam
365 1978 506 2020 esset,
531 1978 575 2011 et
603 1971 711 2022 quid
733 1978 894 2021 ageret
916 1979 1020 2021 etc.‚
1045 1972 1214 2011 obnixe
1235 1982 1410 2022 rogans
1431 1978 1475 2011 et
1503 1973 1778 2021 obsecrans,

150 2052 232 2092 per
253 2041 530 2081 charitatem
557 2054 647 2093 qua
675 2054 760 2082 nos
788 2041 947 2082 dilexit
967 2042 1208 2093 Dominus,
1239 2049 1287 2082 ut
1308 2043 1367 2082 ad
1388 2043 1513 2082 illam
1535 2043 1777 2094 regionem

149 2119 477 2158 reverteretur,
516 2123 731 2152 asserens
758 2118 932 2152 terram
965 2113 1090 2152 illam
1125 2113 1378 2152 maximum
1413 2114 1776 2154 emolumentum

151 2189 480 2233 percepturam
503 2195 559 2222 ex
582 2182 680 2233 ejus
708 2183 919 2223 doctrina
946 2190 989 2223 et
1018 2184 1143 2223 vitae
1171 2184 1544 2224 conversatione.
1576 2184 1772 2225 Peracta

148 2253 525 2304 peregrinatione
553 2265 652 2304 sua,
676 2253 1009 2294 Salmanticam
1038 2254 1232 2294 redeunt
1253 2254 1301 2294 P.
1331 2254 1522 2306 Doctor,
1546 2255 1771 2306 Baptista,

149 2331 193 2364 et
214 2323 455 2375 Penalosa,
481 2325 557 2376 qui
578 2331 769 2376 propter
798 2326 1008 2376 corporis
1036 2325 1350 2365 infirmitatem
1380 2337 1473 2366 non
1499 2325 1587 2366 fuit
1615 2338 1775 2367 comes

148 2394 299 2434 dictae
320 2395 725 2446 peregrinationis,
745 2395 825 2435 sed
846 2395 1108 2436 Vallisoleti
1130 2402 1419 2436 remanserat
1435 2396 1588 2447 gratia
1612 2397 1771 2437 confir—

147 2465 346 2505 mandae
373 2466 668 2506 valetudinis.
693 2466 918 2517 Magister
940 2472 1093 2506 autem
1115 2467 1333 2516 Alvarez,
1359 2466 1511 2507 adhuc
1533 2475 1769 2519 aegrotus,

149 2536 317 2586 Burgis
338 2537 540 2587 relictuS,
572 2544 615 2576 et
637 2549 741 2577 cum
769 2549 823 2577 eo
854 2537 1176 2577 Ferdinandus
1207 2537 1425 2578 Alvarez.
1466 2537 1773 2578 Revertentes

149 2613 303 2646 autem
329 2619 410 2658 per
434 2606 766 2658 Methymnam,
796 2609 1012 2647 convenit
1034 2608 1210 2647 Doctor
1232 2615 1391 2648 noster
1412 2607 1692 2649 Rodericum
1716 2609 1771 2649 de

148 2676 351 2726 Duefias,
385 2684 693 2718 mercatorem
723 2679 1122 2729 opulentissimum
1145 2686 1187 2718 et
1218 2679 1262 2718 in
1283 2679 1354 2718 his
1382 2679 1650 2729 regionibus
1672 2692 1770 2730 per-

148 2759 286 2798 quam
307 2749 549 2799 celebrem,
570 2749 648 2800 qui
668 2750 822 2789 multis
838 2750 1055 2801 precibus
1077 2750 1206 2800 petiit
1228 2762 1253 2788 a
1275 2750 1480 2789 Doctore
1503 2756 1551 2789 ut
1573 2750 1688 2790 duos
1710 2763 1769 2790 ex

150 2819 318 2858 nostris
349 2820 551 2859 mitteret
582 2819 902 2871 Methymnam
939 2821 1029 2871 qui,
1069 2821 1113 2859 in
1151 2820 1368 2859 Adventu
1404 2819 1607 2865 Domini,
1645 2822 1768 2871 quod

149 2896 330 2940 tempus
357 2897 425 2929 est
453 2890 763 2930 nundinarum
791 2891 1228 2942 Methymnensium,
1255 2898 1297 2930 et
1319 2892 1616 2941 evangelium
1638 2892 1768 2941 regni

149 2959 474 3009 praedicarent
503 2968 545 3000 et
568 2968 868 3010 peccatorum
891 2961 1258 3000 confessionibus
1287 2962 1530 3000 audit-ndis
1565 2962 1768 3002 intende—
