1987 3260
910 200 993 237 Ax.
1026 199 1110 237 1551
1751 196 1822 235 395

203 299 435 349 integrum
465 297 786 349 perseveravit
815 298 860 336 in
888 297 976 336 hac
1003 297 1263 345 voluntate3
1286 300 1335 334 ut
1355 293 1698 345 pulcherrimae
1720 305 1818 345 spe-

201 370 287 409 ciei
309 369 414 409 dote
442 368 680 420 praeditus
709 373 799 416 est,
827 367 890 407 ita
918 366 1026 406 forti
1054 379 1108 407 ac
1134 366 1324 407 robusto
1352 376 1563 416 corpore,
1596 370 1661 414 et,
1699 364 1818 414 quod

201 439 349 491 majus
369 445 453 489 est,
477 439 599 479 bona
621 438 762 478 animi
784 438 935 478 indole
952 444 996 477 et
1017 438 1259 478 modestia.

279 510 329 550 In
363 510 480 550 festo
513 509 812 549 Pentecostes
844 514 1121 559 receperunt
1162 520 1188 548 a
1223 507 1438 547 Patribus
1474 511 1821 546 sacramentum

200 581 395 632 synaxis
417 579 684 620 scholastici
705 580 1039 631 quadraginta,
1064 579 1351 630 singulisque
1374 577 1533 617 diebus
1566 576 1696 617 festis
1722 587 1822 627 per-

199 657 417 692 severant
457 651 601 690 multi.
639 650 782 690 Multa
818 651 907 690 alia
944 650 1201 701 potuissent
1237 661 1264 689 a
1298 649 1514 700 Patribus
1549 647 1648 687 fieri
1683 654 1726 687 et
1763 647 1822 686 ad

200 723 248 762 P.
272 722 323 763 T.
348 722 509 771 scribi,
539 723 629 761 nisi
659 722 912 762 obstitisset
940 720 1139 761 adversa
1166 719 1386 760 valetudo
1414 718 1463 758 P.
1493 718 1752 770 Baptistae,
1776 717 1823 757 in

199 805 338 844 quam
359 793 546 844 saepius
567 793 746 832 recidit.

278 863 363 903 His
384 863 522 903 finem
539 863 722 903 dicendi
738 863 923 913 faciam,
944 862 1277 902 commendans
1293 861 1582 901 orationibus
1598 859 1647 899 P.
1671 859 1722 899 T.
1745 860 1822 899 im-

198 935 360 985 primis
396 934 598 974 animam
634 945 811 984 meam,
848 933 1013 973 deinde
1047 933 1253 973 infirmos
1287 932 1450 972 Patres
1485 943 1539 971 ac
1575 930 1822 970 universos

197 1006 409 1056 Fratres,
440 1005 516 1057 qui
537 1016 698 1045 omnes
725 1005 860 1045 simul
888 1005 1174 1056 complemus
1202 1015 1446 1043 numerum
1467 1001 1819 1049 duodenarium,

197 1077 405 1128 exeeptis
427 1076 606 1116 duobus
627 1076 827 1115 famulis.

278 1148 401 1188 Bene
429 1147 554 1197 vale,
585 1147 647 1186 mi
672 1146 727 1186 R.
756 1146 805 1186 P.
835 1147 882 1186 in
910 1144 1112 1186 Domino
1133 1145 1265 1198 Jesu,
1295 1156 1432 1196 quem
1465 1155 1688 1195 rogamus
1709 1148 1757 1182 ut
1779 1149 1823 1181 te

198 1218 275 1257 diu
296 1218 428 1257 nobis
444 1218 722 1257 incolumem
744 1222 915 1257 servet.

279 1288 511 1338 Lutetiae,
535 1287 757 1328 Kalendis
780 1284 1064 1339 Septembris
1090 1288 1204 1327 1551.

278 1358 406 1399 Tuus
427 1359 473 1398 in
495 1358 680 1399 Christo
702 1358 1105 1398 obedientissimus
1127 1359 1262 1408 filius,

1000 1500 1247 1540 RossERTUs
1277 1499 1609 1540 CLAYssomus.

278 1713 630 1764 Superscm'ptl‘o
653 1712 701 1752 in
722 1717 895 1764 quarta
910 1713 1113 1764 pagina.
1141 1712 1241 1753 R.d0
1272 1713 1319 1753 in
1346 1712 1532 1753 Christo
1560 1711 1702 1761 Patri,
1732 1711 1824 1751 Do-

199 1785 324 1823 mino
348 1784 529 1835 Ignatio
556 1784 610 1824 de
638 1784 839 1836 Loyola,
869 1783 1142 1836 Praeposito
1175 1783 1394 1824 Generali
1423 1782 1671 1824 Societatis
1698 1783 1821 1835 Jesu.

199 1854 336 1905 Apud
358 1853 582 1895 Sanctum
603 1854 830 1894 Marcum.
853 1855 904 1895 In
924 1855 1117 1895 aedibus
1137 1854 1184 1895 S.
1207 1854 1384 1895 Mariae
1406 1854 1461 1894 de
1479 1853 1663 1894 Strada.

1376 1997 1559 2037 ROMAE.

280 2208 531 2249 Solvantur
553 2209 691 2249 latori
711 2215 910 2260 quatuor
932 2209 1065 2250 solidi
1086 2210 1300 2250 Romani.

280 2279 389 2320 Alia
425 2291 568 2320 manu
601 2279 648 2319 in
668 2280 763 2320 ima
777 2281 992 2331 paginae
1013 2284 1211 2332 quartae
1238 2292 1350 2321 ora:
1389 2281 1512 2331 1551,
1543 2281 1738 2320 Lutetie.
1770 2281 1826 2320 de

200 2351 465 2399 Clausonio,
490 2350 696 2390 calendis
717 2351 959 2391 setenbris.

279 2421 342 2461 Et
362 2432 506 2460 maun
528 2421 577 2472 J.
597 2421 688 2460 Ple.
720 2421 836 2461 Vitos
853 2421 970 2473 Qua.
994 2422 1172 2474 Parigi‚
1197 2424 1283 2463 cal.
1308 2422 1443 2473 ἰωὴ,
1469 2422 1581 2463 Sett.
1610 2423 1676 2461 51.
1703 2422 1754 2473 Q.
1778 2423 1823 2462 S.

280 2492 341 2532 El
361 2492 410 2531 ill
433 2491 575 2532 tertia
590 2492 774 2543 pagina
792 2504 799 2532 ἰ
819 2500 848 2532 οἱ
866 2499 937 2543 ἐμοὶ
956 2499 1014 2532 {co-‘c
1032 2500 1166 2538 πτωγοὶ
1184 2500 1299 2545 ὥσπερ
1316 2498 1398 2544 ἒγω.
