1987 3260
292 160 363 197 422
801 160 1025 196 Ll'r'rERAE
1053 169 1414 202 QUADRIMESTREs

293 257 512 296 diocriter
546 256 592 295 in
626 256 838 296 doctrina
872 256 1094 306 versatis,
1133 267 1187 295 eo
1223 256 1474 306 confluunt)
1516 257 1572 296 ab
1608 268 1687 296 ore
1722 256 1916 295 dicentis

292 326 544 378 pendeant,
569 327 852 377 multumque
874 326 932 366 ad
953 326 1139 377 pietatis
1167 332 1210 366 et
1241 325 1386 365 divini
1417 327 1567 366 cultus
1590 326 1740 366 officia
1762 326 1915 366 stimu-

292 399 462 449 lentur;
495 403 539 437 et
566 410 625 438 eo
659 408 803 448 usque
837 397 953 436 bene
986 397 1113 437 audit
1149 396 1270 448 apud
1305 409 1486 443 omnes,
1518 403 1567 437 ut
1602 398 1647 437 in
1680 397 1809 437 festis
1845 409 1915 436 so-

293 469 592 508 lemnioribus
628 468 686 507 ad
720 468 933 507 diversas
967 473 1010 507 et
1044 468 1322 519 praecipuas
1357 467 1579 508 ecclesias
1610 467 1918 508 concionandi

296 539 450 589 gratia
473 545 681 579 vocetur.

375 610 425 649 In
445 610 564 649 festo
586 609 642 648 D.
667 608 791 648 Petri
810 614 1004 660 rogatus
1031 614 1100 648 est
1129 615 1178 649 ut
1204 609 1250 648 in
1278 609 1476 648 ecclesia
1498 609 1648 649 eidem
1667 609 1790 649 Divo
1814 620 1918 648 con-

296 686 500 730 secrata,
535 691 694 719 coram
723 678 855 719 Rmo.
894 679 1095 719 Domino
1130 679 1428 730 Inquisitore,
1465 679 1670 719 civitatis
1703 685 1919 730 praetore

295 757 339 789 et
362 751 550 801 reliquis
572 750 929 800 magistratibus
950 750 1323 789 concionaretur.

376 821 625 860 Praeterea
660 832 765 860 cum
796 820 1025 872 jubilaeus
1060 821 1123 870 (ut
1158 821 1342 871 dicitur)
1381 821 1586 860 indultus
1621 833 1647 860 a
1684 820 1920 869 Pontifice,

298 903 477 931 summo
499 892 545 930 in
566 892 736 942 templo
757 892 878 942 plebi
900 891 1268 943 promulgandus
1283 898 1424 942 esset,
1444 891 1664 931 Vicarius
1686 903 1791 931 cum
1812 903 1920 932 non-

298 963 434 1002 nullis
461 962 700 1002 canonicis
732 962 789 1002 ad
820 962 878 1002 D.
912 962 1100 1002 Petrum
1128 962 1340 1013 accessit,
1365 968 1414 1002 ut
1436 964 1482 1002 in
1512 963 1709 1002 ecclesia
1741 963 1923 1002 concio-

298 1033 400 1072 nari
434 1034 573 1072 vellet
602 1044 796 1083 rogans,
829 1039 873 1073 et
907 1034 1076 1084 populo
1103 1032 1291 1084 jubilaei
1326 1033 1618 1073 conditiones
1653 1039 1920 1084 exponeret,

297 1104 420 1155 quod
442 1104 647 1143 omnium
670 1116 849 1143 summo
872 1106 1099 1155 applausu
1120 1104 1364 1155 praestitit.

377 1174 515 1215 Pater
536 1174 703 1214 Daniel
725 1175 847 1225 apud
876 1175 1092 1214 mulieres
1113 1186 1139 1213 a
1160 1175 1353 1214 summis
1379 1175 1586 1225 peccatis
1608 1174 1665 1214 ad
1688 1174 1925 1215 Christum

297 1257 573 1295 conversas,
599 1258 714 1297 quas
740 1247 882 1296 vulgo
910 1247 1199 1297 poenitentes
1225 1246 1518 1297 appellitant,
1551 1246 1711 1285 diebus
1732 1245 1924 1286 domini-

299 1317 364 1356 cis
384 1317 537 1368 pergit
554 1317 727 1356 habere
744 1317 1037 1367 concionem,
1057 1328 1205 1367 neque
1222 1317 1268 1356 id
1284 1317 1382 1356 sine
1400 1317 1604 1356 maximo
1626 1316 1793 1366 fructu,
1817 1327 1926 1355 nam

299 1389 546 1439 pleraeque
575 1399 749 1438 earum,
775 1388 990 1439 quamvis
1012 1387 1183 1427 mundo
1214 1393 1258 1427 et
1289 1388 1442 1427 carnis
1470 1387 1787 1438 voluptatibus
1815 1398 1926 1426 nun-

297 1459 420 1498 cium
440 1459 748 1509 remisissent,
773 1464 831 1508 et,
856 1459 1070 1509 religioni
1092 1470 1139 1498 se
1161 1464 1507 1507 consecrantes,
1533 1469 1693 1497 omnes
1721 1457 1928 1497 libidino-

299 1542 378 1569 sae
401 1530 669 1581 cupiditatis
689 1530 814 1569 feces
834 1530 1170 1577 evomuissent,
1195 1535 1351 1568 tamen
1378 1529 1520 1568 veluti
1543 1540 1683 1568 canes
1706 1528 1764 1568 ad
1784 1528 1927 1567 vomi-

296 1607 393 1640 tum
434 1601 609 1640 reverti
649 1600 989 1640 desiderabant.
1032 1599 1123 1639 Sed
1160 1611 1304 1647 nunc,
1347 1610 1527 1639 summo
1561 1599 1648 1639 Dei
1683 1598 1924 1647 beneficiO,

296 1671 592 1711 libidinosum
628 1671 751 1711 istud
786 1671 1066 1710 desiderium
1096 1671 1228 1710 verbi
1259 1670 1404 1710 divini
1434 1670 1682 1710 conciones
1718 1669 1924 1708 extinxe-

298 1747 425 1792 runt,
450 1747 494 1781 et
515 1742 755 1792 religionis
776 1741 1114 1793 professionem
1137 1741 1434 1780 solidioribus
1461 1739 1774 1780 fundamentis
1795 1739 1927 1779 robo-

298 1818 449 1853 ratam
471 1813 820 1863 confirmarunt,
846 1825 904 1852 ex
925 1824 1015 1863 quo
1038 1812 1156 1863 illae,
1182 1812 1468 1851 conculcatis
1491 1811 1721 1862 omnibus,
1745 1822 1931 1850 crucem

299 1883 471 1923 Christi
493 1884 731 1935 amplecti,
763 1883 934 1923 mundo
966 1883 1105 1933 mori,
1136 1883 1221 1922 soli
1250 1882 1436 1922 Christo
1464 1882 1624 1921 vivere
1660 1887 1927 1933 coeperunt.

381 1956 533 1995 Etiam
554 1955 783 1995 Dominus
804 1954 1005 1993 Michael
1027 1954 1229 1993 Botellus
1261 1965 1369 1992 suas
1401 1952 1459 1992 ad
1487 1953 1665 1992 nobiles
1692 1958 1931 1992 matronas

299 2027 448 2079 prima
488 2037 670 2077 quaque
711 2026 972 2074 dominica,
1015 2033 1062 2065 et
1100 2025 1158 2064 ad
1197 2024 1487 2075 peccatrices
1525 2023 1741 2063 mulieres
1779 2022 1929 2073 primo

299 2108 481 2149 quoque
504 2097 577 2136 die
606 2096 789 2136 sabbati
818 2095 1060 2147 cujuslibet
1084 2095 1271 2145 mensis,
1303 2094 1554 2134 conciones
1580 2093 1743 2133 haberi
1770 2093 1931 2133 solitas

300 2181 392 2208 non
414 2168 699 2217 intermittit3
724 2178 782 2206 ex
803 2167 967 2217 quibus
996 2177 1091 2205 non
1122 2165 1369 2205 mediocris
1390 2165 1570 2205 fructus
1591 2164 1818 2204 hactenus
1840 2164 1929 2203 col-

300 2241 447 2278 lectus
482 2244 564 2278 est.
605 2237 723 2277 Nam
759 2249 842 2276 sex
882 2236 1197 2287 peccatrices,
1231 2247 1257 2275 a
1284 2235 1447 2287 paucis
1482 2235 1661 2284 diebus,
1700 2234 1931 2273 detestata

301 2310 425 2360 turpi
462 2308 673 2359 corporis
712 2307 1058 2358 prostitutione,
1096 2313 1280 2356 sumpto
1325 2305 1573 2344 salubriori
1601 2310 1644 2344 et
1674 2303 1933 2343 honestiori

302 2385 440 2429 statu,
482 2384 762 2429 nupserunt,
800 2378 991 2428 reliquis
1029 2377 1184 2416 omnia
1227 2376 1367 2416 saluti
1403 2376 1632 2415 viciniora
1671 2385 1929 2426 speramus.

302 2450 474 2490 Multae
510 2449 680 2489 etenim
716 2450 835 2488 inter
872 2447 1263 2497 concionandum,
1291 2447 1455 2486 crebra
1486 2446 1708 2485 ducentes
1744 2445 1801 2484 ab
1840 2445 1932 2484 imo

303 2520 457 2560 cordis
496 2519 718 2570 suspiria,
762 2519 1031 2569 lachrymas
1070 2517 1287 2567 fundunt,
1335 2522 1378 2556 et
1420 2517 1612 2556 meliora
1646 2516 1692 2555 in
1727 2515 1933 2554 futurum

305 2590 520 2630 videntur
547 2589 770 2641 polliceri.

384 2661 517 2701 Alias
548 2660 788 2709 audivisti,
821 2658 868 2698 P.
900 2659 945 2697 in
976 2658 1160 2698 Christo
1184 2657 1497 2707 observande,
1522 2662 1719 2708 quatuor
1736 2655 1934 2707 juvenes

306 2732 507 2783 optimae
530 2731 698 2770 indolis
720 2730 767 2769 in
787 2734 997 2768 nostram
1017 2727 1300 2768 Societatem
1320 2728 1482 2778 paucis
1511 2726 1679 2766 abhinc
1701 2725 1935 2765 mensibus

309 2808 579 2854 cooptatos,
613 2812 783 2851 eosque
817 2800 863 2839 in
897 2805 1028 2850 parte
1063 2798 1263 2849 quadam
1297 2798 1461 2838 domus
1496 2810 1523 2837 a
1557 2797 1689 2836 nobis
1725 2795 1933 2848 sejuncta

305 2873 436 2924 jussu
457 2872 549 2912 Rdi
572 2873 726 2912 Patris
757 2870 945 2910 Domini
974 2870 1249 2920 Hieronymi
1280 2869 1461 2909 Natalis
1491 2868 1746 2907 collocatos
1774 2866 1932 2915 fuisse;

306 2956 446 2994 quam
480 2949 661 2994 partem
691 2942 877 2982 domum
907 2940 1195 2992 probationis
1229 2939 1558 2979 consuevimus
1590 2938 1839 2989 appellare.
1876 2936 1937 2975 lis
