1987 3260
216 186 288 223 048
728 184 954 221 LITTERAE
981 192 1335 225 QUADfflMESTRES

214 289 341 332 rant;
366 281 426 321 ibi
447 280 676 332 quaedam
703 279 987 331 paupercula
1008 278 1063 318 iis
1092 277 1310 326 occurrit,
1339 277 1585 317 reticulum
1613 279 1836 319 muliebre

218 352 274 392 ab
296 352 442 391 altera
462 351 720 402 postulans.
746 349 810 389 At
830 349 927 398 illa,
948 348 1062 388 mihi
1083 360 1211 399 vero,
1234 348 1395 399 inquit,
1418 348 1492 388 hic
1512 359 1606 388 non
1622 354 1692 388 est
1712 349 1842 389 aliud

215 434 355 474 quam
385 421 431 461 id
457 421 580 472 quod
606 426 762 471 gest03
795 419 877 459 sed
898 425 947 458 tu
968 418 1197 470 tantisper
1217 424 1454 469 exspecta,
1487 417 1596 458 dum
1625 424 1835 459 revertar

215 493 402 533 domum
424 497 467 532 et
489 491 594 531 inde
615 491 813 531 mittam.
835 490 938 530 Hoc
966 501 1162 530 cernens
1184 501 1302 540 quae
1329 489 1395 529 illi
1415 494 1516 529 erat
1545 490 1688 540 socia,
1713 491 1835 540 cogi-

215 570 319 602 tans
349 573 571 612 magnam
591 561 677 601 sibi
699 561 902 601 oblatam
923 560 1220 600 occasionem
1239 560 1384 599 multa
1404 571 1489 611 pro
1517 571 1566 599 re
1588 560 1680 600 levi
1700 561 1833 600 lucri—

216 632 430 683 faciendi,
461 633 500 672 si
522 643 570 671 se
599 632 740 671 etiam
767 643 852 671 suo
881 631 1103 682 privaret,
1138 641 1369 670 conversa
1397 630 1456 670 ad
1483 631 1836 682 pauperculam,

216 703 389 754 accipe,
414 702 574 753 inquit,
599 708 643 742 et
665 702 926 742 detractum
942 702 1029 742 sibi
1044 700 1251 741 modeste
1273 701 1328 741 de
1345 702 1498 752 capite
1516 701 1729 752 porrigit.
1750 701 1845 741 Hic*

216 786 263 814 se
284 774 527 825 increpare
548 773 625 813 illa
652 772 779 824 prior
807 773 967 822 tacite,
998 777 1135 823 atque
1165 771 1287 823 apud
1314 784 1363 811 se
1392 772 1546 811 dicere
1574 772 1713 823 longe
1740 784 1789 812 se
1811 784 1838 812 a

215 845 443 884 charitate
469 844 590 883 illius
618 842 816 893 differre,
847 854 964 894 quae
992 842 1127 892 idem,
1158 842 1280 894 quod
1307 842 1422 893 ipsa,
1452 842 1607 883 facere
1637 854 1733 882 non
1759 854 1835 894 po-

214 915 392 955 tuisset.
414 914 569 954 Parva
599 914 716 953 haec
736 924 826 963 res,
851 913 931 953 sed
952 913 991 952 si
1011 913 1192 953 animus
1218 912 1463 964 pendatur,
1496 913 1610 952 satis
1643 924 1833 964 magum

215 986 272 1025 ob
292 997 432 1036 quam
461 985 558 1033 illa,
583 985 770 1024 domum
792 995 998 1033 reversa,
1023 995 1079 1023 ne
1101 995 1127 1022 a
1150 983 1373 1035 lacrymis
1394 983 1594 1034 quidem,
1619 983 1790 1023 nedum
1812 996 1838 1023 a

215 1056 387 1106 dolore,
412 1055 497 1095 sibi
519 1055 811 1106 temperavit.

293 1126 383 1167 Sed
404 1126 463 1166 ad
484 1126 611 1166 viros
632 1131 860 1175 revertar,
885 1137 1082 1177 quorum
1102 1131 1231 1165 tanta
1253 1131 1322 1165 est
1343 1125 1549 1165 charitas
1571 1130 1710 1176 atque
1733 1136 1834 1164 san-

214 1198 350 1237 ctitas
383 1203 432 1237 ut
467 1197 629 1237 domos
657 1196 797 1236 etiam
826 1196 1123 1236 meretricum
1150 1196 1436 1236 circumeant
1466 1196 1568 1244 (hoc
1601 1207 1714 1235 vero
1745 1207 1837 1235 non

212 1268 300 1308 nisi
320 1268 457 1319 pauci
484 1267 676 1317 faciunt)
700 1267 759 1307 ad
786 1267 1119 1319 poenitentiam
1144 1267 1461 1317 adhortantes,
1494 1267 1630 1318 idque
1659 1266 1838 1306 securis

213 1340 394 1379 illorum
416 1338 691 1390 conjugibus
712 1350 862 1389 neque
886 1338 1136 1389 quicquam
1157 1337 1213 1377 de
1235 1337 1418 1376 illorum
1438 1337 1610 1376 virtute
1627 1336 1834 1376 dubitan—

212 1410 347 1460 tibus,
373 1416 420 1449 ut
447 1421 566 1460 quae
594 1415 638 1448 et
667 1409 796 1460 ipsae
817 1409 905 1460 piis
931 1414 1100 1448 vacent
1131 1408 1361 1459 operibus.
1385 1407 1505 1458 DuQ
1539 1414 1588 1447 ut
1624 1413 1837 1447 caeteros

211 1481 433 1531 omittam,
458 1480 618 1531 paucis
641 1485 747 1519 ante
769 1479 930 1519 diebus
947 1479 1133 1518 domum
1150 1478 1473 1518 meretriculae
1491 1484 1596 1517 sunt
1613 1477 1833 1528 ingressi,

211 1562 407 1602 quorum
440 1552 558 1590 alter
594 1550 883 1599 crucifixum,
920 1551 1037 1589 alter
1071 1550 1241 1589 mortui
1277 1549 1534 1589 calvariam
1570 1548 1654 1588 sub
1692 1549 1832 1598 pallio

209 1621 443 1672 gestabat3
467 1621 538 1660 his
566 1627 720 1660 autem
742 1621 869 1660 velut
899 1620 1040 1659 armis
1069 1620 1194 1660 illam
1222 1620 1436 1670 aggressi
1467 1625 1605 1670 atque
1635 1618 1834 1658 ubertim

209 1693 444 1743 lacrymas
479 1691 786 1741 effundentes,
823 1692 972 1742 ipsam
1008 1702 1189 1741 quoque
1230 1691 1288 1730 ad
1326 1691 1561 1741 lacrymas
1606 1689 1830 1740 compule-

209 1768 328 1808 runt;
355 1768 520 1802 coacta
547 1774 660 1801 vero
689 1762 795 1801 illuc
818 1768 1006 1812 repente
1037 1761 1299 1801 vicinorum
1327 1760 1631 1809 multitudine,
1667 1760 1830 1799 adhor-

208 1834 297 1873 tari
319 1846 398 1873 eas
420 1839 671 1885 coeperunt
699 1833 757 1872 ad
785 1833 1137 1884 poenitentiam,
1169 1844 1332 1883 neque,
1356 1839 1403 1871 ut
1433 1837 1665 1882 putamus,
1700 1831 1830 1870 inuti-

206 1904 324 1944 liter.
349 1904 474 1944 Dant
495 1916 677 1955 quoque
699 1914 887 1954 operam
908 1909 957 1942 ut
982 1914 1218 1954 nunquam
1241 1902 1298 1942 ad
1319 1902 1592 1941 concionem
1623 1902 1831 1946 veniant,

207 1976 315 2027 quin
337 1975 537 2026 aliquem
557 1987 716 2014 secum
733 1974 987 2022 adducant,
1012 1974 1148 2024 gravi
1167 1974 1321 2025 aliquo
1344 1974 1519 2013 scelere
1536 1973 1828 2023 implicitum.

208 2046 467 2085 Permultos
484 2046 623 2085 etiam
642 2046 700 2085 ad
716 2045 1056 2084 confessionem
1079 2044 1328 2094 adducunt,
1348 2050 1532 2095 praeter
1555 2043 1670 2093 illos,
1695 2055 1830 2094 quos,

207 2129 230 2155 e
253 2117 518 2156 carceribus
541 2116 747 2166 eductos,
778 2127 870 2154 non
892 2116 1020 2166 prius
1043 2115 1276 2154 dimittunt
1298 2127 1437 2166 quam
1465 2114 1761 2154 confessuros
1785 2114 1830 2153 in

206 2189 427 2238 templum
449 2194 659 2226 nostrum
680 2185 969 2226 deduxerint.
1002 2186 1173 2226 Parant
1196 2192 1239 2225 et
1262 2185 1384 2225 domi
1406 2197 1517 2224 suae
1548 2184 1835 2235 pauperibus

207 2258 334 2297 cibos
356 2269 525 2308 eosque
549 2259 621 2297 vel
643 2257 849 2297 invitatis
867 2257 1152 2307 dispensant,
1178 2258 1251 2296 vel
1275 2257 1462 2296 domum
1480 2256 1680 2305 mittunt,
1702 2267 1832 2306 prae-

207 2329 366 2368 sertim
395 2328 433 2368 51
455 2336 559 2367 511111
586 2328 772 2377 1111111111,
796 2334 844 2367 111
866 2328 1025 2367 venire
1048 2327 1231 2367 invitati
1252 2333 1498 2378 nequeant.
1526 2326 1625 2365 Hoc
1657 2332 1839 2377 postre-

209 2411 332 2438 mum
354 2398 411 2438 ad
433 2399 561 2437 viros
583 2405 626 2438 et
654 2398 871 2437 mulieres
889 2397 1021 2449 juxta
1050 2398 1261 2448 pertinet.

286 2470 344 2509 Hi
365 2476 471 2509 sunt
493 2470 742 2509 continuae
764 2468 1076 2508 confessionis
1101 2468 1431 2519 concionisque
1453 2471 1722 2518 proventus,
1742 2467 1833 2516 qui-

210 2541 293 2579 bus
308 2540 511 2591 quotidie
529 2540 708 2579 accedit
730 2539 902 2590 aliquid
921 2539 1009 2579 Dei
1026 2540 1232 2578 bonitate
1250 2545 1293 2578 et
1311 2538 1571 2578 clementia.
1591 2536 1693 2576 Non
1710 2537 1834 2576 enim

209 2610 418 2661 defuere,
458 2611 534 2661 qui
569 2622 674 2649 cum
709 2622 790 2660 per
823 2616 969 2649 totam
999 2621 1142 2660 prope
1178 2609 1455 2648 concionem
1490 2608 1742 2655 flevissent,
1781 2620 1840 2648 ea

212 2681 438 2731 absoluta,
472 2681 757 2731 perstiterint
791 2692 880 2719 una
912 2680 1026 2719 hora
1056 2681 1391 2731 lacrymantes,
1431 2691 1486 2718 ac
1519 2679 1720 2728 tandem,
1753 2690 1826 2717 Vo-

212 2758 316 2790 cato
339 2752 493 2802 aliquo
515 2763 573 2790 ex
593 2751 764 2790 nostris
785 2751 1119 2799 sacerdotibus,
1144 2749 1240 2800 ejus
1263 2762 1311 2790 se
1333 2750 1540 2790 consiliis
1556 2755 1679 2789 totos
1711 2759 1831 2789 com-

215 2822 438 2860 miserint.

294 2891 468 2930 Nobilis
492 2892 568 2930 11111
589 2898 632 2930 et
654 2891 785 2930 dives
802 2897 1030 2940 matrona,
1053 2902 1189 2941 quam
1207 2891 1422 2941 superius
1439 2889 1672 2929 Donatam
1692 2889 1833 2928 nomi-

213 2961 441 3009 navimus,
482 2961 639 3007 vidua,
676 2961 863 2999 vineam
899 2960 944 2998 in
974 2972 1107 2999 usum
1143 2960 1327 3010 collegii
1364 2959 1500 3010 hujus
1535 2960 1657 2999 dedit
1694 2959 1829 2998 dono.
