1987 3260
219 198 288 234 394
723 197 948 232 Li‘r'rERAE
975 207 1332 239 QUADRtMESTREs

219 303 275 331 ac
296 304 378 344 per
398 293 563 332 horam
585 304 689 332 cum
720 291 910 331 dimidia
938 292 1166 331 allocutus
1192 298 1261 332 est
1288 293 1337 332 P.
1368 293 1628 344 Baptistam
1663 300 1758 333 tam
1785 293 1840 333 de

217 363 303 412 his,
330 375 448 414 quae
468 363 516 402 in
542 363 762 402 universa
791 361 1042 412 Societate,
1068 373 1206 413 quam
1229 362 1283 402 de
1305 363 1391 413 his,
1417 375 1533 414 quae
1556 364 1614 403 ad
1643 365 1839 404 salutem

218 440 260 473 et
282 433 651 473 aedificationem
673 433 857 472 animae
878 444 989 472 suae
1010 432 1202 473 faciunt.
1238 433 1408 473 Omnes
1439 434 1658 484 epistolas
1688 433 1837 474 Socie-

218 504 327 544 tatis
347 510 557 554 nostrae,
581 515 697 554 quae
719 502 777 542 ad
798 515 883 542 nos
904 502 1194 553 deferuntur,
1214 504 1390 554 primus
1412 505 1524 554 petit
1544 513 1586 544 et
1609 505 1837 555 benignis·

218 575 332 614 sime
354 575 526 625 excipit
543 574 760 626 jubetque
781 585 863 624 per
885 574 1169 613 sacellanum
1191 585 1324 613 suum
1351 574 1397 613 in
1424 575 1641 614 volumen
1672 576 1837 626 redigi,

216 645 339 696 quod
361 645 428 695 (ni
448 645 603 694 fallor)
626 644 836 684 excrevit
856 644 903 683 in
925 644 1291 695 magnitudinem
1319 644 1620 695 epistolarum
1646 645 1836 685 familia-

217 717 338 756 rium
358 716 613 756 Ciceronis.

297 787 505 827 Clericus
538 785 781 837 cujusdam
817 785 1100 836 Consiliarii,
1132 786 1205 825 eui
1232 786 1469 836 negotium
1498 787 1734 837 privilegii
1764 799 1838 826 no-

217 858 301 897 stri
335 858 633 897 commissum
660 856 833 906 fuerat,
863 857 939 897 ubi
965 857 1161 908 perlegit
1190 857 1453 897 Institutum
1481 856 1726 897 Societatis
1764 869 1838 897 no-

217 934 355 977 strae,
382 928 497 968 adeo
527 939 613 967 nos
644 928 777 967 unice
807 927 981 978 dilexit,
1008 933 1057 967 ut
1087 927 1274 967 omnino
1300 928 1462 979 spiritu
1491 927 1736 967 Societatis
1763 940 1839 968 no-

217 1005 341 1039 strae
362 999 468 1038 duci
490 999 719 1038 videatur.
742 999 785 1039 Is
804 999 937 1038 brevi
965 999 1189 1038 exercitia
1211 998 1525 1049 aggredietur,
1558 999 1633 1038 ubi
1661 999 1768 1050 quid
1786 999 1845 1038 de·

216 1069 328 1120 ipsis
349 1068 456 1119 (sic)
478 1069 706 1109 Dominus
728 1069 944 1120 disponat
965 1069 1237 1109 Videbimus.

296 1139 478 1180 Addam
496 1146 539 1179 et
556 1139 681 1191 illud,
702 1140 839 1191 quod,
858 1140 1063 1180 nondum
1080 1140 1230 1180 factus
1246 1139 1491 1180 Societatis
1508 1146 1696 1180 nostrae
1719 1145 1840 1179 cate-

217 1211 485 1261 chumenus,
511 1211 780 1250 consocium
802 1211 1048 1262 quemdam
1069 1222 1218 1261 suum,
1233 1209 1453 1262 juvenem
1469 1211 1653 1262 quidem
1670 1210 1841 1249 bonum

216 1289 258 1321 et
281 1281 555 1330 modestum,
582 1283 627 1321 in
649 1281 1014 1321 familiaritatem
1031 1288 1240 1321 nostram
1256 1282 1465 1322 traduxit
1483 1294 1490 1321 :
1510 1280 1696 1332 jamque
1718 1292 1743 1320 a
1765 1281 1837 1320 tri-

214 1354 299 1393 bus
321 1353 557 1392 mensibus
578 1363 749 1403 magno
771 1364 876 1392 cum
898 1353 1063 1404 spiritu
1091 1359 1135 1393 et
1165 1353 1434 1403 devotione,
1459 1352 1653 1402 singulis
1680 1351 1843 1392 diebus

215 1424 365 1472 sestis,
388 1436 470 1475 per
493 1423 800 1463 ministerium
821 1423 1031 1474 Patrum,
1057 1424 1134 1474 qui
1155 1423 1228 1463 hic
1251 1429 1379 1474 sunt,
1410 1428 1705 1462 sacramenta
1736 1434 1833 1462 con-

215 1494 429 1534 fessionis
463 1502 506 1535 et
540 1494 852 1535 eucharistiae
879 1494 1064 1545 recipit,
1095 1505 1231 1545 quem
1259 1499 1302 1533 et
1337 1505 1578 1545 speramus
1619 1492 1841 1532 exercitia

216 1576 565 1616 aggressurum.

295 1635 495 1686 Quidam
527 1637 644 1675 alius
667 1635 853 1687 juvenis
880 1636 1101 1675 exercitia
1130 1635 1237 1675 fecit
1265 1635 1425 1675 dicens
1446 1647 1495 1674 se
1522 1635 1640 1674 velle
1663 1634 1718 1673 de
1739 1645 1841 1684 pro-

213 1717 379 1756 gressu
414 1706 537 1746 vitae
574 1717 685 1746 suae
721 1707 966 1758 disponere
997 1705 1130 1757 juxta
1166 1705 1409 1745 consilium
1442 1705 1660 1754 Patrum,
1698 1716 1843 1755 eoque

215 1787 494 1827 progressus
528 1782 596 1816 est
632 1777 678 1816 in
714 1777 969 1826 exercitiis,
994 1782 1042 1815 ut
1062 1776 1288 1816 fateretur
1317 1788 1365 1815 se
1396 1788 1422 1815 a
1453 1775 1638 1815 Christo
1667 1775 1723 1814 ab
1753 1775 1843 1814 hoc

215 1847 401 1887 saeculo
423 1847 628 1887 avocari.
654 1847 831 1887 Verum
863 1847 970 1886 dum
997 1846 1147 1886 differt
1178 1846 1613 1886 determinationem
1643 1844 1841 1896 Spiritus

215 1916 372 1957 Sancti
400 1924 443 1957 et
469 1919 568 1957 vult
597 1918 687 1957 alia
717 1918 958 1957 hominum
987 1917 1181 1957 consilia
1210 1928 1454 1968 quaerere,
1493 1928 1601 1956 ecce
1637 1916 1843 1956 decernit

213 1988 408 2040 sepelire
430 1994 640 2028 mortuos
662 2000 783 2028 suos.
814 1988 916 2028 Hoc
944 1988 1095 2027 scribo
1122 1994 1171 2027 ut
1199 1988 1380 2027 discant
1409 1987 1486 2027 alii
1516 1988 1727 2038 exemplo
1759 1998 1842 2026 suo

213 2059 364 2110 magis
397 2059 678 2099 credendum
708 2059 973 2099 testimonio
1003 2058 1176 2098 Christi
1203 2064 1246 2097 et
1274 2057 1588 2097 conscientiae
1624 2057 1840 2108 propriae

214 2130 450 2169 incitantis
470 2142 555 2169 nos
577 2130 636 2170 ad
662 2130 854 2180 bonum,
880 2140 1018 2180 quam
1039 2129 1277 2168 hominum
1305 2128 1589 2180 perditorum
1615 2128 1835 2177 consiliis,

213 2201 291 2251 qui
311 2206 497 2240 terrena
518 2201 718 2251 sapiunt.
742 2200 816 2240 Ab
837 2200 937 2251 ipso
959 2200 1349 2251 exspectabamus
1368 2210 1590 2249 magnum
1620 2198 1838 2247 fructum,

214 2271 251 2310 si
268 2283 472 2322 unquam
494 2272 550 2311 ab
572 2272 726 2322 aliquo
750 2272 860 2322 alio;
885 2282 1048 2310 verum
1071 2270 1270 2311 Satanas
1287 2270 1541 2320 impedivit.

293 2342 492 2392 Quidam
508 2342 770 2393 religiosus,
791 2343 899 2382 olim
919 2341 1079 2381 Sancti
1096 2340 1342 2391 Dominici,
1363 2352 1485 2380 nunc
1509 2340 1699 2379 alterius
1721 2339 1839 2379 ordi-

212 2412 306 2462 nis,
343 2412 535 2463 perfecit
570 2413 814 2461 exereitia,
844 2424 937 2451 non
971 2412 1070 2451 sine
1099 2423 1270 2462 magno
1300 2410 1453 2450 fructu
1490 2417 1534 2450 et
1568 2410 1693 2449 vitae
1727 2421 1838 2449 suae

214 2482 563 2533 emendatione,
592 2488 875 2534 paratusque
912 2488 979 2521 est
1008 2482 1160 2521 redire
1189 2481 1246 2521 ad
1274 2481 1473 2532 primum
1501 2492 1635 2520 suum
1663 2480 1838 2519 institu-

213 2559 323 2602 tum,
349 2564 375 2592 a
398 2565 487 2604 quo
508 2565 590 2604 per
611 2552 1004 2603 dispensationem
1022 2563 1070 2591 se
1088 2552 1399 2601 subtraxerat,
1421 2551 1560 2591 modo
1575 2550 1718 2600 recipi
1737 2561 1838 2600 pos—

212 2624 284 2674 sit,
306 2624 380 2663 vel
395 2624 715 2674 ingressurum
728 2623 1038 2673 Carthusiam,
1059 2623 1133 2662 vel
1149 2622 1478 2661 mansurumin
1493 2633 1575 2660 sua
1594 2620 1833 2670 religione,

211 2695 439 2745 promisit.
464 2694 672 2734 Tandem
692 2693 877 2744 rogavit
899 2704 984 2732 nos
1005 2693 1172 2732 obnixe
1190 2693 1235 2732 in
1258 2692 1459 2732 Domino
1481 2697 1530 2731 ut
1559 2691 1721 2730 Patres
1748 2691 1835 2730 dis-

212 2770 437 2814 ponerent
458 2765 513 2804 de
535 2765 635 2815 ipso
657 2764 910 2803 secundum
938 2763 1280 2813 beneplacitum
1301 2773 1476 2802 eorum.

292 2835 524 2886 Receptus
541 2840 609 2875 est
626 2835 673 2874 in
689 2833 969 2874 Societatem
985 2839 1195 2873 nostram
1212 2832 1436 2883 Magister
1454 2832 1687 2872 Oliverius
1702 2832 1835 2871 Flan-

213 2906 292 2944 der
317 2904 342 2955 ¹,
367 2906 422 2945 de
450 2917 540 2956 quo
568 2905 684 2945 alias
714 2905 772 2944 ad
799 2916 885 2944 vos
912 2904 1097 2955 scripsit
1129 2904 1176 2943 P.
1207 2903 1431 2955 Baptista.
1469 2903 1512 2942 Is
1545 2914 1625 2953 per
1662 2914 1835 2942 annum

267 2994 275 3011 ¹
316 2993 349 3019 P.
367 2992 536 3020 Oliverius
553 2992 742 3020 Manareus.
