1987 3260
877 179 959 216 Ax.
991 180 1082 217 1550
1723 180 1794 218 217

169 274 345 315 familia
367 276 560 314 multum
581 275 627 314 in
648 274 849 315 Domino
870 277 1111 315 consolata
1130 275 1228 315 fuit.
1252 275 1388 316 Pater
1415 287 1527 316 vero
1556 276 1793 318 Adrianus

171 346 317 385 altero
340 345 413 385 die
435 344 663 386 discessit.

250 415 425 455 Eodem
447 415 542 456 sere
564 422 789 468 tcmporc,
813 429 918 457 cum
948 417 1086 458 amici
1112 416 1266 457 Patris
1293 416 1491 457 Adriani
1517 422 1562 457 et
1592 417 1669 457 alii
1699 418 1793 468 qui-

172 486 279 526 dam
300 487 493 526 multum
515 496 668 527 essent
690 488 862 528 turbati
885 494 929 528 et
949 487 1240 528 deaedificati
1261 498 1315 527 eo
1337 487 1459 538 quod
1480 486 1630 527 dictus
1657 487 1795 528 Pater

169 557 324 597 omnia
346 557 658 598 haereditaria
679 559 800 598 bona
818 565 1006 610 cuperet
1027 558 1114 599 sibi
1130 558 1231 598 dari
1247 564 1291 598 et
1307 558 1571 609 expendere
1587 558 1634 598 in
1650 558 1793 598 subsi-

171 627 296 667 dium
319 628 599 668 studentium
622 629 668 668 in
689 627 942 680 Societate‚
966 630 1179 670 timentes
1199 629 1441 680 nimirum,
1464 635 1513 669 ut
1530 629 1795 680 frequenter

170 699 228 737 ab
251 699 353 739 aliis
374 699 442 748 fit,
465 699 569 739 lites
587 732 593 749 ,
618 701 855 741 molestias
876 706 1013 752 atque
1034 701 1333 741 alterationes
1355 711 1461 740 cras
1483 705 1561 740 aut
1578 700 1796 751 perendie

171 781 307 820 posse
329 776 492 810 contra
516 782 597 810 eos
619 771 829 816 excitari.
855 772 939 811 ivit
960 770 1097 812 Pater
1113 771 1365 822 Adrianus,
1387 771 1446 811 ob
1462 770 1797 822 profectionem

173 839 499 881 Hollandicam
520 842 774 892 transiens,
797 843 999 893 patriam
1019 854 1171 893 suam,
1196 847 1240 882 et
1260 842 1381 882 hanc
1402 841 1713 882 turbationem
1733 842 1796 881 in-

170 911 397 961 telligens,
415 911 548 952 fratri
565 912 804 964 respondit
821 925 869 952 se
886 924 979 953 non
996 913 1112 953 tanti
1129 913 1376 953 aestimare
1397 912 1553 953 omnia
1568 913 1692 952 bona
1708 912 1796 952 ista

170 982 470 1033 temporalia,
494 989 543 1022 ut
563 990 811 1034 propterea
831 984 943 1023 velit
970 984 1073 1023 lites
1099 995 1310 1034 movere;
1340 984 1422 1023 sed
1447 983 1493 1023 id
1520 983 1643 1034 quod
1669 983 1795 1034 petii,

170 1053 278 1103 quia
301 1065 386 1093 vos
403 1054 504 1104 pios
525 1060 568 1093 et
592 1054 958 1094 conscientiosos
979 1055 1098 1105 scio,
1120 1060 1228 1106 peto
1252 1055 1299 1094 in
1320 1054 1616 1106 simplicitate
1643 1053 1798 1094 cordis

174 1130 363 1175 propter
383 1123 556 1174 Deum,
580 1124 687 1175 quia
708 1131 843 1175 urget
873 1136 945 1165 me
973 1125 1279 1175 conscientia;
1309 1125 1538 1177 reliquum
1559 1125 1798 1165 committo

172 1193 275 1234 Deo
297 1202 341 1234 et
361 1195 511 1235 vobis.
535 1195 655 1236 Nam
674 1195 820 1235 tribus
842 1196 897 1235 de
919 1196 1074 1236 causis
1094 1197 1345 1247 praecipue
1366 1197 1482 1236 haec
1498 1202 1626 1247 peto;
1648 1196 1799 1247 primo

173 1273 221 1305 ut
245 1278 298 1305 eo
327 1266 460 1305 citius
487 1266 662 1317 possim
692 1266 749 1305 ab
778 1266 877 1306 istis
904 1267 1238 1318 temporalibus
1272 1267 1454 1306 absolvi
1480 1273 1524 1307 et
1554 1267 1601 1306 in
1633 1272 1800 1306 sancta

172 1343 445 1387 paupertate
465 1337 627 1376 vivere
649 1348 704 1376 ac
726 1337 862 1386 mori;
887 1336 949 1376 20
970 1343 1019 1376 ut
1035 1337 1114 1387 illi,
1134 1349 1330 1388 quorum
1351 1349 1470 1377 unus
1488 1343 1580 1377 stat
1600 1349 1684 1388 pro
1705 1336 1800 1377 mil-

174 1407 291 1447 libus
320 1407 366 1446 in
392 1407 605 1447 Ecclesia
632 1406 742 1457 Dei,
772 1407 876 1447 inde
907 1413 1245 1457 sustententur;
1280 1407 1344 1447 30
1373 1414 1422 1447 ut
1457 1408 1615 1458 amici,
1654 1413 1801 1447 tanto·

173 1489 276 1517 rum
305 1478 555 1528 bonorum,
592 1489 710 1529 quae
737 1489 819 1528 per
848 1478 974 1529 ipsos
1002 1478 1184 1527 fierent,
1222 1484 1377 1518 essent
1411 1477 1680 1529 participes.
1717 1478 1803 1518 His

173 1549 378 1589 omnium
417 1549 510 1589 oris
549 1549 616 1589 sic
656 1549 931 1600 obstructis,
970 1549 1169 1589 mirabili
1201 1561 1307 1589 cum
1341 1549 1570 1589 charitate
1605 1555 1649 1589 et
1684 1560 1803 1600 pene

175 1620 412 1659 lachrimis
432 1626 615 1660 tantum
635 1620 900 1660 obtulerunt
920 1620 1049 1661 Patri
1068 1619 1280 1660 Adriano
1302 1626 1351 1660 ut
1371 1621 1506 1671 plene
1527 1620 1585 1660 sit
1617 1626 1802 1660 conten-

174 1697 248 1730 tus
269 1702 354 1730 nec
376 1692 573 1742 amplius
595 1697 792 1743 optaret.
816 1692 873 1732 Et
894 1691 958 1732 ita
979 1697 1233 1743 tempestas
1253 1691 1330 1731 illa
1352 1702 1526 1742 magna
1548 1702 1654 1731 cum
1678 1690 1798 1731 aedi-

179 1760 390 1801 ficatione
413 1762 630 1802 cessavit.
655 1762 931 1802 Benedictus
952 1762 1195 1802 Dominus.

250 1833 392 1872 Brevi
427 1832 565 1873 Pater
599 1833 838 1873 Adrianus
872 1833 1096 1873 invitatus
1131 1845 1159 1873 a
1186 1833 1387 1884 quadam
1421 1832 1665 1873 domicella
1699 1842 1805 1872 cum

178 1903 280 1943 aliis
301 1904 415 1943 viris
432 1904 748 1955 spiritualibus
765 1904 823 1944 ad
840 1916 1050 1954 coenam,
1070 1904 1186 1944 vidit
1202 1905 1350 1944 obiter
1366 1904 1661 1944 domicellam
1678 1904 1807 1943 illam

178 1986 320 2014 aurea
333 1981 495 2026 torque
510 1975 701 2026 aliisque
718 1975 936 2026 pretiosis
949 1981 1176 2015 ornatam.
1197 1974 1464 2015 Revolvens
1477 1981 1633 2014 autem
1648 1985 1808 2014 secum

178 2044 301 2095 quod
318 2044 414 2096 jam
437 2045 663 2096 coepisset
685 2046 725 2085 ei
754 2045 1021 2097 frequenter
1052 2045 1262 2086 confiteri
1290 2051 1333 2085 et
1361 2046 1730 2094 communicare,
1763 2051 1807 2085 et

180 2116 302 2166 quod
318 2117 467 2156 sancti
485 2115 713 2167 Apostoli,
741 2117 799 2156 La
822 2116 880 2156 ad
897 2116 1014 2156 Tim.
1036 2116 1099 2156 20
1117 2122 1162 2156 et
1183 2116 1241 2155 La
1262 2116 1401 2167 Petri,
1419 2116 1497 2167 3.0,
1517 2122 1676 2167 aperte
1693 2116 1809 2156 haec

179 2187 502 2237 prohibebant,
525 2193 630 2238 post
652 2188 831 2238 aliquos
853 2187 951 2227 dies
972 2187 1163 2227 vocavit
1184 2199 1287 2227 eam
1308 2187 1367 2227 ad
1387 2199 1436 2227 se
1452 2187 1499 2227 in
1514 2188 1737 2238 templum
1757 2193 1808 2227 et

178 2269 316 2309 super
338 2258 439 2297 istis
460 2258 712 2298 admonuit.
733 2258 814 2298 Illa
830 2269 940 2298 mox
965 2270 1071 2298 cum
1093 2259 1248 2298 multis
1269 2258 1548 2309 singultibus
1572 2264 1616 2298 et
1640 2257 1805 2298 lachri-

177 2329 263 2368 mis
286 2334 329 2368 et
349 2329 534 2380 plicatis
554 2329 769 2369 manibus
789 2329 940 2380 erupit
961 2328 1143 2369 dicens:
1167 2329 1445 2369 Benedictus
1467 2328 1616 2378 Deus,
1640 2328 1805 2380 inquit,

181 2399 257 2449 qui
279 2399 467 2439 tandem
489 2411 629 2439 unum
650 2399 761 2439 mihi
783 2399 907 2439 dedit
934 2399 1271 2450 confessorem,
1301 2399 1379 2450 qui
1406 2411 1478 2439 me
1508 2399 1807 2450 defectusque

181 2481 309 2510 meos
330 2470 659 2522 reprehendat;
696 2470 923 2510 hactenus
955 2470 1128 2510 dictum
1155 2469 1240 2510 fuit
1261 2470 1388 2510 mihi:
1413 2481 1523 2510 ecce
1551 2470 1669 2509 bene
1701 2470 1809 2509 licet

183 2541 265 2580 tibi
286 2541 542 2581 secundum
562 2547 691 2580 tuum
714 2546 887 2581 statum
914 2541 1096 2591 vivere;
1128 2540 1325 2580 sufficiat
1351 2540 1434 2580 tibi
1465 2540 1589 2591 quod
1616 2539 1806 2591 diligen-

181 2618 250 2651 ter
273 2612 434 2651 visites
454 2612 676 2663 templum
694 2617 738 2651 et
758 2610 839 2651 des
857 2612 1178 2651 eleemosinas,
1198 2611 1377 2651 Deinde
1398 2611 1583 2651 rediens
1601 2611 1805 2659 domum,

183 2683 338 2722 statim
359 2689 572 2734 torquem
594 2694 785 2722 auream
806 2682 1032 2733 deposuit,
1057 2688 1100 2722 et
1123 2693 1439 2733 quascumque
1449 2681 1623 2731 habuit,
1643 2681 1810 2721 obtulit

185 2753 396 2804 proximo
418 2754 587 2805 templo
610 2753 656 2792 in
676 2752 903 2793 honorem
925 2752 1147 2804 Corporis
1169 2752 1378 2802 Domini,
1402 2758 1446 2792 et
1467 2757 1630 2803 postea
1651 2763 1803 2803 repre-

184 2823 342 2864 hendit
364 2836 472 2865 suos
495 2825 674 2876 aliquos
696 2823 989 2863 confessores
1011 2835 1065 2863 eo
1087 2823 1211 2874 quod
1231 2823 1358 2862 viam
1388 2823 1577 2863 Domini
1607 2834 1703 2862 non
1731 2822 1809 2862 ali-

184 2901 253 2934 ter
275 2906 378 2935 eam
399 2895 688 2945 docuissent;
711 2900 755 2934 et
776 2894 860 2944 ita,
891 2894 992 2934 laus
1014 2893 1135 2944 Deo,
1160 2899 1316 2933 manet
1337 2893 1383 2933 in
1403 2893 1590 2933 fervore
1618 2899 1661 2933 et
1692 2893 1808 2932 bene

185 2973 416 3006 contenta.
