1987 3260
928 190 1010 228 AN.
1042 190 1132 228 1552
1774 191 1852 241 229

935 640 1137 694 CLXV

291 874 451 912 Petrus
471 873 736 921 Scorichius,

340 933 409 971 Ex
428 934 745 972 commissione
766 934 911 972 Patris
931 933 1098 972 Nicolai
1117 934 1169 970 de
1188 933 1355 981 Lanoy,

386 993 507 1031 Patri
525 993 693 1041 Ignatio
713 994 767 1032 de
783 993 967 1040 Loyola.

434 1052 618 1099 Vienna,
639 1053 686 1091 29
703 1054 896 1101 Augusti
919 1053 1010 1090 1552
1027 1053 1052 1088 ¹.

1034 1209 1040 1226 ί

301 1353 575 1394 Reverende
596 1355 644 1394 in
664 1355 851 1395 Christo
874 1354 1389 1405 observandissimeque
1409 1352 1561 1394 Pater:

300 1424 465 1465 Gratia
486 1431 530 1465 et
551 1437 645 1476 pax
666 1425 839 1466 Christi
860 1426 919 1465 sit
940 1431 1079 1476 atque
1100 1430 1328 1475 augeatur
1355 1424 1401 1464 in
1430 1422 1647 1463 cordibus
1674 1422 1848 1462 nostris

221 1495 521 1548 omniumque
543 1508 742 1548 semper.
766 1496 933 1536 Amen.

298 1565 558 1617 Injunctum
580 1574 650 1608 est
672 1568 785 1607 mihi
805 1579 967 1608 rursus
988 1574 1037 1607 ut
1059 1578 1328 1607 successum
1345 1574 1390 1606 et
1407 1573 1579 1606 statum
1595 1576 1751 1605 rerum
1768 1576 1847 1605 no-

217 1644 437 1688 strarum,
461 1650 488 1678 a
509 1644 709 1690 quatuor
730 1639 943 1689 proxime
965 1639 1136 1690 elapsis
1165 1638 1421 1687 mensibus,
1453 1637 1555 1677 unis
1581 1636 1652 1676 his
1680 1636 1847 1676 litteris

217 1709 421 1749 breviter
442 1711 856 1761 comprehendam,
881 1710 1075 1761 tibique,
1098 1709 1237 1749 Pater
1264 1710 1310 1749 in
1339 1708 1525 1749 Christo
1554 1707 1843 1758 Reverende,

215 1780 465 1829 legendum
485 1792 759 1832 proponam.
784 1780 916 1831 Quod
937 1792 1118 1831 munus,
1142 1780 1251 1831 quia
1272 1792 1298 1819 a
1315 1791 1387 1819 me
1403 1789 1647 1819 removere
1665 1790 1750 1818 nec
1767 1789 1845 1829 po-

217 1850 281 1889 tui
301 1862 388 1891 nec
411 1851 560 1901 debui,
585 1852 732 1901 dabis,
757 1863 895 1904 spero
919 1864 974 1891 ac
996 1863 1178 1903 precor,
1202 1851 1410 1900 veniam,
1435 1850 1474 1890 si
1493 1849 1603 1900 quid
1625 1849 1780 1889 delicti
1800 1850 1845 1888 in

215 1932 269 1960 co
298 1934 325 1961 a
353 1933 425 1961 me
454 1921 590 1962 fuerit
628 1923 896 1962 admissum.
934 1921 1010 1963 Sic
1046 1928 1202 1962 autem
1236 1921 1476 1961 instituam
1510 1927 1554 1960 et
1587 1931 1846 1971 prosequar

216 1991 338 2031 hanc
359 1992 415 2032 de
437 1992 574 2032 rebus
597 2004 624 2032 a
643 1993 816 2033 nostris
838 2004 942 2033 cum
971 1993 1186 2032 Patribus
1207 1999 1304 2032 tum
1325 1992 1548 2032 fratribus
1568 1991 1713 2042 gestis
1741 2002 1848 2031 nar-

214 2063 445 2103 rationem
473 2069 522 2103 ut
548 2063 733 2114 publica
766 2069 947 2104 tantum
977 2075 1353 2104 commemorem.
1386 2063 1456 2103 De
1490 2062 1687 2114 privatis
1723 2062 1845 2102 enim

216 2134 351 2184 (quae
373 2135 492 2174 alias
514 2135 628 2174 satis
649 2134 835 2174 fuerunt
855 2135 1104 2186 explicata)
1129 2135 1283 2174 dicere
1304 2134 1417 2174 nihil
1445 2134 1621 2180 attinet,
1646 2133 1733 2173 hoc
1755 2139 1845 2183 est,

213 2204 270 2244 de
292 2205 457 2244 studiis
473 2204 672 2245 fratrum
694 2205 963 2245 domesticis
985 2205 1031 2244 in
1052 2205 1217 2245 litteris
1233 2205 1526 2256 politioribus
1542 2205 1729 2254 linguae
1745 2204 1844 2244 lati-

213 2287 302 2315 nae
324 2286 634 2327 graecaeque‚
657 2282 755 2316 tum
776 2276 917 2316 etiam
938 2276 984 2315 in
1011 2276 1327 2327 philosophia;
1354 2276 1431 2315 ubi
1458 2276 1522 2315 illi
1550 2287 1710 2315 omnes
1738 2286 1843 2326 pro—

212 2354 315 2397 pter
351 2358 583 2386 summam
615 2358 748 2387 suam
776 2347 1120 2387 contentionem
1147 2353 1191 2387 et
1219 2347 1540 2387 assiduitatem
1566 2356 1844 2397 progressus

212 2418 350 2467 longe
373 2418 603 2457 maximos
625 2416 821 2457 faciunt.
844 2417 914 2457 De
936 2428 1077 2458 cursu
1098 2418 1239 2457 etiam
1258 2417 1446 2468 pietatis
1464 2417 1510 2457 in
1527 2416 1760 2468 prioribus
1775 2417 1842 2456 lit-

211 2488 324 2528 teris
345 2489 461 2527 meis
483 2488 598 2528 satis
619 2495 688 2528 est
710 2488 898 2528 dictum.
921 2487 1042 2528 Nam
1062 2500 1156 2528 non
1172 2490 1323 2528 solum
1339 2500 1398 2528 ex
1411 2500 1465 2528 eo
1484 2489 1734 2540 quicquam
1749 2499 1840 2526 non

210 2559 452 2599 remittunt
475 2559 660 2609 fratres,
684 2571 847 2599 verum
869 2560 1026 2610 etiam,
1053 2560 1174 2599 velut
1192 2559 1320 2599 obliti
1340 2560 1667 2610 posteriorum,
1687 2561 1747 2601 ad
1766 2570 1843 2598 an-

210 2630 385 2670 teriora
420 2641 602 2681 semper
630 2630 1075 2681 diligentissimeque
1102 2636 1356 2682 properant
1390 2637 1434 2670 et
1460 2631 1698 2672 vocationi
1729 2643 1843 2673 suae

211 2700 458 2751 quisquam
481 2701 755 2741 satisfacere
782 2701 828 2741 in
849 2701 948 2740 dies
969 2701 1121 2751 magis
1143 2713 1197 2740 ac
1214 2702 1366 2751 magis
1383 2702 1536 2741 studet
1553 2708 1597 2741 et
1614 2702 1839 2744 elaborat.

263 2860 272 2879 ¹
315 2861 564 2894 Autographae
581 2859 672 2887 Petri
689 2860 853 2888 Scorichii
869 2861 1005 2888 litterae
1021 2866 1098 2889 sunt
1114 2863 1145 2888 in
1162 2861 1241 2889 solio
1257 2862 1379 2896 duplici
1401 2870 1454 2889 nn.
1478 2864 1528 2890 11.)ι
1550 2868 1582 2890 et
1606 2862 1790 2891 114.-Sunt
1807 2870 1840 2891 et

208 2906 289 2934 bina
305 2908 506 2942 apographa
522 2908 731 2942 exemplaria
748 2909 778 2935 in
796 2908 918 2935 Codice
936 2909 1013 2943 1551;
1029 2917 1129 2936 unum
1145 2910 1175 2936 in
1192 2910 1280 2936 soliis
1297 2910 1327 2936 17
1343 2916 1376 2936 et
1393 2910 1441 2939 18:
1458 2912 1603 2937 alterum
1621 2911 1653 2938 in
1667 2911 1723 2938 sol.
1738 2911 1773 2938 33
1789 2914 1841 2938 ιη’*

208 2953 280 2980 Hoc
295 2958 410 2982 autem
424 2959 631 2989 postremum
653 2955 742 2982 haud
769 2956 939 2990 {ntegrum
964 2960 1025 2990 est,
1050 2957 1127 2991 quia
1152 2957 1301 2984 abscissa
1323 2958 1645 2991 ablataque'charta
1660 2958 1733 2992 fuit,
1756 2967 1841 2992 quac

213 3001 303 3028 inter
320 3002 400 3029 folia
414 3002 481 3030 33.ἴῃ
497 3007 529 3029 et
541 3003 610 3029 34³⁰
627 3003 705 3030 olim
721 3007 806 3030 erat.
