1987 3260
921 192 1007 230 AN.
1038 191 1128 229 1552
1769 195 1841 232 677

207 284 321 328 ‘dam
355 287 696 337 concionatore,
735 286 879 328 fratre
911 288 1091 340 Joanne
1126 287 1332 329 Antonio
1367 300 1394 328 a
1423 289 1619 340 Buxeto‚
1660 290 1839 331 ordinis

215 358 465 407 Minorum,
503 358 672 409 populo
707 358 1038 399 denunciatum
1072 365 1141 399 est
1171 358 1454 400 Societatem
1487 360 1597 412 Jesu
1629 361 1719 401 hoc
1749 363 1839 402 sibi

213 440 331 468 onus
351 429 660 479 assumpsisse
682 429 740 468 ad
761 429 985 469 honorem
1006 428 1114 479 Dei,
1144 436 1193 470 ut
1211 429 1505 481 juventutem
1536 431 1669 471 bonis
1702 433 1836 472 mori-

213 499 298 538 bus
318 498 455 538 simul
476 505 519 538 et
539 499 706 539 litteris
735 500 924 550 imbuat,
955 500 1073 539 citra
1102 511 1411 551 personarum
1437 500 1707 553 discrimen,
1742 503 1836 542 nul-

213 569 300 608 lius
320 569 517 620 praemii
546 570 815 619 temporalis
845 581 925 621 spe
947 570 1210 610 adductam.
1236 569 1389 622 Atque
1409 571 1498 611 hoc
1522 572 1708 622 quidem
1730 572 1839 613 fecit

214 639 287 678 ille
309 650 481 690 magna
499 639 791 691 dexteritate,
816 639 895 680 sed
912 652 1005 680 non
1022 641 1191 681 minori
1208 641 1453 692 charitate,
1474 643 1532 682 ob
1549 643 1840 693 singularem

213 721 440 756 amorem.
466 722 555 761 quo
583 717 792 751 nostram
817 712 1117 763 prosequitur
1144 710 1439 763 Societatem,
1470 724 1610 764 quam
1638 726 1724 754 nee
1753 714 1839 754 sibi

214 779 397 820 videtur
419 792 621 831 unquam
644 781 757 821 satis
778 782 931 832 dignis
958 782 1174 822 laudibus
1195 782 1357 823 efferre
1378 795 1530 834 posse,
1563 790 1754 836 propter
1776 785 1840 824 in-

213 858 415 901 gentem,
440 864 579 903 quam
596 852 721 892 videt
743 858 1115 903 consecuturam,
1139 853 1387 893 utilitatem
1407 865 1467 895 ex
1483 854 1570 894 hoc
1592 853 1839 895 Societatis

215 929 403 962 nostrae
427 923 650 963 instituto.

291 993 392 1034 Non
406 995 549 1034 multo
562 1001 665 1044 post
681 995 727 1035 id
742 996 978 1047 temporis,
994 995 1270 1046 nimirumjn
1288 1002 1458 1036 octava
1470 995 1629 1037 Sancti
1644 997 1839 1050 Joannis

216 1064 561 1115 Evangelistae,
600 1065 739 1106 habui
773 1066 1034 1106 orationem
1061 1067 1107 1106 in
1134 1067 1285 1106 Divae
1315 1066 1489 1107 Luciae
1523 1069 1710 1118 templo,
1748 1079 1840 1119 qua

212 1136 458 1175 ostendere
480 1144 674 1177 conatus
695 1149 797 1177 sum
823 1137 932 1189 quid
960 1138 1182 1177 momenti
1209 1138 1401 1177 haberet
1434 1143 1562 1178 recta
1588 1149 1840 1189 puerorum

210 1206 424 1245 educatio
437 1212 494 1256 et,
511 1208 644 1258 quasi
657 1208 781 1248 aliud
794 1219 955 1259 agens,
974 1208 1176 1248 nominis
1190 1209 1301 1261 Jesu
1318 1208 1565 1249 Societatis
1578 1209 1840 1249 institutum

209 1288 460 1327 exponere.
503 1277 605 1317 Huc
640 1285 960 1318 convenerunt
994 1279 1205 1319 homines
1243 1280 1346 1330 plus
1385 1279 1537 1319 minus
1577 1279 1833 1331 quingenti;

211 1347 358 1387 adfuit
378 1355 570 1399 uterque
591 1349 810 1400 Episcopi
827 1349 1062 1400 Vicarius,
1082 1350 1352 1390 sacerdotes
1373 1349 1572 1401 plurimi,
1593 1362 1651 1390 ex
1670 1350 1836 1401 primo-

210 1418 336 1457 ribus
376 1418 579 1458 civitatis
613 1419 776 1470 aliqui,
813 1419 1050 1471 doctores,
1091 1420 1291 1471 equites,
1330 1420 1641 1471 ingenuarum
1668 1421 1838 1461 artium

212 1488 405 1528 studiosi
423 1501 515 1529 non
539 1490 689 1541 pauci.
709 1490 797 1530 Hic
821 1491 1049 1541 singulari
1071 1490 1244 1531 Christi
1258 1491 1369 1544 Jesu
1384 1491 1634 1542 praesidiO,
1655 1498 1703 1532 ut
1721 1491 1838 1532 alias

211 1570 460 1610 nunquam,
485 1561 702 1611 munitus,
728 1573 833 1601 cum
853 1572 1025 1612 magno
1047 1562 1274 1613 applausu
1295 1568 1339 1602 et
1360 1573 1569 1613 assensu,
1595 1574 1714 1613 quae
1734 1575 1836 1614 pro-

211 1641 481 1680 posueram,
506 1632 739 1682 peroravi.

289 1699 430 1741 Domi
450 1708 544 1742 tres
566 1703 715 1742 clases
742 1704 908 1754 paravi
931 1704 1045 1743 satis
1076 1704 1363 1744 commodas.
1393 1703 1576 1744 Primae
1610 1704 1837 1754 praefecti

210 1778 314 1811 sunt
347 1772 549 1825 Jacobus
583 1774 881 1814 bononiensis
922 1781 966 1814 et
1004 1774 1254 1815 Baithasar
1281 1775 1528 1826 hispanus,
1567 1776 1645 1827 qui
1678 1776 1836 1826 pueris

209 1841 447 1882 Donatum
467 1843 739 1884 discendum
755 1851 1082 1896 proponerent.
1110 1844 1352 1886 Secundae
1370 1846 1590 1886 constitui
1604 1847 1835 1899 Joannem

211 1912 512 1953 Franciscum
542 1914 858 1966 Parmensem,
891 1922 940 1955 ut
969 1916 1007 1955 is
1035 1916 1131 1956 suis
1165 1917 1314 1968 prima
1341 1917 1681 1968 grammaticae
1713 1917 1833 1957 rudi-

208 1990 377 2033 menta,
403 1984 628 2024 Catonem
649 1991 692 2025 et
713 1986 982 2026 Terentium
1007 1987 1312 2038 praelegeret.
1343 1987 1530 2027 Tertiae
1558 1999 1671 2027 vero
1693 1988 1834 2027 classi

207 2054 482 2095 Guilielmus
503 2055 586 2095 fuit
608 2057 795 2106 electus,
821 2057 898 2108 qui
919 2063 1171 2107 exponeret
1188 2057 1444 2098 familiares
1461 2058 1683 2109 epistolas
1705 2058 1831 2098 Cice-

209 2125 335 2165 ronis
366 2137 470 2166 cum
505 2126 720 2177 Virgilio.
752 2127 991 2167 Hactenus
1021 2139 1127 2168 cum
1162 2134 1492 2179 praeceptores
1520 2140 1604 2168 suo
1639 2140 1833 2169 munere

207 2196 350 2247 probe
372 2196 517 2236 functi
538 2203 658 2248 sunt,
688 2203 786 2237 tum
806 2209 920 2238 vero
942 2199 1073 2250 pueri
1100 2210 1324 2250 magnum
1350 2199 1397 2239 in
1424 2199 1588 2239 studiis
1614 2211 1830 2251 progres-

208 2279 310 2307 sum
340 2267 565 2308 fecerunt.
601 2268 852 2320 Postquam
887 2275 1041 2309 autem
1076 2270 1166 2310 huc
1202 2270 1330 2310 Venit
1360 2269 1415 2310 R.
1452 2270 1502 2310 P.
1534 2270 1753 2311 Andreas
1789 2277 1833 2311 et

208 2337 256 2376 Ρ.
282 2337 477 2378 Fulvius
503 2337 510 2356 ¹
534 2339 607 2378 hic
631 2339 753 2390 (quia
774 2339 861 2379 sibi
881 2351 908 2379 a
928 2339 982 2380 R.
1005 2340 1055 2379 P.
1078 2340 1376 2391 Provinciali,
1406 2341 1608 2382 Domino
1631 2341 1833 2382 Pascha—

207 2409 275 2448 sio
297 2408 451 2459 Bro'et,
478 2410 628 2449 omnis
650 2411 882 2460 regendae
904 2411 1092 2451 scholae
1113 2411 1358 2463 provincia
1379 2412 1552 2452 tradita
1573 2419 1687 2462 erat,
1708 2412 1832 2464 quod

206 2486 328 2519 esset
350 2481 622 2520 adolescens
644 2491 749 2520 cum
775 2481 821 2520 in
841 2481 1192 2522 humanioribus
1220 2482 1475 2534 disciplinis
1496 2489 1712 2523 versatus
1734 2489 1831 2523 tum

210 2550 303 2589 vita
327 2558 369 2590 et
392 2551 599 2590 moribus
620 2552 906 2602 praeclarus)
928 2552 1138 2592 nonnihil
1164 2552 1374 2593 ordinem
1395 2559 1534 2593 antea
1556 2555 1740 2594 servari
1760 2566 1829 2594 so-

207 2621 336 2660 litum
354 2621 631 2671 immutavit,
650 2622 838 2673 ipseque
851 2622 1080 2674 majorum
1096 2634 1258 2663 curam
1274 2624 1541 2674 assumpsit.
1560 2623 1829 2676 Antequam

260 2757 267 2775 ¹
308 2755 432 2784 “Sexta
448 2756 625 2784 Februarii
642 2757 826 2785 Bononiam
840 2757 876 2785 P.
891 2758 1048 2786 Andreas
1063 2758 1288 2785 Galvanellus
1303 2762 1335 2785 et
1352 2759 1516 2792 magister
1540 2759 1682 2787 Fulvius
1706 2759 1832 2788 Cardu-

206 2805 257 2830 1us
272 2808 512 2837 pervenerunt;
530 2808 561 2831 et
578 2805 613 2831 P.
629 2805 761 2839 quidem
782 2805 939 2832 Andreas
963 2811 1155 2833 nostrorum
1180 2806 1325 2833 fratrum
1350 2814 1467 2834 curam
1487 2807 1653 2841 suscepit;
1677 2810 1832 2842 quamvis

207 2851 241 2877 P.
259 2850 462 2878 Franciscus
478 2851 636 2886 Palmius,
653 2860 738 2886 quae
763 2853 805 2880 ad
828 2853 1111 2880 sustentationem
1134 2853 1281 2880 omnium
1304 2854 1498 2881 necessaria
1519 2858 1628 2890 erant,
1651 2855 1833 2890 diligenter

204 2900 360 2925 curabat.
378 2898 453 2925 Fuit
470 2904 580 2926 autem
597 2899 720 2927 scholis
740 2900 932 2934 praefectus
947 2901 1112 2935 magister
1127 2900 1285 2934 Fulvius,
1308 2901 1363 2935 qui
1383 2902 1494 2928 omnia
1511 2902 1542 2928 in
1558 2902 1733 2930 meliorem
1747 2903 1834 2930 ordi—

206 2953 279 2973 nem
296 2947 435 2978 redegit.
454 2950 485 2973 et
502 2947 689 2974 studiorum
704 2947 975 2981 domesticorum,
992 2949 1078 2983 quod
1094 2949 1134 2976 ad
1150 2949 1276 2976 fratres
1292 2952 1425 2976 nostros
1440 2949 1579 2984 attinet,
1596 2957 1711 2977 euram
1727 2951 1833 2978 etiam

204 2994 340 3027 massin„
357 2994 488 3021 Poma-11
497 3001 541 3027 rs,
560 2995 693 3027 (strom,
708 2999 732 3022 t.
749 3002 782 3028 11,
800 3004 876 3030 pag.
892 2996 960 3029 503,
978 3004 1030 3023 nn.
1046 2997 1097 3023 216
1112 3001 1144 3023 et
1161 2997 1222 3023 217.
