1987 3260
224 167 292 204 170
728 165 952 202 LITTERAE
979 174 1333 207 QUADR1MESTRES

223 263 415 303 meliora
442 262 721 313 excitantes,
746 261 1011 312 diligentius
1042 260 1195 301 studia
1222 265 1498 308 tractantes;
1528 272 1671 311 quare
1697 261 1845 300 nostri

221 334 397 385 primas
418 333 625 373 obtinent
647 334 693 372 in
714 332 887 372 scholis
916 333 963 372 in
990 332 1377 383 argumentando,
1401 331 1511 382 quin
1532 336 1576 371 et
1597 331 1724 382 ipsos
1742 343 1842 382 pro-

221 404 424 444 fessores
444 404 491 444 in
511 404 869 444 admirationem
890 403 1078 443 ducant.

302 475 452 515 Tanta
480 481 548 514 est
575 474 713 514 etiam
741 474 799 513 ad
828 473 1016 513 domum
1044 479 1267 523 nostram,
1303 473 1349 512 in
1385 485 1474 524 qua
1503 472 1640 512 modo
1669 472 1844 512 habita-

222 557 339 596 mus,
363 545 621 597 frequentia
644 544 940 594 studentium,
963 544 1211 584 confitendi
1228 550 1306 584 aut
1326 543 1596 584 consulendi
1616 543 1769 594 gratia
1786 543 1844 582 ad

221 628 309 656 nos
344 615 686 665 accedentium,
723 615 864 655 etiam
897 615 1088 655 Patrum
1120 615 1429 666 spiritualium
1458 613 1847 654 monasteriorum

222 694 266 727 et
288 686 724 737 congregationum,
755 692 804 725 ut
833 687 956 725 mala
977 685 1288 725 reformentur
1319 691 1363 724 et
1385 685 1431 724 in
1451 696 1567 735 pace
1587 684 1665 724 X.i
1687 684 1844 724 unani-

222 758 359 798 miter
387 757 547 797 vivere
570 757 773 796 valeant.
798 756 949 796 Tanta
972 756 1160 796 offertur
1182 756 1228 795 in
1249 755 1387 795 vinea
1407 754 1488 795 X.i
1511 755 1734 806 operandi
1754 766 1846 794 ma-

223 828 354 877 teria,
378 833 427 867 ut
448 839 586 878 saepe
606 827 689 867 vix
720 827 920 867 exeundi
948 832 1026 866 aut
1057 826 1321 866 celebrandi
1353 837 1541 865 sacrum
1569 831 1751 876 tempus
1771 825 1844 864 de-

222 905 310 939 tur.
339 898 583 938 Matronae
618 909 799 949 quoque
828 898 1010 948 aliquae
1040 897 1098 937 ad
1129 909 1214 937 nos
1248 908 1388 948 saepe
1416 896 1629 946 veniunt,
1660 907 1775 947 quas
1802 896 1847 934 in

222 969 424 1009 Domino
460 969 758 1008 consolamur
792 973 835 1007 et
870 967 928 1008 ad
961 968 1251 1019 frequentem
1287 967 1661 1007 communionem
1695 966 1846 1006 admo-

222 1051 399 1080 nemus.

303 1111 433 1151 Multi
460 1111 653 1150 libenter
682 1122 730 1150 se
757 1109 978 1150 Societati
1005 1116 1130 1150 totos
1157 1109 1471 1160 resignarent,
1502 1120 1561 1148 ex
1581 1107 1745 1159 quibus
1771 1108 1846 1147 ali-

224 1183 301 1234 qui
330 1188 425 1222 tam
452 1182 686 1222 ferventer
713 1181 909 1231 instant,
944 1180 1234 1220 naturalibus
1264 1180 1380 1219 bene
1402 1179 1592 1229 dotatis,
1618 1184 1667 1218 ut
1687 1190 1847 1218 eorum

226 1260 323 1293 tam
344 1259 535 1293 sanctae
565 1252 777 1304 petitioni
804 1252 1003 1303 amplius
1030 1251 1251 1291 reluctari
1272 1262 1364 1290 non
1386 1250 1596 1290 audeam.
1621 1248 1849 1289 Dominus

228 1323 333 1375 Opt.
362 1324 487 1363 Max.
518 1323 593 1363 det
620 1323 730 1362 mihi
751 1334 934 1373 semper
953 1322 1109 1362 facere
1132 1321 1385 1361 secundum
1403 1321 1694 1360 voluntatem
1713 1319 1763 1359 Ρ.
1786 1319 1846 1360 V.

305 1394 423 1435 Octo
450 1406 631 1434 mecum
660 1399 847 1433 manent
875 1393 921 1432 in
950 1393 1086 1432 domo
1108 1392 1323 1442 studiosi,
1344 1397 1438 1431 tres
1459 1391 1548 1430 mei
1569 1390 1846 1438 confratres,

224 1468 388 1518 reliqui
415 1466 473 1506 ad
501 1464 785 1506 Societatem
816 1475 863 1503 se
892 1463 1209 1514 resignantes;
1240 1462 1369 1502 multi
1398 1462 1610 1502 extranei
1630 1461 1752 1500 idem
1774 1472 1848 1500 cu-

225 1538 403 1589 pientes
439 1542 559 1584 sunt‚
593 1548 649 1576 ex
681 1535 845 1586 quibus
874 1534 1054 1585 aliquos
1081 1534 1127 1573 in
1155 1534 1343 1573 domum
1368 1533 1674 1583 suscipiemus
1700 1531 1846 1573 brevi.

224 1608 400 1648 Diebus
427 1607 673 1647 dominicis
700 1605 867 1656 viginti
894 1611 973 1644 aut
1009 1605 1168 1644 decem
1200 1609 1244 1643 et
1266 1609 1370 1643 octo
1392 1609 1498 1642 sunt
1524 1613 1733 1649 numero,
1768 1602 1842 1640 ali-

224 1678 408 1730 quando
431 1677 572 1717 etiam
591 1677 768 1728 plures,
793 1675 872 1726 qui
899 1675 1081 1726 publice
1109 1674 1471 1721 communicant;
1497 1672 1577 1712 sed
1599 1672 1677 1723 qui
1708 1672 1754 1711 in
1775 1680 1845 1711 oc-

223 1750 345 1790 culto
380 1753 569 1800 propter
605 1747 782 1796 melius,
820 1751 1018 1797 quatuor
1053 1756 1262 1794 numerO,
1300 1751 1343 1784 et
1379 1743 1467 1783 hoc
1495 1743 1612 1783 feria
1639 1742 1773 1782 tertia
1802 1743 1846 1781 in.

222 1831 409 1860 camera
432 1830 574 1859 aurea
596 1818 662 1857 sic
684 1817 807 1857 dicta
835 1816 957 1867 quod
986 1817 1122 1867 plena
1151 1815 1356 1867 reliquiis
1384 1814 1664 1854 Sanctarum
1686 1813 1846 1863 ³Virgi-

222 1902 353 1941 num,
377 1889 577 1930 Sanctae
597 1888 796 1928 Ursulae
818 1892 862 1927 et
884 1885 981 1937 ejus
1009 1886 1237 1926 sodalium
1257 1885 1472 1925 undecim
1493 1884 1687 1924 millium
1707 1883 1847 1934 virgi-

221 1972 354 2010 num;
387 1960 552 2011 quibus
574 1969 758 2009 semper
780 1957 1054 1997 commendo
1077 1956 1124 1996 P.
1150 1956 1208 1996 V.
1233 1962 1370 2007 atque
1399 1955 1545 1995 Re.dos
1565 1955 1728 1995 Patres
1758 1954 1846 1994 fra-

222 2039 407 2082 tresque
428 2036 614 2070 nostros
637 2030 682 2069 in
707 2029 827 2080 Xpo.
850 2029 959 2081 Jesu
976 2028 1109 2067 nobis
1130 2028 1446 2076 charissimos,
1468 2037 1664 2078 quorum
1682 2026 1846 2065 oratio-

221 2103 358 2143 nibus
377 2113 462 2141 nos
485 2100 830 2141 committimus.

303 2173 427 2213 Bene
447 2173 603 2211 valeat
625 2170 673 2211 P.
698 2171 758 2210 V.

302 2243 355 2283 20
375 2243 497 2293 Aug.
527 2241 641 2281 1549.

307 2314 432 2353 Tuus
454 2323 619 2352 servus
642 2312 871 2351 minimus.

1130 2451 1411 2490 LEONARous
1433 2449 1628 2489 KEssEL.

305 2665 672 2716 Superscrz'ptio.
730 2662 857 2704 Re.de
882 2663 928 2702 in
957 2662 1039 2702 X.0
1060 2662 1186 2702 Patri
1207 2662 1325 2702 Dno.
1358 2661 1537 2712 Ignatio
1566 2660 1621 2700 de
1650 2660 1843 2711 Loyola,

227 2735 473 2777 Societatis
493 2736 603 2788 Jesu
624 2734 911 2786 Praeposito.

306 2807 415 2846 Alea
437 2818 598 2845 manu:
619 2805 826 2855 Colonia,
849 2803 901 2843 20
920 2803 968 2843 d’
994 2806 1108 2853 ag.t⁰
1134 2803 1246 2842 1549.
1272 2802 1516 2843 Leonardo
1539 2801 1701 2842 Kessel
1725 2799 1750 2840 ¹.

282 2916 291 2935 ί
332 2916 428 2943 Prius
442 2916 605 2949 scriptum
621 2920 694 2942 erat
712 2915 889 2946 Rossetto:
903 2915 961 2941 sed
976 2921 1094 2941 manus
1109 2914 1189 2946 alia,
1205 2921 1290 2947 quae
1307 2913 1442 2940 videtur
1458 2913 1492 2939 P.
1510 2912 1684 2945 Sacchini,
1700 2911 1846 2940 obducta

226 2963 315 2991 linea
330 2963 467 2996 delevit,
486 2966 517 2989 et
534 2962 732 2996 subscripsit
749 2961 886 2989 Kessel.
