1987 3260
899 131 983 168 AN.
1015 132 1105 169 1552
1748 138 1823 174 669

191 238 278 266 nae
300 226 306 244 ¹
328 227 492 267 institit
504 228 660 268 multis
678 229 894 279 precibus
910 235 956 268 ut
969 230 1241 269 concionari
1258 232 1423 270 vellem
1437 232 1483 271 in
1500 233 1701 283 quodam
1713 235 1815 274 1000

192 297 378 348 publico
405 296 627 339 Coloniae
657 299 818 340 diebus
845 299 1089 340 dominicis
1119 307 1163 340 et
1192 300 1395 351 festivis;
1426 303 1548 353 quod
1576 303 1815 355 hucusque

192 367 280 407 feci
303 375 360 419 et,
385 380 538 420 spero,
563 381 667 409 cum
690 369 858 410 fructu.

267 439 371 491 Jam
402 439 541 479 etiam
570 441 615 480 in
647 441 737 481 alio
765 442 865 481 loco
894 441 1065 491 incipio
1093 442 1384 493 concionari,
1413 442 1473 482 ad
1500 443 1589 483 1100
1611 445 1814 484 maxime

189 515 383 559 rogatus
412 523 438 550 a
466 511 556 550 1001
590 511 711 552 illius
739 512 1011 552 rectoribus.
1042 510 1180 552 Pater
1200 512 1441 553 Arnoldus
1476 515 1657 565 supplet
1687 515 1814 556 vices

190 591 318 619 meas
339 581 384 620 in
404 582 507 621 1000
528 582 620 633 illo,
645 582 767 634 quod
783 582 877 634 jam
905 582 1131 634 relinquo.
1162 582 1314 623 Habet
1334 583 1503 623 bonam
1524 585 1727 635 gratiam
1750 585 1811 625 di-

188 651 322 690 cendi
344 657 388 691 et
408 652 600 692 libenter
623 665 727 693 eum
748 653 954 693 audiunt.

266 721 622 763 Confessionum
643 735 864 764 numerus
885 730 1083 775 augetur
1106 725 1153 764 in
1174 724 1286 764 dies.

264 792 368 832 Istis
395 795 630 833 mensibus
661 795 789 835 multi
820 795 943 846 apud
970 807 1056 835 nos
1089 795 1275 835 fuerunt
1306 795 1352 834 in
1381 796 1617 836 exercitiis
1639 808 1810 848 magno

186 874 291 902 cum
314 863 481 904 fructu.

265 933 537 974 Confi-atres
567 948 726 976 omnes
759 936 1004 988 diligenter
1040 942 1243 976 tractant
1278 948 1362 976 sua
1398 937 1567 977 studia.
1605 937 1809 989 Singulis

183 1005 329 1044 sextis
360 1005 486 1045 seriis
514 1007 680 1058 aliquis
708 1007 832 1047 domi
857 1013 1045 1047 nostrae
1076 1007 1215 1047 habet
1243 1007 1501 1047 orationem
1530 1008 1808 1050 declamato-

182 1075 315 1125 riam,
341 1076 399 1115 ad
421 1088 559 1127 quam
581 1078 711 1118 multi
732 1078 943 1118 extranei
964 1078 1219 1118 adveniunt
1239 1089 1324 1117 nec
1341 1089 1490 1129 parvo
1509 1090 1615 1118 eum
1635 1079 1804 1120 fructu.

260 1145 432 1196 Magna
455 1154 524 1187 est
544 1149 678 1188 nobis
699 1149 772 1188 1110
800 1160 905 1200 spes
926 1148 1133 1199 collegii,
1156 1148 1195 1188 si
1214 1148 1474 1199 Episcopus
1494 1160 1719 1200 praesens
1741 1162 1808 1190 es-

179 1223 262 1256 set.
288 1216 463 1257 Omnes
483 1217 539 1258 de
570 1225 731 1259 nostra
762 1220 987 1270 parochia
1016 1220 1132 1259 bene
1159 1219 1319 1259 favent
1346 1219 1502 1270 nobis,
1531 1220 1743 1260 similiter
1764 1229 1809 1261 et

179 1294 337 1327 noster
358 1294 532 1339 pastor,
552 1295 597 1328 et
617 1289 836 1329 Decanus
852 1288 1259 1340 Noviomagensis,
1281 1287 1615 1340 Suffraganeus
1630 1297 1806 1342 noster,

180 1356 400 1398 Deeanus
428 1359 595 1398 summi
627 1360 786 1410 templi
812 1367 855 1400 et
883 1361 1038 1411 plures
1073 1359 1170 1409 alii,
1195 1371 1312 1410 quos
1342 1371 1503 1400 omnes
1532 1362 1807 1401 commendo

180 1429 396 1479 precibus
416 1430 465 1470 P.
483 1429 543 1470 V.
567 1442 674 1470 eum
693 1437 792 1471 tota
813 1437 974 1471 nostra
995 1430 1186 1470 familia.

256 1499 380 1540 Bene
401 1502 557 1541 valeat
577 1500 625 1541 P.
653 1501 708 1541 V.
733 1502 780 1541 in
799 1501 881 1541 X.‘'
904 1513 1101 1552 semper.

259 1570 372 1610 1552.
401 1571 573 1612 Ultima
594 1571 719 1623 Maji.

255 1639 308 1681 R.
333 1641 392 1681 V.
417 1653 583 1682 servus
604 1642 650 1682 in
671 1642 886 1692 Domino,

1077 1786 1359 1825 LEONARDUs
1382 1785 1580 1826 KESSEL.

227 1915 237 1934 ¹
279 1914 444 1942 Lucanae
458 1916 629 1943 scribebat
647 1915 782 1943 Polanci
798 1917 973 1945 librarius,
989 1916 1020 1942 in
1039 1916 1158 1942 Clzron.
1177 1922 1198 1942 t.
1215 1923 1249 1948 11,
1269 1917 1345 1950 pag.
1360 1916 1422 1942 583.
