1987 3260
871 225 953 262 ΑΝ.
979 224 1076 261 1552
1718 224 1794 261 665ἶ

164 317 403 358 hominum
429 318 697 365 multitudo,
727 320 1180 371 adhortarenturque
1209 319 1267 358 ad
1296 319 1653 371 poenitentiam,
1681 332 1785 359 con-

164 387 320 428 ciones
355 387 517 428 fierent
547 388 766 441 deinceps
798 391 843 430 in
877 391 992 431 locis
1020 396 1113 430 tres
1148 395 1226 430 aut
1257 395 1470 440 quatuor,
1509 395 1659 441 aptae·
1680 390 1786 430 huic

164 458 393 507 institutO,
412 464 462 498 ut
478 459 534 498 de
554 466 718 510 morte,
732 460 920 511 judicio,
945 461 1117 501 saeculi
1133 460 1356 510 vanitate,
1381 460 1786 511 poenitentiaeque

163 528 329 569 fructu.
354 529 543 580 Egressi
570 531 712 581 igitur
733 539 837 572 sunt
867 533 954 572 hoc
983 531 1138 572 animo
1165 531 1424 582 Collegium
1454 536 1666 570 nostrum
1690 531 1785 570 bini

161 605 206 638 et
231 599 340 649 bini,
372 610 568 650 quorum
595 601 686 641 duo
714 602 909 653 flagellis
939 613 1107 641 carnes
1138 613 1247 641 suas
1276 612 1424 652 usque
1451 601 1509 641 ad
1545 601 1786 651 sanguinis

161 669 433 710 effusionem
463 671 730 722 afficientes,
768 673 955 712 tandem
984 672 1105 723 quod
1140 677 1481 723 proposuerant
1517 671 1782 721 effecerunt,

162 751 233 780 me
254 740 439 791 quidem
459 742 620 782 inscio.
646 741 880 783 Successit
897 749 1074 792 tamen,
1093 742 1194 783 Deo
1211 742 1414 790 favente,
1428 743 1573 782 zelus.
1597 740 1785 793 Specta-

160 811 315 851 culum
337 812 479 861 enim,
503 813 610 852 licet
630 825 820 863 novum,
843 814 1163 865 gratissimum
1180 813 1264 852 fuit
1285 813 1388 863 illis,
1413 812 1491 864 qui
1511 812 1785 864 incorrupto

160 888 266 922 sunt
288 883 459 933 palato.
485 883 840 924 admirationem
862 885 1015 924 attulit
1037 883 1284 932 universis,
1308 884 1560 923 multorum
1579 883 1785 923 furorem

160 953 455 1004 compressit,
481 953 603 993 haud
620 955 783 1006 paucis
801 953 974 1005 profuit
991 955 1049 995 ad
1066 955 1311 1005 virtutem;
1329 953 1429 994 Deo
1447 953 1636 994 tandem
1654 954 1783 993 obse-

159 1029 351 1073 quutum
373 1030 456 1071 est,
480 1030 529 1064 ut
550 1036 809 1076 speramus,
830 1027 906 1066 cui
927 1027 1074 1066 honor
1096 1032 1141 1066 et
1157 1026 1323 1077 gloria.

238 1093 323 1133 His
349 1100 549 1145 quatuor
575 1097 810 1137 mensibus
838 1097 1028 1137 admissi
1056 1103 1163 1137 sunt
1193 1097 1240 1137 in
1269 1096 1551 1137 Societatem
1577 1097 1785 1147 theologi

160 1171 273 1213 tres;
297 1175 491 1215 quorum
515 1165 604 1204 duo
626 1166 855 1207 Gandiam
879 1168 1077 1219 profecti
1093 1174 1223 1215 sunt;
1246 1179 1367 1208 unus
1386 1167 1578 1207 Ruviols
1602 1167 1611 1185 ¹
1630 1168 1782 1218 appel—

159 1235 300 1284 latus3
329 1236 446 1275 alter
479 1248 594 1276 vero
620 1237 918 1288 Vincentius,
955 1239 1032 1290 qui
1066 1250 1214 1290 nuper
1247 1244 1443 1278 venerat
1477 1237 1779 1287 Salmantica,

159 1306 238 1346 ubi
257 1306 520 1357 theologiae
540 1307 782 1348 studuerat
804 1309 984 1349 duobus
1001 1310 1135 1349 annis
1152 1316 1197 1349 et
1218 1310 1265 1349 in
1282 1296 1448 1349 litteris
1463 1309 1649 1359 graecis
1664 1308 1783 1348 fece-

158 1382 229 1416 rat
249 1377 451 1428 aliquem
472 1389 794 1429 progressum3
824 1386 1016 1431 uterque
1039 1380 1203 1420 doctus
1224 1380 1497 1420 adolescens
1516 1386 1560 1419 et
1583 1379 1787 1431 optimae

158 1447 269 1497 spei.
301 1447 500 1498 Tertius,
531 1449 718 1489 nomine
750 1449 983 1499 CavaIIer,
1014 1449 1109 1501 jam
1137 1452 1277 1501 paulo
1307 1450 1547 1501 grandior,
1580 1450 1786 1489 nondum

158 1524 311 1558 tamen
334 1519 565 1559 excedens
586 1520 867 1571 vigesimum
885 1522 1097 1571 quintum
1119 1533 1308 1571 annum,
1333 1520 1512 1560 audivit
1527 1526 1623 1560 tres
1640 1532 1788 1560 annos

158 1589 446 1639 theologiae;
472 1590 662 1630 totidem
684 1597 763 1630 aut
786 1592 941 1642 plures
963 1604 1011 1631 se
1041 1592 1251 1632 exercuit
1279 1592 1325 1631 in
1345 1592 1422 1631 via
1446 1591 1695 1642 spirituali3
1715 1591 1787 1630 vir

157 1660 318 1710 optimi
335 1660 497 1712 judicii
518 1667 562 1701 et
584 1663 755 1702 multae
776 1663 977 1702 virtutis.
999 1662 1259 1714 Optaverat
1278 1663 1400 1702 hunc
1418 1663 1562 1702 multo
1580 1670 1788 1713 tempore

158 1728 204 1770 P.
229 1731 370 1781 Miro;
394 1732 475 1772 sed
496 1732 583 1781 ille,
608 1734 771 1772 volens
792 1734 920 1784 prius
942 1746 1040 1773 rem
1063 1734 1201 1773 altius
1225 1733 1503 1784 expendere,
1528 1739 1571 1772 et
1598 1732 1787 1784 impedi-

158 1808 232 1841 tus
253 1809 402 1842 matre
424 1809 713 1853 aegrotante,
739 1804 813 1844 cui
833 1805 998 1844 unicus
1019 1812 1118 1845 erat
1149 1805 1285 1854 filius,
1316 1804 1493 1844 distulit
1524 1804 1789 1855 ingressum

159 1883 302 1923 usque
325 1873 383 1912 ad
403 1885 626 1924 praesens
643 1880 845 1926 tempus,
866 1887 957 1927 quo
974 1875 1102 1915 Deus
1119 1876 1388 1915 misericors
1406 1874 1586 1926 majora
1604 1875 1647 1914 ei
1664 1874 1789 1914 dedit

159 1954 272 1983 suae
296 1944 554 1983 vocationis
576 1945 726 1996 signa,
751 1952 794 1985 et
822 1947 1010 1986 unicum
1037 1947 1199 1986 matris
1228 1946 1609 1997 impedimentum
1634 1945 1786 1984 abstu-

158 2015 226 2061 lit,
251 2015 434 2054 sublata
456 2015 532 2055 illa
556 2016 601 2055 in
623 2018 818 2056 coelum.
842 2018 943 2068 Ipse
972 2018 1113 2068 igitur
1134 2019 1298 2057 volens
1319 2029 1373 2057 ac
1396 2017 1544 2056 libens
1570 2016 1701 2067 petiit
1720 2028 1788 2056 re-

158 2085 248 2136 cipi
269 2086 313 2124 in
337 2091 550 2125 nostrum
571 2098 836 2137 numerum;
862 2088 985 2139 quod
1006 2088 1083 2127 ubi
1107 2099 1382 2128 concessum
1405 2088 1469 2127 illi
1496 2087 1581 2127 fuit
1602 2099 1628 2126 a
1649 2086 1788 2126 Patre

160 2155 443 2196 provinciali
465 2156 493 2205 ⁶²,
518 2157 757 2197 decretum
780 2165 848 2198 est
871 2170 1054 2210 quoque
1075 2159 1133 2198 ab
1155 2159 1318 2199 eodem
1339 2164 1388 2198 ut
1408 2158 1670 2198 mitteretur
1691 2156 1785 2197 Sal-

156 2228 410 2268 manticam
431 2228 625 2267 daturus
648 2229 799 2280 magis
824 2241 1016 2280 operam
1034 2229 1205 2269 divinis
1226 2230 1392 2269 litteris
1411 2229 1591 2269 duobus
1609 2234 1689 2268 aut
1710 2229 1787 2268 tri-

156 2297 240 2337 bus
262 2298 412 2346 annis,
449 2299 544 2338 suis
576 2299 813 2350 impensis,
843 2306 891 2339 ut
922 2301 968 2339 in
995 2301 1132 2340 vinea
1164 2300 1354 2340 Domini
1379 2299 1587 2351 proferat
1622 2299 1787 2339 deinde

158 2368 335 2408 fructus
357 2369 611 2409 uberiores.

238 2440 420 2491 Agente
438 2440 578 2479 etiam
596 2440 683 2479 hoc
701 2440 838 2480 Patre
855 2440 1154 2492 Provinciali,
1170 2442 1432 2493 recepimus
1448 2441 1494 2480 in
1506 2440 1786 2481 Societatem

158 2518 368 2550 nostram
390 2512 733 2551 adolescentem
756 2512 1019 2562 quindecim
1041 2525 1189 2553 annos
1215 2519 1391 2563 natum,
1416 2518 1618 2562 acutum,
1652 2511 1697 2551 in
1718 2511 1787 2550 lit-

157 2582 267 2621 teris
288 2582 640 2622 humanioribus
663 2583 778 2622 satis
800 2583 1045 2634 eruditum,
1070 2585 1177 2624 etin
1199 2584 1443 2624 dialectica
1461 2583 1556 2622 suis
1573 2582 1786 2622 omnibus

157 2653 487 2704 condiscipulis
508 2652 652 2692 ferme
674 2653 952 2694 doctiorem:
977 2655 1047 2694 his
1066 2655 1279 2694 omnibus
1297 2666 1403 2694 cum
1420 2658 1639 2705 pensaret
1661 2658 1784 2692 aeta-

158 2723 216 2762 tis
236 2723 503 2773 grandioris
525 2723 770 2774 defectum,
795 2724 1027 2765 admissus
1045 2731 1113 2765 est
1134 2726 1180 2765 in
1198 2725 1470 2776 religionem
1491 2736 1517 2764 a
1534 2724 1668 2763 nobis
1684 2734 1785 2774 spe-

158 2794 368 2834 rantibus
389 2794 515 2833 illum
537 2794 636 2834 fore
657 2795 841 2845 qualem
865 2802 1060 2835 naturae
1081 2796 1253 2836 indicia
1275 2795 1568 2846 promittunt.

211 2978 218 2996 ¹
260 2978 348 3005 Vide
363 2985 482 3012 supra,
498 2985 574 3012 pag.
590 2978 651 3005 468.

211 3026 223 3044 ·-’
262 3025 430 3052 Antonius
446 3025 485 3051 de
503 3025 624 3052 Araoz.
