1987 3260
258 137 326 174 180
765 137 990 174 LITTERAE
1017 147 1371 180 QUADmMESTREs

257 231 565 272 Sacramento
587 244 643 272 en
664 233 775 282 ella,
799 244 856 272 en
877 232 1154 272 hazimiento
1176 233 1232 272 de
1252 233 1463 284 gracias;
1492 246 1522 284 y
1549 234 1798 274 escribiose
1819 246 1875 274 en

255 302 297 342 el
316 303 452 342 misal
473 304 513 343 el
533 303 608 343 dia
630 303 686 343 de
705 304 749 342 la
770 315 879 354 paz,
904 302 1116 343 diziendo
1145 314 1233 354 que
1263 304 1381 344 cada
1410 307 1499 344 ano
1528 303 1622 343 han
1651 303 1707 344 de
1735 304 1876 345 hazei-

255 375 391 425 aquel
412 374 488 413 dia
515 373 646 413 fiesta
674 375 876 413 solemne
905 376 932 413 a
958 373 1107 413 honor
1136 387 1167 425 y
1197 373 1346 414 honra
1377 374 1433 414 de
1466 374 1604 425 Dios,
1636 386 1724 426 que
1745 382 1874 415 tanto

254 443 359 483 bien
379 445 445 484 les
466 444 605 483 habia
627 444 797 494 hecho,
830 455 962 483 como
999 444 1074 484 dia
1104 443 1160 484 de
1189 456 1243 484 su
1273 445 1575 496 nacimiento,
1608 456 1723 496 pues
1749 457 1807 485 en
1834 447 1875 485 el

252 514 423 554 habian
443 514 687 554 renascido
718 526 805 565 por
825 526 879 554 su
898 515 1060 565 gracia
1080 527 1111 566 y
1132 515 1400 554 clemencia.
1433 515 1503 555 De
1533 516 1641 556 todo
1673 528 1723 556 se
1753 516 1808 556 de
1829 518 1874 559 la

251 584 402 634 gloria
424 588 449 624 a
471 586 515 624 la
540 585 697 624 divina
718 584 977 635 Magestad.

989 1009 1125 1062 LIV

315 1236 361 1272 Ρ.
381 1237 680 1284 Hieronymus
703 1237 955 1274 Domenech

363 1302 480 1339 Patri
501 1303 671 1350 Ignatio
690 1302 743 1339 de
764 1302 946 1348 Loyola.

410 1366 643 1413 Panormo,
668 1367 710 1404 15
730 1367 958 1404 Februarii
980 1365 1070 1402 1550
1090 1367 1115 1401 ¹.

1010 1514 1105 1589 nis

242 1655 346 1690 Copia
373 1657 566 1683 litterarum
602 1655 791 1683 Reverendi
814 1655 926 1682 Patris
953 1655 992 1682 D.
1022 1655 1193 1691 Jeronymi
1218 1655 1411 1682 Domenech
1444 1655 1600 1683 Panormi
1633 1655 1666 1682 15
1689 1654 1867 1682 Februarii

293 1704 498 1737 scriptarum
525 1704 566 1730 ad
592 1710 686 1730 suum
707 1703 739 1729 in
768 1702 902 1729 Christo
926 1703 1062 1730 Patrem
1083 1702 1319 1729 Reverendum
1336 1702 1475 1730 Patrem
1499 1703 1538 1730 D.
1554 1702 1724 1737 Ignatium
1741 1701 1865 1729 Romae

293 1754 462 1784 agentem.

318 1856 481 1897 Gratia
503 1857 693 1897 Domini
712 1857 874 1907 nostri,
900 1864 984 1896 etc.

314 1926 533 1967 Debitum
556 1927 865 1977 obedientiae,
891 1939 980 1978 qua
1002 1933 1167 1977 quarto
1190 1938 1371 1978 quoque
1397 1937 1556 1967 mense
1578 1926 1780 1967 scribere
1802 1933 1862 1966 te—

234 2009 397 2037 nemur
419 2010 488 2048 ea,
514 2009 632 2049 quae
653 1997 881 2037 Dominus
911 2009 993 2048 pei·
1013 1996 1295 2037 Societatem
1321 2003 1530 2037 nostram
1555 2003 1622 2037 est
1644 1982 1864 2048 operatus

234 2067 401 2108 horum
422 2069 644 2108 nobilium
664 2068 841 2118 favore,
866 2068 942 2119 qui
963 2068 1096 2108 nobis
1118 2079 1258 2119 quam
1280 2067 1483 2108 maxime
1504 2067 1792 2118 profuerunt,
1819 2074 1863 2108 et

232 2138 385 2179 adhuc
408 2146 604 2190 prosunt
626 2140 937 2189 declarantes,
969 2145 1018 2178 ut
1044 2137 1244 2178 Vestrae
1271 2137 1581 2178 Reverentiae
1607 2149 1690 2190 per
1711 2138 1861 2178 solva-

230 2221 352 2259 mus,
380 2210 643 2250 scribuntur
665 2210 865 2259 litterae,
891 2221 995 2249 cum
1020 2208 1202 2249 Rev.dus
1223 2208 1361 2249 Pater
1382 2209 1570 2261 Laynez
1587 2221 1670 2260 per
1694 2209 1860 2249 nimias

230 2281 561 2331 occupationes
584 2281 628 2320 id
650 2287 891 2331 praestare
911 2285 1123 2331 nequeat.

308 2350 561 2402 Postquam
583 2351 797 2391 undecim
818 2350 831 2368 ’ὲ
853 2351 915 2390 1111
936 2350 1125 2399 fratres,
1150 2351 1228 2401 qui
1248 2350 1383 2390 istinc
1404 2355 1645 2400 venerant,
1669 2349 1758 2390 huc
1781 2362 1854 2400 ap-

281 2462 291 2481 ¹
333 2461 404 2488 Has
426 2462 563 2489 litteras
577 2462 751 2496 hispanice
768 2469 787 2488 a
802 2461 1029 2488 Domenechio
1050 2461 1198 2495 scriptas
1220 2462 1310 2488 haud
1339 2461 1547 2494 dubitamus;
1564 2460 1622 2488 sed
1644 2460 1856 2494 hispanicum

226 2508 477 2542 autographum
492 2509 533 2534 ad
549 2515 609 2535 nos
623 2516 726 2542 usque
743 2516 807 2535 non
822 2509 988 2542 pervenit.
1005 2508 1176 2535 Habemus
1193 2512 1307 2535 tamen
1321 2507 1576 2542 adversarium,
1592 2507 1729 2534 Polanci
1753 2507 1856 2541 ipsius

225 2562 326 2582 manu
350 2555 575 2588 emendatum,
596 2555 764 2582 versionis
780 2556 907 2582 latinae
933 2556 965 2582 in
987 2555 1082 2589 folio,
1100 2555 1150 2582 cui
1176 2555 1208 2582 in
1231 2556 1375 2589 pristino
1390 2555 1535 2583 archivii
1551 2555 1666 2582 ordine
1682 2554 1853 2588 obtigerat

227 2608 315 2628 num.
330 2601 373 2632 80,
388 2608 474 2628 nunc
493 2605 604 2628 autem
620 2602 662 2628 11.

280 2648 294 2667 ἓ
334 2648 493 2682 Magnam
518 2649 557 2675 de
582 2655 719 2676 numero
745 2656 871 2683 eorum,
898 2651 952 2684 qui
976 2649 1074 2683 primi
1099 2650 1130 2676 in
1154 2649 1434 2676 Panormitanum
1456 2647 1643 2682 Collegium
1664 2648 1707 2675 ab
1721 2647 1854 2682 Ignatio

228 2695 319 2722 missi
336 2700 424 2729 sunt,
441 2696 709 2723 controversiam
723 2700 838 2724 movet
853 2697 1030 2730 Aguilera‚
1046 2700 1080 2724 et
1094 2696 1227 2731 quidem
1250 2696 1458 2724 auctoritate
1482 2695 1584 2723 trium
1606 2694 1851 2722 vetustissimo-

228 2750 302 2769 rum
318 2743 469 2770 codicum
486 2743 651 2776 suffultus,
666 2743 718 2770 his
733 2743 858 2770 verbis:
875 2743 1005 2777 Itaque,
1022 2744 1184 2781 inclinato
1195 2744 1266 2778 jam
1282 2743 1490 2778 Septembri,
1507 2750 1523 2769 e
1539 2742 1665 2769 nostris
1680 2742 1852 2769 duodecim

226 2788 430 2816 Panormum
446 2790 624 2824 appulere,
641 2797 705 2816 non
720 2797 802 2817 vero
818 2791 870 2817 his
883 2791 1076 2824 pauciores3
1090 2797 1168 2817 nam
1182 2791 1236 2824 qui
1252 2797 1374 2818 novem
1389 2790 1534 2824 primum
1549 2789 1682 2816 venisse
1697 2788 1852 2819 tradidit,

224 2843 331 2870 neque
347 2837 582 2863 vetustissima
598 2836 798 2864 documenta
813 2838 992 2871 consuluit,
1007 2845 1113 2871 neque
1138 2845 1213 2864 cum
1237 2837 1379 2865 Bartolo
1395 2840 1568 2869 consonat,
1593 2843 1631 2863 eo
1652 2836 1691 2863 de
1714 2843 1851 2863 numero

223 2883 364 2910 disserte
381 2887 565 2911 statuente.
582 2883 617 2909 Id
633 2884 766 2917 quidem
781 2892 818 2911 eo
833 2885 1015 2919 contigisse
1030 2885 1192 2918 arbitror,
1213 2885 1300 2918 quod
1324 2885 1356 2912 in
1379 2884 1527 2918 antiquis
1544 2883 1714 2911 codicibus
1729 2890 1851 2909 novem

220 2928 401 2957 du'mtaxat
424 2931 595 2964 expressis
619 2931 806 2959 nominibus
830 2936 1042 2965 censeantur3
1069 2935 1138 2959 tres
1162 2939 1243 2958 vero
1268 2932 1388 2966 reliqui
1413 2930 1637 2959 dissimulatis
1662 2929 1851 2957 nominibus
