1987 3260
255 162 326 199 ⁴232
758 163 982 200 LITTERAE
1009 176 1364 207 QUADRiMEsrREs

256 258 344 297 illis
378 257 536 309 datur,
571 264 785 298 currente
816 270 973 298 mense
1002 260 1099 310 illo,
1123 261 1338 311 gestandi
1359 262 1650 311 mantellum,
1683 267 1727 301 et
1758 262 1880 302 ince-

257 329 394 368 dendi
416 340 522 368 cum
548 329 727 369 duobus
749 328 1007 379 sodalibus,
1036 330 1082 370 id
1108 331 1234 381 quod
1261 332 1379 371 citra
1406 330 1667 382 hujusmodi
1700 332 1882 384 dispen-

257 400 463 440 sationes
484 400 672 440 minime
694 400 807 451 ipsis
827 399 982 440 facere
1002 401 1176 441 liceret.
1200 401 1271 441 Ex
1287 414 1376 453 quo
1394 403 1577 454 quidem
1600 414 1738 454 opere
1761 402 1881 443 cedit

258 483 350 510 non
377 471 573 522 simplex
602 476 679 510 aut
706 470 896 510 minima
929 471 1126 521 utilitas;
1160 484 1269 512 nam
1297 479 1482 523 praeter
1504 473 1705 513 fructum
1740 474 1883 514 dicta-

258 553 361 581 rum
391 541 797 591 eleemosinarum,
829 541 993 592 quibus
1023 542 1180 593 inopia
1203 543 1548 584 Conversarum
1578 545 1878 594 succurritur,

257 612 504 651 nonnullae
525 611 632 650 hinc
661 611 889 662 arripiunt
914 613 1204 663 propositum
1232 614 1442 654 mutandi
1468 615 1613 654 vitam
1634 615 1681 654 in
1702 615 1881 664 melius;

258 682 303 721 id
325 682 447 733 quod
468 693 632 721 verum
653 681 864 732 equidem
885 694 986 722 esse
1017 684 1222 734 comperi
1252 685 1464 735 exemplo
1493 685 1751 725 istiusmodi
1773 697 1882 736 qua-

258 759 362 792 tuor
402 752 797 802 muliercularum,
841 764 959 803 quae
998 765 1091 793 non
1123 754 1260 793 modo
1297 754 1353 794 ab
1388 754 1475 794 isto
1515 766 1598 794 suo
1633 754 1885 795 damnabili

260 828 384 862 statu
405 834 506 862 sese
527 823 818 870 avulserunt,
844 835 1007 863 verum
1028 824 1169 864 etiam
1185 824 1378 864 honesta
1399 837 1504 865 cum
1517 826 1633 865 viris
1655 825 1885 880 connubia

259 893 475 943 inierunt;
496 892 619 944 quod
634 899 683 933 ut
699 893 986 934 commodius
1001 901 1376 946 assequerentur,
1393 895 1677 946 suffragatae
1691 902 1797 936 sunt
1809 908 1881 948 pe-

259 964 424 1003 cuniae
447 975 505 1003 ex
525 964 767 1014 praedicta
784 964 1124 1004 contributione
1144 977 1379 1006 corrasae.
1399 965 1553 1006 Audio
1571 972 1615 1006 et
1635 967 1885 1007 nonnullas

263 1035 379 1074 alias
400 1035 702 1074 renunciasse
723 1035 848 1074 vitae
869 1036 1034 1086 priori,
1058 1041 1101 1075 et
1123 1036 1238 1075 alias
1259 1037 1550 1077 continenter
1566 1037 1741 1088 vivere,
1771 1038 1889 1077 alias

260 1105 375 1144 viris
402 1105 630 1155 nupsisse.
662 1105 732 1144 De
760 1105 951 1156 reliquis
973 1105 1133 1157 jubent
1159 1118 1244 1146 nos
1273 1107 1389 1146 bene
1419 1119 1609 1159 sperare
1630 1108 1795 1147 crebra
1815 1119 1887 1147 su-

264 1175 408 1226 spiria
431 1181 474 1215 et
502 1175 724 1226 gemitus,
755 1188 870 1227 quos
898 1177 1087 1227 energia
1115 1177 1246 1217 verbi
1273 1177 1361 1217 Dei
1387 1178 1600 1218 Videmus
1628 1190 1884 1230 erumpere.

345 1244 593 1286 Praeterea
614 1245 848 1286 Sodalitas
869 1259 950 1287 seu
972 1247 1345 1288 Confraternitas
1372 1248 1695 1300 Notariorum,
1721 1249 1776 1289 de
1797 1261 1887 1300 qua

262 1317 377 1356 alias
399 1317 458 1356 ad
478 1316 592 1356 Ram
613 1317 735 1358 V.am
761 1318 1047 1369 scripsimus,
1072 1319 1205 1359 firma
1226 1320 1453 1371 persistit,
1484 1331 1602 1371 quae
1631 1326 1729 1360 tota
1756 1331 1887 1360 occu-

261 1393 400 1438 patur
430 1388 476 1427 in
504 1400 557 1428 eo
589 1394 637 1428 ut
667 1389 869 1440 quotidie
897 1388 987 1429 duo
1016 1390 1198 1430 illorum
1227 1402 1362 1430 mane
1384 1392 1540 1441 semel,
1571 1397 1614 1430 et
1644 1391 1786 1430 semel
1812 1402 1886 1430 ve-

261 1469 410 1509 spere,
434 1459 642 1499 infirmos
664 1460 983 1500 incarceratos
1004 1460 1192 1500 visitent
1214 1466 1257 1500 et
1275 1461 1330 1501 de
1351 1461 1425 1511 iis,
1451 1473 1568 1512 quae
1585 1460 1644 1500 ad
1659 1461 1890 1501 rationem

260 1530 414 1569 victus
449 1536 493 1570 et
542 1531 878 1570 medicinarum
913 1531 1166 1581 pertinent,
1204 1531 1363 1571 sedulo
1400 1532 1700 1582 provideant3
1735 1543 1888 1572 sacra-

261 1606 415 1640 menta
439 1612 621 1652 quoque
643 1601 950 1641 confessionis
972 1607 1017 1641 et
1040 1602 1379 1642 communionis
1400 1608 1592 1642 sanctae
1614 1602 1887 1653 tempestive

262 1671 579 1711 administrari
600 1678 865 1723 procurent.
894 1672 997 1712 Hac
1025 1672 1316 1712 hebdomada
1337 1673 1441 1712 illos
1459 1673 1556 1724 jam
1582 1673 1731 1713 dictos
1751 1672 1890 1713 Nota-

260 1742 357 1781 rios
379 1742 576 1782 conveni
598 1748 735 1794 atque
756 1743 975 1782 admonui
996 1743 1106 1783 utile
1127 1743 1226 1783 fore
1253 1744 1291 1783 si
1307 1744 1426 1783 inter
1453 1755 1503 1783 se
1528 1744 1767 1795 capitatim
1794 1755 1888 1783 cer-

261 1817 357 1852 tam
379 1818 539 1852 taxam
559 1824 613 1852 ac
635 1824 864 1853 summam
883 1814 1108 1865 pecuniae
1132 1815 1487 1864 constituerent;
1507 1814 1629 1865 quod
1646 1814 1889 1854 consilium

262 1882 349 1922 illis
370 1882 511 1922 fuisse
533 1883 661 1923 cordi
682 1883 887 1934 videtur,
913 1895 1017 1923 cum
1045 1884 1276 1934 nonnulli,
1308 1885 1405 1924 suis
1432 1885 1693 1924 nominibus
1715 1885 1889 1935 scripto

261 1953 466 2003 traditis,
490 1952 588 2003 jam
622 1960 865 1993 numerent
899 1954 974 1993 hic
1004 1960 1204 2005 quatuor
1230 1963 1419 1995 tarenos
1444 1954 1469 2006 ¹,
1500 1955 1574 1995 ille
1602 1961 1696 1995 tres
1729 1967 1888 1995 mense

265 2024 469 2074 singulo,
495 2030 538 2064 et
559 2024 646 2064 hac
668 2025 971 2075 eleemosina,
996 2037 1113 2077 quae
1144 2025 1202 2065 ad
1229 2037 1459 2065 summam
1481 2032 1666 2066 centum
1687 2031 1887 2066 scutato-

260 2105 363 2134 rum
382 2100 425 2134 et
447 2107 500 2134 eo
524 2095 735 2146 amplius,
760 2096 825 2135 uti
847 2102 1077 2147 speratur,
1097 2102 1326 2147 assurget,
1351 2108 1573 2147 magnum
1594 2096 1889 2147 refrigerium

262 2165 576 2213 praestabitur
596 2165 777 2205 miseris
798 2166 888 2205 illis
907 2166 1017 2218 Jesu
1038 2166 1146 2217 Xpi.
1170 2167 1406 2206 membris.

341 2234 668 2286 Superioribus
699 2235 874 2287 diebUS,
899 2242 1083 2277 mortua
1104 2236 1358 2277 Abbatissa
1388 2236 1628 2288 cujusdam
1660 2243 1887 2277 monaste—

263 2306 319 2345 rii
341 2307 397 2346 de
418 2306 650 2357 Conillon,
676 2307 904 2347 dioecesis
924 2307 1028 2347 Rstffli
1053 2307 1190 2348 Card.
1214 2308 1251 2348 F
1255 2309 1442 2358 arnesii,
1466 2320 1538 2348 me
1567 2309 1733 2348 obnixe
1753 2319 1889 2359 roga—

267 2377 331 2416 vit
353 2377 648 2417 Gubernator
670 2377 1019 2429 Montisregalis
1048 2385 1096 2418 ut
1125 2379 1184 2419 ad
1211 2391 1316 2419 eum
1344 2380 1496 2419 locum
1516 2390 1589 2419 me
1613 2379 1887 2427 conferrem,

265 2458 355 2498 quo
376 2459 456 2498 per
479 2448 606 2487 viam
627 2449 881 2488 canonicae
903 2449 1140 2489 electionis
1163 2450 1253 2489 alia
1269 2450 1315 2489 in
1331 2450 1485 2489 locum
1503 2450 1771 2489 demortuae
1794 2460 1889 2488 sur-

268 2523 529 2568 rogaretur.
553 2518 791 2558 Profectus
812 2531 914 2559 sum
931 2519 1071 2570 igitur
1089 2551 1097 2570 ,
1117 2526 1160 2559 et
1173 2520 1439 2571 praesentia
1457 2531 1561 2560 mea
1582 2520 1801 2571 impedita
1822 2526 1891 2559 est

267 2594 394 2627 certo
415 2588 568 2628 futura
589 2589 752 2628 electio
775 2588 1017 2639 cujusdam
1043 2589 1321 2640 juvenculae
1356 2591 1563 2630 nondum
1586 2595 1737 2630 aetate
1759 2601 1889 2630 exce-

267 2658 417 2698 dentis
437 2671 612 2699 annum
632 2659 776 2699 XXII.
807 2660 856 2699 In
879 2660 999 2700 hanc
1034 2660 1169 2700 favor
1185 2673 1302 2712 pene
1331 2661 1536 2701 omnium
1563 2661 1889 2712 inclinabatur,

268 2730 390 2780 quod
411 2731 579 2769 multas
601 2741 713 2781 opes
733 2731 1029 2781 importasset
1051 2732 1349 2771 monasterio.
1370 2731 1459 2772 Pro
1476 2732 1737 2771 indubitato
1756 2731 1891 2771 habe—

327 2912 335 2931 ¹
383 2912 527 2944 Tareno,
541 2913 714 2946 hispanice
731 2914 839 2945 latin,
854 2921 1007 2940 nummus
1021 2917 1095 2939 erat
1113 2920 1304 2947 argenteus.
1320 2914 1412 2948 cujus
1429 2915 1525 2941 valor
1537 2918 1679 2947 quartae
1692 2915 1782 2948 parti
1797 2915 1893 2942 unius

271 2957 630 2993 Iz'ra,sram‘,pcseta,
645 2961 897 2993 aequivalebat.
