1987 3260
870 172 953 209 ΑΝ.
985 172 1071 209 1551
1713 174 1783 212 293

157 269 404 321 probitatis
451 275 495 309 et
534 268 805 309 eruditionis
845 269 1011 308 miram
1052 268 1350 319 concepimus
1396 270 1783 319 expectationem,

158 341 263 380 licet
283 339 489 380 nondum
505 340 654 391 prima
672 340 931 391 pubertatis
947 340 1083 390 signa
1101 339 1293 379 dederit.
1314 339 1400 378 Hic
1419 339 1555 390 (quod
1572 340 1708 379 modo
1731 352 1789 380 ex

157 410 478 463 praesentibus
518 411 624 450 licet
659 410 945 462 conjectare)
980 410 1224 449 nobiscum
1258 410 1485 459 manebit,
1523 410 1787 451 liberalibus

157 481 426 532 disciplinis,
446 493 561 533 quas
579 487 796 532 coeperat
818 482 961 531 adire,
981 486 1239 521 extremam
1260 481 1560 532 impositurus
1582 492 1786 523 manum.

236 551 427 591 Plurimi
447 558 634 603 praeter
655 552 740 591 hos
761 558 887 602 sunt,
918 552 996 603 qui
1026 551 1206 591 admitti
1232 551 1279 590 in
1310 557 1441 591 tuum
1461 551 1690 601 gremium
1710 563 1788 603 po-

157 624 350 671 stulant,
374 634 538 663 verum
558 634 706 674 neque
728 623 823 674 quit
845 622 1057 662 satisfieri
1085 633 1234 673 neque
1265 622 1312 661 in
1340 634 1438 661 rem
1465 633 1567 662 esse
1595 623 1790 662 arbitra-

156 705 257 734 mus
279 694 470 745 quosvis
496 694 594 733 sine
622 705 794 743 magno
821 693 1000 733 delectu
1028 699 1284 744 receptare.
1309 692 1403 733 Vix
1433 693 1595 733 diebus
1621 693 1789 744 viginti

155 771 354 815 quatuor
376 765 546 816 elapsis
568 765 625 803 ab
647 765 850 804 adventu
868 764 1087 804 Doctoris
1105 763 1312 812 Castillo,
1334 764 1576 804 Concham
1594 770 1663 804 est
1684 764 1789 803 mis-

156 820 235 875 sus
256 847 283 874 a
305 835 353 875 Ρ.
376 842 537 875 nostro
555 835 807 875 Villanova
830 841 878 874 ut
898 834 946 875 P.
971 835 1322 875 Emmanuelem
1341 833 1349 852 ¹
1374 835 1690 885 comitaretur,
1709 837 1788 886 qui

157 906 429 945 Emmanuel
463 918 489 945 a
520 905 723 945 Doctore
750 906 968 955 Vergara
996 905 1009 924 ²
1036 905 1188 946 fuerat
1215 905 1372 945 multis
1400 911 1525 945 retro
1553 906 1788 945 mensibus

156 977 412 1017 accersitus
451 976 759 1016 concionandi
808 988 965 1016 causa.
1016 977 1189 1016 Eorum
1232 987 1346 1016 vero
1396 976 1575 1015 itineris
1624 976 1787 1016 modus

156 1059 329 1087 novum
359 1054 403 1087 et
439 1054 503 1095 tut
539 1058 648 1086 vere
684 1046 851 1096 dicam)
887 1047 1097 1087 mirabile
1125 1053 1313 1087 nostrae
1340 1047 1494 1097 gentis
1523 1047 1787 1086 hominibus

155 1119 368 1169 praebuit
403 1117 734 1169 spectaculum.
772 1117 891 1158 Nam
917 1123 1246 1169 praeterquam
1276 1118 1398 1169 quod
1432 1118 1625 1169 pedites,
1657 1118 1787 1157 ibant

155 1190 255 1230 sine
290 1190 455 1229 baculo
491 1195 535 1229 et
560 1201 693 1241 pera,
728 1188 857 1239 juxta
894 1189 1089 1229 verbum
1122 1188 1326 1228 Domini.
1363 1188 1478 1228 Illud
1512 1189 1701 1240 insuper
1735 1194 1786 1228 ut

155 1272 327 1300 novum
355 1260 401 1299 in
429 1259 785 1300 admirationem
812 1259 1043 1310 rapiebat,
1076 1258 1198 1310 quod
1224 1258 1411 1298 Patrem
1437 1259 1786 1298 Emmanuelem

155 1333 201 1371 in
222 1331 418 1382 publicis
440 1330 717 1382 oppidorum
738 1341 792 1369 ac
814 1330 1059 1369 civitatum
1086 1330 1250 1381 plateis
1278 1330 1632 1369 concionantem
1660 1330 1783 1370 vide-

155 1403 281 1453 bant,
300 1390 537 1453 tamquam
553 1401 599 1440 in
616 1400 800 1441 sublimi
822 1400 1126 1440 ecclesiarum
1147 1407 1388 1451 suggestu,
1412 1401 1489 1440 alii
1510 1401 1683 1450 mirari,
1709 1401 1785 1440 alii

156 1485 345 1524 pavere,
369 1471 561 1512 laudare
584 1483 744 1511 omnes
764 1471 873 1511 boni
895 1476 1032 1522 atque
1054 1482 1329 1511 asseverare
1346 1483 1440 1511 non
1457 1472 1589 1511 aliter
1606 1472 1787 1523 priscos

157 1544 394 1584 Ecclesiae
415 1554 634 1595 proceres
654 1542 915 1592 factitasse,
940 1553 1046 1582 cum
1068 1542 1126 1581 ad
1147 1542 1478 1582 convellendas
1500 1554 1556 1582 ex
1577 1543 1789 1593 gentium

160 1616 326 1655 animis
353 1614 642 1655 idololatrias
663 1613 809 1653 divini
830 1613 1019 1664 spiritus
1041 1613 1226 1653 flatibus
1247 1614 1522 1663 agebantur.
1546 1613 1785 1654 Concioni-

156 1687 241 1726 bus
263 1697 376 1737 ergo
399 1698 453 1726 ac
475 1685 846 1726 confessionibus
866 1690 1113 1735 vacantes,
1138 1684 1293 1724 cibum
1313 1685 1576 1724 mendicato
1593 1696 1788 1736 quaren—

155 1765 240 1805 tes,
263 1757 350 1797 iter
380 1768 515 1797 suum
530 1761 826 1808 peregerunt.
846 1755 1022 1795 Doctor
1041 1755 1254 1805 Castillo,
1284 1756 1360 1795 ubi
1378 1756 1513 1806 signa
1531 1755 1716 1795 humilis
1733 1767 1789 1795 ac

159 1840 302 1868 sanae
323 1827 489 1867 mentis
510 1826 726 1877 ostendit,
750 1832 999 1867 revocatus
1021 1826 1112 1866 huc
1134 1831 1217 1866 est.

235 1899 510 1939 Emmanuel
530 1910 642 1939 vero
665 1899 844 1938 duobus
865 1898 1048 1949 oppidis
1069 1909 1232 1937 curam
1253 1898 1492 1949 impendit,
1512 1898 1589 1938 ubi
1610 1898 1791 1938 Doctor

160 1970 375 2021 Vergara
399 1970 660 2010 sacerdotia
691 1969 921 2020 quaedam
947 1968 1086 2008 habet
1114 1980 1208 2008 non
1237 1969 1335 2008 sine
1367 1969 1632 2009 animarum
1658 1981 1788 2009 cura.

155 2041 283 2081 Fecit
306 2041 396 2080 illic
418 2041 597 2091 opimos
618 2040 797 2080 fructus
819 2039 1065 2090 spirituum
1087 2039 1235 2078 hortis
1255 2040 1581 2090 pullulascere.
1601 2039 1719 2080 Nam
1741 2047 1791 2079 ut

157 2112 349 2163 vulgata
367 2110 462 2162 jam
484 2118 796 2163 praeteream,
827 2110 1166 2160 confessiones,
1197 2110 1469 2159 conciones,
1506 2109 1787 2150 adhortatio-

157 2194 254 2232 neS,
279 2182 629 2231 catechismum,
656 2181 863 2230 consilia,
887 2181 1052 2231 quibus
1074 2181 1401 2230 indigenarum
1421 2181 1603 2221 animos
1630 2181 1676 2220 in
1699 2180 1790 2221 Do-

159 2253 271 2293 mini
293 2239 545 2292 adventum
565 2252 897 2303 praeparabat,
922 2251 1032 2291 illud
1054 2257 1122 2291 est
1143 2263 1237 2291 non
1268 2252 1463 2302 vulgare
1491 2252 1616 2302 quod
1648 2257 1790 2291 statu-

157 2332 254 2364 tum
275 2324 604 2375 decretumque
625 2323 807 2373 reliquit
829 2323 874 2362 in
897 2328 1172 2373 perpetuum
1193 2323 1350 2373 populi
1371 2334 1603 2363 consensu
1629 2335 1686 2363 ne
1716 2324 1789 2362 cui

159 2459 216 2485 del
233 2458 366 2492 Colegz'o
382 2459 424 2485 de
440 2458 574 2491 Alcala',
588 2458 644 2485 lib.
660 2466 706 2492 111,
723 2466 796 2493 cap.
814 2459 855 2486 10.
871 2458 991 2485 Mirum
1011 2466 1092 2485 vere
1109 2462 1160 2486 est
1181 2466 1220 2485 ne
1236 2459 1376 2485 verbum
1392 2459 1525 2492 quidem
1549 2459 1581 2485 in
1597 2458 1649 2486 his
1672 2459 1793 2485 fratris

157 2505 311 2541 Dionysii
327 2506 485 2540 Vazqucz
500 2506 626 2533 litteris
641 2506 784 2540 reperiri
800 2506 839 2532 de
857 2506 1054 2533 tumultibus
1076 2506 1253 2533 occasione
1275 2506 1447 2540 ingressus
1470 2505 1665 2540 Hieronymi
1683 2506 1722 2532 de
1737 2506 1776 2532 Ri

157 2553 259 2585 paida
276 2552 444 2586 Compluti
462 2552 634 2587 excitatis,
647 2560 728 2586 quos
744 2553 851 2579 refert
867 2552 901 2580 P.
919 2552 1184 2587 Christophorus
1203 2553 1242 2579 de
1262 2552 1384 2579 Castro
1403 2557 1435 2579 ct
1450 2556 1526 2586 post
1542 2560 1617 2580 eum
1634 2552 1669 2579 P.
1688 2552 1792 2579 Euse-

157 2599 231 2626 bius
246 2599 470 2634 Nieremberg
489 2604 521 2627 et
539 2600 607 2627 alii.

217 2646 227 2666 ¹
266 2647 301 2673 P.
319 2646 517 2677 Emmanuel
529 2647 652 2681 Lopez,
669 2647 846 2678 lusitanus.
863 2647 1070 2681 Portuensis,
1084 2648 1146 2674 hoc
1158 2647 1253 2674 estin
1266 2648 1347 2674 urbe
1363 2647 1487 2681 Oporto
1498 2651 1598 2675 natus
1610 2655 1697 2674 anno
1711 2648 1791 2679 1525,

159 2693 190 2720 in
219 2693 427 2721 Societatem
444 2694 677 2722 Conimbricae
694 2695 861 2722 admissus
876 2702 962 2722 anno
979 2695 1056 2728 1545,
1073 2695 1109 2721 B.
1132 2694 1246 2721 Patris
1268 2694 1361 2721 Petri
1377 2695 1480 2722 Fabri
1501 2702 1541 2721 ex
1562 2694 1741 2721 Lusitania
1756 2694 1791 2721 in

160 2740 360 2775 Hispaniam
375 2749 497 2775 comes,
514 2746 546 2769 et
563 2742 601 2768 de
619 2741 801 2776 Societate‚
816 2742 998 2776 praecipue
1016 2743 1048 2769 in
1064 2742 1294 2776 Complutensi
1311 2741 1478 2776 Collegio,
1496 2742 1620 2776 optime
1635 2743 1777 2769 meritus

159 2787 250 2814 Obiit
267 2787 434 2823 Compluti
450 2797 537 2816 anno
555 2790 632 2816 1603.
648 2789 735 2817 Vide
759 2790 913 2817 Varones
935 2790 1112 2822 illustres,
1127 2794 1149 2817 t.
1167 2797 1237 2824 v111,
1254 2798 1331 2824 pag.
1352 2791 1413 2823 347,
1428 2790 1538 2824 ibique
1560 2794 1639 2817 nota
1655 2797 1740 2823 quae
1757 2789 1791 2816 in

164 2834 353 2862 ORLANDINI
370 2835 532 2863 Historia
549 2837 752 2871 corrigenda
767 2844 839 2864 esse
855 2837 891 2864 P.
907 2836 1068 2864 Andrade
1091 2837 1346 2865 animadvertit.

212 2883 225 2901 2'
262 2883 390 2911 Doctor
405 2884 600 2918 Alphonsus
616 2884 773 2912 Ramirez
786 2885 824 2911 de
838 2885 1007 2919 Vergara.
1023 2885 1061 2911 de
1080 2892 1144 2919 quo
1156 2886 1352 2919 saepissime
1366 2886 1549 2919 Pomm-cus,
1562 2886 1790 2919 ORLANmNtis,

161 2930 332 2964 Arcum,
350 2931 600 2965 RIVADENEIRA,
618 2936 683 2959 etc.
699 2932 730 2959 ls
751 2933 837 2959 alius
862 2937 912 2959 cst
937 2933 979 2959 ab
1004 2933 1075 2966 ejus
1100 2937 1285 2960 coaetaneo
1309 2933 1455 2961 Doctore
1478 2934 1617 2966 (Joanne
1639 2934 1691 2966 de)
1707 2933 1791 2960 Ver-

159 2983 257 3008 gara.
276 2977 519 3012 Complutensi.
