<?xml version="1.0" encoding="UTF-8"?>
<!DOCTYPE html PUBLIC "-//W3C//DTD XHTML 1.0 Transitional//EN"
    "http://www.w3.org/TR/xhtml1/DTD/xhtml1-transitional.dtd">
<html xmlns="http://www.w3.org/1999/xhtml" xml:lang="en" lang="en">
 <head>
  <title>
</title>
<meta http-equiv="Content-Type" content="text/html;charset=utf-8" />
  <meta name='ocr-system' content='tesseract 3.04.00' />
  <meta name='ocr-capabilities' content='ocr_page ocr_carea ocr_par ocr_line ocrx_word'/>
</head>
<body>
  <div class='ocr_page' id='page_1' title='image "./litteraequadrime1301lain_0629.png"; bbox 0 0 1987 3260; ppageno 0'>
   <div class='ocr_carea' id='block_1_1' title="bbox 880 170 1802 209">
    <p class='ocr_par' dir='ltr' id='par_1_1' title="bbox 880 170 1802 209">
     <span class='ocr_line' id='line_1_1' title="bbox 880 170 1802 209; baseline 0.002 -1"><span class='ocrx_word' id='word_1_1' title='bbox 880 170 961 208; x_wconf 80' lang='lat' dir='ltr'>AN.</span> <span class='ocrx_word' id='word_1_2' title='bbox 998 170 1089 208; x_wconf 76' lang='lat'>1552</span> <span class='ocrx_word' id='word_1_3' title='bbox 1732 173 1802 209; x_wconf 52' lang='lat'>&amp;23</span> 
     </span>
    </p>
   </div>
   <div class='ocr_carea' id='block_1_2' title="bbox 167 265 1803 2860">
    <p class='ocr_par' dir='ltr' id='par_1_2' title="bbox 171 265 1800 599">
     <span class='ocr_line' id='line_1_2' title="bbox 172 265 1796 319; baseline 0.002 -15"><span class='ocrx_word' id='word_1_4' title='bbox 172 267 244 306; x_wconf 76' lang='lat' dir='ltr'>sit.</span> <span class='ocrx_word' id='word_1_5' title='bbox 283 265 525 304; x_wconf 79' lang='lat' dir='ltr'>Neminem</span> <span class='ocrx_word' id='word_1_6' title='bbox 559 273 801 317; x_wconf 91' lang='lat' dir='ltr'>praeterea</span> <span class='ocrx_word' id='word_1_7' title='bbox 841 266 956 306; x_wconf 91' lang='lat' dir='ltr'>adeo</span> <span class='ocrx_word' id='word_1_8' title='bbox 991 272 1170 317; x_wconf 90' lang='lat' dir='ltr'>aptum,</span> <span class='ocrx_word' id='word_1_9' title='bbox 1209 266 1282 306; x_wconf 91' lang='lat' dir='ltr'>cui</span> <span class='ocrx_word' id='word_1_10' title='bbox 1315 267 1577 317; x_wconf 77' lang='lat' dir='ltr'>gallicanae</span> <span class='ocrx_word' id='word_1_11' title='bbox 1612 269 1796 319; x_wconf 81' lang='lat' dir='ltr'>provin-</span> 
     </span>
     <span class='ocr_line' id='line_1_3' title="bbox 171 335 1795 388; baseline 0.001 -12"><span class='ocrx_word' id='word_1_12' title='bbox 171 336 269 376; x_wconf 78' lang='lat' dir='ltr'>ciae</span> <span class='ocrx_word' id='word_1_13' title='bbox 291 335 572 376; x_wconf 79' lang='lat' dir='ltr'>excolendae</span> <span class='ocrx_word' id='word_1_14' title='bbox 594 343 637 375; x_wconf 88' lang='lat' dir='ltr'>et</span> <span class='ocrx_word' id='word_1_15' title='bbox 659 335 903 377; x_wconf 85' lang='lat' dir='ltr'>Societatis</span> <span class='ocrx_word' id='word_1_16' title='bbox 924 337 970 376; x_wconf 93' lang='lat' dir='ltr'>in</span> <span class='ocrx_word' id='word_1_17' title='bbox 991 337 1079 376; x_wconf 88' lang='lat' dir='ltr'>hac</span> <span class='ocrx_word' id='word_1_18' title='bbox 1100 338 1292 387; x_wconf 77' lang='lat' dir='ltr'>regione</span> <span class='ocrx_word' id='word_1_19' title='bbox 1314 338 1661 388; x_wconf 76' lang='lat' dir='ltr'>promovendae</span> <span class='ocrx_word' id='word_1_20' title='bbox 1683 350 1795 378; x_wconf 85' lang='lat' dir='ltr'>cura</span> 
     </span>
     <span class='ocr_line' id='line_1_4' title="bbox 172 406 1795 458; baseline -0.001 -12"><span class='ocrx_word' id='word_1_21' title='bbox 172 406 378 456; x_wconf 83' lang='lat' dir='ltr'>delegari</span> <span class='ocrx_word' id='word_1_22' title='bbox 404 406 695 446; x_wconf 88' lang='lat' dir='ltr'>commodius</span> <span class='ocrx_word' id='word_1_23' title='bbox 717 407 881 458; x_wconf 78' lang='lat' dir='ltr'>possit,</span> <span class='ocrx_word' id='word_1_24' title='bbox 906 419 1045 458; x_wconf 90' lang='lat' dir='ltr'>quam</span> <span class='ocrx_word' id='word_1_25' title='bbox 1066 407 1202 447; x_wconf 61' lang='lat' dir='ltr'>Reium</span> <span class='ocrx_word' id='word_1_26' title='bbox 1232 407 1417 448; x_wconf 85' lang='lat' dir='ltr'>Patrem</span> <span class='ocrx_word' id='word_1_27' title='bbox 1439 408 1743 449; x_wconf 82' lang='lat' dir='ltr'>Paschasium</span> <span class='ocrx_word' id='word_1_28' title='bbox 1771 409 1795 445; x_wconf 90' lang='lat'>¹.</span> 
     </span>
     <span class='ocr_line' id='line_1_5' title="bbox 173 476 1800 530; baseline 0.001 -14"><span class='ocrx_word' id='word_1_29' title='bbox 173 476 313 527; x_wconf 88' lang='lat' dir='ltr'>Cujus</span> <span class='ocrx_word' id='word_1_30' title='bbox 342 476 516 527; x_wconf 87' lang='lat' dir='ltr'>negotii</span> <span class='ocrx_word' id='word_1_31' title='bbox 545 484 871 528; x_wconf 75' lang='lat' dir='ltr'>argumentum</span> <span class='ocrx_word' id='word_1_32' title='bbox 899 477 1140 529; x_wconf 80' lang='lat' dir='ltr'>prolixiori</span> <span class='ocrx_word' id='word_1_33' title='bbox 1175 478 1384 518; x_wconf 89' lang='lat' dir='ltr'>oratione</span> <span class='ocrx_word' id='word_1_34' title='bbox 1420 479 1669 530; x_wconf 73' lang='lat' dir='ltr'>postremis</span> <span class='ocrx_word' id='word_1_35' title='bbox 1705 479 1800 518; x_wconf 71' lang='lat' dir='ltr'>suis</span> 
     </span>
     <span class='ocr_line' id='line_1_6' title="bbox 172 547 1578 599; baseline 0.002 -13"><span class='ocrx_word' id='word_1_36' title='bbox 172 547 357 593; x_wconf 76' lang='lat' dir='ltr'>litteris,</span> <span class='ocrx_word' id='word_1_37' title='bbox 381 559 498 598; x_wconf 91' lang='lat' dir='ltr'>quas</span> <span class='ocrx_word' id='word_1_38' title='bbox 519 559 603 587; x_wconf 80' lang='lat' dir='ltr'>vos</span> <span class='ocrx_word' id='word_1_39' title='bbox 624 549 857 599; x_wconf 77' lang='lat' dir='ltr'>recepisse</span> <span class='ocrx_word' id='word_1_40' title='bbox 879 548 1174 598; x_wconf 82' lang='lat' dir='ltr'>confidimus,</span> <span class='ocrx_word' id='word_1_41' title='bbox 1198 555 1473 599; x_wconf 85' lang='lat' dir='ltr'>prosecutus</span> <span class='ocrx_word' id='word_1_42' title='bbox 1495 555 1578 589; x_wconf 90' lang='lat' dir='ltr'>est.</span> 
     </span>
    </p>

    <p class='ocr_par' dir='ltr' id='par_1_3' title="bbox 171 617 1803 1576">
     <span class='ocr_line' id='line_1_7' title="bbox 252 617 1800 669; baseline 0.002 -12"><span class='ocrx_word' id='word_1_43' title='bbox 252 617 426 669; x_wconf 87' lang='lat' dir='ltr'>Itaque,</span> <span class='ocrx_word' id='word_1_44' title='bbox 451 630 606 669; x_wconf 88' lang='lat' dir='ltr'>quum,</span> <span class='ocrx_word' id='word_1_45' title='bbox 631 626 734 659; x_wconf 90' lang='lat' dir='ltr'>octo</span> <span class='ocrx_word' id='word_1_46' title='bbox 756 619 976 659; x_wconf 84' lang='lat' dir='ltr'>fratribus</span> <span class='ocrx_word' id='word_1_47' title='bbox 997 631 1023 659; x_wconf 86' lang='lat' dir='ltr'>a</span> <span class='ocrx_word' id='word_1_48' title='bbox 1044 618 1200 659; x_wconf 86' lang='lat' dir='ltr'>Natali</span> <span class='ocrx_word' id='word_1_49' title='bbox 1222 619 1454 659; x_wconf 90' lang='lat' dir='ltr'>dominico</span> <span class='ocrx_word' id='word_1_50' title='bbox 1477 620 1584 660; x_wconf 91' lang='lat' dir='ltr'>hinc</span> <span class='ocrx_word' id='word_1_51' title='bbox 1602 620 1800 660; x_wconf 88' lang='lat' dir='ltr'>Romam</span> 
     </span>
     <span class='ocr_line' id='line_1_8' title="bbox 171 689 1796 742; baseline 0.002 -14"><span class='ocrx_word' id='word_1_52' title='bbox 171 689 393 738; x_wconf 83' lang='lat' dir='ltr'>dimissis,</span> <span class='ocrx_word' id='word_1_53' title='bbox 423 696 622 740; x_wconf 86' lang='lat' dir='ltr'>quatuor</span> <span class='ocrx_word' id='word_1_54' title='bbox 649 690 892 730; x_wconf 81' lang='lat' dir='ltr'>dumtaxat</span> <span class='ocrx_word' id='word_1_55' title='bbox 918 691 1080 742; x_wconf 90' lang='lat' dir='ltr'>reliqui</span> <span class='ocrx_word' id='word_1_56' title='bbox 1115 702 1343 740; x_wconf 83' lang='lat' dir='ltr'>essemus,</span> <span class='ocrx_word' id='word_1_57' title='bbox 1382 698 1577 742; x_wconf 81' lang='lat' dir='ltr'>excepto</span> <span class='ocrx_word' id='word_1_58' title='bbox 1609 691 1796 741; x_wconf 88' lang='lat' dir='ltr'>famulo,</span> 
     </span>
     <span class='ocr_line' id='line_1_9' title="bbox 171 759 1799 812; baseline 0.001 -13"><span class='ocrx_word' id='word_1_59' title='bbox 171 759 342 811; x_wconf 84' lang='lat' dir='ltr'>placuit</span> <span class='ocrx_word' id='word_1_60' title='bbox 376 759 562 799; x_wconf 86' lang='lat' dir='ltr'>divinae</span> <span class='ocrx_word' id='word_1_61' title='bbox 596 760 917 811; x_wconf 81' lang='lat' dir='ltr'>providentiae</span> <span class='ocrx_word' id='word_1_62' title='bbox 953 772 1196 801; x_wconf 89' lang='lat' dir='ltr'>numerum</span> <span class='ocrx_word' id='word_1_63' title='bbox 1231 760 1346 801; x_wconf 87' lang='lat' dir='ltr'>adeo</span> <span class='ocrx_word' id='word_1_64' title='bbox 1384 762 1604 812; x_wconf 83' lang='lat' dir='ltr'>exiguum</span> <span class='ocrx_word' id='word_1_65' title='bbox 1646 762 1799 801; x_wconf 86' lang='lat' dir='ltr'>adhuc</span> 
     </span>
     <span class='ocr_line' id='line_1_10' title="bbox 173 830 1799 882; baseline 0.002 -13"><span class='ocrx_word' id='word_1_66' title='bbox 173 830 463 879; x_wconf 88' lang='lat' dir='ltr'>imminuere,</span> <span class='ocrx_word' id='word_1_67' title='bbox 497 830 640 870; x_wconf 79' lang='lat' dir='ltr'>fratre</span> <span class='ocrx_word' id='word_1_68' title='bbox 677 837 836 870; x_wconf 87' lang='lat' dir='ltr'>nostro</span> <span class='ocrx_word' id='word_1_69' title='bbox 872 831 1162 881; x_wconf 88' lang='lat' dir='ltr'>charissimo,</span> <span class='ocrx_word' id='word_1_70' title='bbox 1202 831 1428 882; x_wconf 87' lang='lat' dir='ltr'>Magistro</span> <span class='ocrx_word' id='word_1_71' title='bbox 1464 832 1633 872; x_wconf 89' lang='lat' dir='ltr'>Carolo</span> <span class='ocrx_word' id='word_1_72' title='bbox 1668 833 1799 872; x_wconf 90' lang='lat' dir='ltr'>Com-</span> 
     </span>
     <span class='ocr_line' id='line_1_11' title="bbox 173 900 1798 953; baseline 0.002 -14"><span class='ocrx_word' id='word_1_73' title='bbox 173 900 355 950; x_wconf 91' lang='lat' dir='ltr'>melino,</span> <span class='ocrx_word' id='word_1_74' title='bbox 393 900 587 950; x_wconf 84' lang='lat' dir='ltr'>flandro,</span> <span class='ocrx_word' id='word_1_75' title='bbox 623 901 827 941; x_wconf 77' lang='lat' dir='ltr'>violenta</span> <span class='ocrx_word' id='word_1_76' title='bbox 858 901 984 942; x_wconf 85' lang='lat' dir='ltr'>febre</span> <span class='ocrx_word' id='word_1_77' title='bbox 1012 914 1070 942; x_wconf 81' lang='lat' dir='ltr'>ex</span> <span class='ocrx_word' id='word_1_78' title='bbox 1098 901 1233 953; x_wconf 89' lang='lat' dir='ltr'>hujus</span> <span class='ocrx_word' id='word_1_79' title='bbox 1268 902 1392 942; x_wconf 76' lang='lat' dir='ltr'>vitae</span> <span class='ocrx_word' id='word_1_80' title='bbox 1427 903 1709 942; x_wconf 89' lang='lat' dir='ltr'>mortalitate</span> <span class='ocrx_word' id='word_1_81' title='bbox 1741 903 1798 942; x_wconf 84' lang='lat' dir='ltr'>ad</span> 
     </span>
     <span class='ocr_line' id='line_1_12' title="bbox 173 970 1799 1024; baseline 0.002 -14"><span class='ocrx_word' id='word_1_82' title='bbox 173 977 390 1011; x_wconf 87' lang='lat' dir='ltr'>aeternae</span> <span class='ocrx_word' id='word_1_83' title='bbox 412 970 644 1011; x_wconf 89' lang='lat' dir='ltr'>felicitatis</span> <span class='ocrx_word' id='word_1_84' title='bbox 666 973 866 1023; x_wconf 89' lang='lat' dir='ltr'>quietem</span> <span class='ocrx_word' id='word_1_85' title='bbox 888 979 1099 1022; x_wconf 74' lang='lat' dir='ltr'>evocato,</span> <span class='ocrx_word' id='word_1_86' title='bbox 1124 985 1260 1024; x_wconf 90' lang='lat' dir='ltr'>quem</span> <span class='ocrx_word' id='word_1_87' title='bbox 1281 973 1486 1013; x_wconf 88' lang='lat' dir='ltr'>fraterno</span> <span class='ocrx_word' id='word_1_88' title='bbox 1511 973 1682 1014; x_wconf 86' lang='lat' dir='ltr'>affectu</span> <span class='ocrx_word' id='word_1_89' title='bbox 1700 986 1799 1013; x_wconf 89' lang='lat' dir='ltr'>ora-</span> 
     </span>
     <span class='ocr_line' id='line_1_13' title="bbox 172 1041 1801 1094; baseline 0.002 -14"><span class='ocrx_word' id='word_1_90' title='bbox 172 1041 349 1081; x_wconf 81' lang='lat' dir='ltr'>tionum</span> <span class='ocrx_word' id='word_1_91' title='bbox 382 1049 645 1082; x_wconf 85' lang='lat' dir='ltr'>vestrarum</span> <span class='ocrx_word' id='word_1_92' title='bbox 686 1042 920 1094; x_wconf 84' lang='lat' dir='ltr'>suffragiis</span> <span class='ocrx_word' id='word_1_93' title='bbox 960 1043 1364 1093; x_wconf 87' lang='lat' dir='ltr'>commendamus,</span> <span class='ocrx_word' id='word_1_94' title='bbox 1403 1050 1614 1084; x_wconf 89' lang='lat' dir='ltr'>orantem</span> <span class='ocrx_word' id='word_1_95' title='bbox 1651 1043 1801 1084; x_wconf 90' lang='lat' dir='ltr'>Deum</span> 
     </span>
     <span class='ocr_line' id='line_1_14' title="bbox 174 1111 1803 1165; baseline 0.002 -15"><span class='ocrx_word' id='word_1_96' title='bbox 174 1111 379 1162; x_wconf 85' lang='lat' dir='ltr'>perfecta</span> <span class='ocrx_word' id='word_1_97' title='bbox 416 1112 643 1152; x_wconf 88' lang='lat' dir='ltr'>charitate</span> <span class='ocrx_word' id='word_1_98' title='bbox 677 1125 761 1164; x_wconf 85' lang='lat' dir='ltr'>pro</span> <span class='ocrx_word' id='word_1_99' title='bbox 796 1114 942 1153; x_wconf 88' lang='lat' dir='ltr'>nobis.</span> <span class='ocrx_word' id='word_1_100' title='bbox 980 1113 1239 1153; x_wconf 88' lang='lat' dir='ltr'>Mirabilem</span> <span class='ocrx_word' id='word_1_101' title='bbox 1269 1114 1522 1165; x_wconf 87' lang='lat' dir='ltr'>patientiae</span> <span class='ocrx_word' id='word_1_102' title='bbox 1557 1121 1601 1154; x_wconf 90' lang='lat' dir='ltr'>et</span> <span class='ocrx_word' id='word_1_103' title='bbox 1635 1115 1803 1155; x_wconf 81' lang='lat' dir='ltr'>mortis</span> 
     </span>
     <span class='ocr_line' id='line_1_15' title="bbox 175 1182 1797 1236; baseline 0.002 -15"><span class='ocrx_word' id='word_1_104' title='bbox 175 1182 246 1222; x_wconf 79' lang='lat' dir='ltr'>sui</span> <span class='ocrx_word' id='word_1_105' title='bbox 285 1182 449 1233; x_wconf 90' lang='lat' dir='ltr'>ipsius,</span> <span class='ocrx_word' id='word_1_106' title='bbox 492 1189 598 1222; x_wconf 90' lang='lat' dir='ltr'>ante</span> <span class='ocrx_word' id='word_1_107' title='bbox 640 1190 834 1223; x_wconf 87' lang='lat' dir='ltr'>mortem</span> <span class='ocrx_word' id='word_1_108' title='bbox 869 1184 1114 1235; x_wconf 85' lang='lat' dir='ltr'>corporis‚&#39;</span> <span class='ocrx_word' id='word_1_109' title='bbox 1142 1185 1406 1235; x_wconf 80' lang='lat' dir='ltr'>exemplum</span> <span class='ocrx_word' id='word_1_110' title='bbox 1442 1197 1554 1236; x_wconf 88' lang='lat' dir='ltr'>prae</span> <span class='ocrx_word' id='word_1_111' title='bbox 1595 1196 1643 1224; x_wconf 90' lang='lat' dir='ltr'>se</span> <span class='ocrx_word' id='word_1_112' title='bbox 1682 1186 1797 1234; x_wconf 86' lang='lat' dir='ltr'>tulit,</span> 
     </span>
     <span class='ocr_line' id='line_1_16' title="bbox 173 1253 1802 1305; baseline 0.002 -13"><span class='ocrx_word' id='word_1_113' title='bbox 173 1253 308 1304; x_wconf 89' lang='lat' dir='ltr'>quale</span> <span class='ocrx_word' id='word_1_114' title='bbox 329 1253 426 1304; x_wconf 90' lang='lat' dir='ltr'>ipse</span> <span class='ocrx_word' id='word_1_115' title='bbox 447 1253 559 1293; x_wconf 91' lang='lat' dir='ltr'>mihi</span> <span class='ocrx_word' id='word_1_116' title='bbox 581 1260 742 1304; x_wconf 88' lang='lat' dir='ltr'>optare</span> <span class='ocrx_word' id='word_1_117' title='bbox 763 1266 967 1305; x_wconf 90' lang='lat' dir='ltr'>possum.</span> <span class='ocrx_word' id='word_1_118' title='bbox 1001 1255 1222 1305; x_wconf 81' lang='lat' dir='ltr'>Migravit</span> <span class='ocrx_word' id='word_1_119' title='bbox 1250 1255 1308 1295; x_wconf 92' lang='lat' dir='ltr'>ad</span> <span class='ocrx_word' id='word_1_120' title='bbox 1336 1254 1612 1296; x_wconf 85' lang='lat' dir='ltr'>Sanctorum</span> <span class='ocrx_word' id='word_1_121' title='bbox 1649 1255 1802 1296; x_wconf 63' lang='lat' dir='ltr'>Socie</span> 
     </span>
     <span class='ocr_line' id='line_1_17' title="bbox 175 1324 1796 1377; baseline 0.002 -15"><span class='ocrx_word' id='word_1_122' title='bbox 175 1328 319 1363; x_wconf 90' lang='lat' dir='ltr'>tatem</span> <span class='ocrx_word' id='word_1_123' title='bbox 354 1324 399 1363; x_wconf 88' lang='lat' dir='ltr'>in</span> <span class='ocrx_word' id='word_1_124' title='bbox 434 1324 613 1363; x_wconf 94' lang='lat' dir='ltr'>coelum</span> <span class='ocrx_word' id='word_1_125' title='bbox 653 1324 884 1375; x_wconf 84' lang='lat' dir='ltr'>vigesimo</span> <span class='ocrx_word' id='word_1_126' title='bbox 920 1332 1053 1365; x_wconf 82' lang='lat' dir='ltr'>sexto</span> <span class='ocrx_word' id='word_1_127' title='bbox 1084 1325 1280 1377; x_wconf 79' lang='lat' dir='ltr'>ApriliS,</span> <span class='ocrx_word' id='word_1_128' title='bbox 1313 1332 1521 1376; x_wconf 86' lang='lat' dir='ltr'>tempore</span> <span class='ocrx_word' id='word_1_129' title='bbox 1551 1328 1796 1375; x_wconf 90' lang='lat' dir='ltr'>matutino,</span> 
     </span>
     <span class='ocr_line' id='line_1_18' title="bbox 172 1394 1801 1446; baseline 0.002 -13"><span class='ocrx_word' id='word_1_130' title='bbox 172 1400 279 1434; x_wconf 85' lang='lat' dir='ltr'>ante</span> <span class='ocrx_word' id='word_1_131' title='bbox 313 1395 478 1434; x_wconf 89' lang='lat' dir='ltr'>horam</span> <span class='ocrx_word' id='word_1_132' title='bbox 511 1395 776 1446; x_wconf 89' lang='lat' dir='ltr'>septimam,</span> <span class='ocrx_word' id='word_1_133' title='bbox 806 1394 1123 1436; x_wconf 86' lang='lat' dir='ltr'>Sacramentis</span> <span class='ocrx_word' id='word_1_134' title='bbox 1151 1397 1363 1436; x_wconf 86' lang='lat' dir='ltr'>omnibus</span> <span class='ocrx_word' id='word_1_135' title='bbox 1400 1396 1600 1437; x_wconf 83' lang='lat' dir='ltr'>Sanctae</span> <span class='ocrx_word' id='word_1_136' title='bbox 1637 1397 1801 1437; x_wconf 87' lang='lat' dir='ltr'>Matris</span> 
     </span>
     <span class='ocr_line' id='line_1_19' title="bbox 173 1465 1797 1520; baseline 0.002 -16"><span class='ocrx_word' id='word_1_137' title='bbox 173 1465 409 1505; x_wconf 86' lang='lat' dir='ltr'>Ecclesiae</span> <span class='ocrx_word' id='word_1_138' title='bbox 442 1465 691 1516; x_wconf 86' lang='lat' dir='ltr'>insignitus</span> <span class='ocrx_word' id='word_1_139' title='bbox 718 1471 762 1506; x_wconf 91' lang='lat' dir='ltr'>et</span> <span class='ocrx_word' id='word_1_140' title='bbox 792 1466 996 1506; x_wconf 89' lang='lat' dir='ltr'>munitus</span> <span class='ocrx_word' id='word_1_141' title='bbox 1023 1472 1260 1518; x_wconf 86' lang='lat' dir='ltr'>tamquam</span> <span class='ocrx_word' id='word_1_142' title='bbox 1282 1467 1391 1520; x_wconf 83' lang='lat' dir='ltr'>Jesu</span> <span class='ocrx_word' id='word_1_143' title='bbox 1421 1467 1596 1507; x_wconf 83' lang='lat' dir='ltr'>Christi</span> <span class='ocrx_word' id='word_1_144' title='bbox 1626 1468 1797 1508; x_wconf 83' lang='lat' dir='ltr'>athleta</span> 
     </span>
     <span class='ocr_line' id='line_1_20' title="bbox 176 1535 393 1576; baseline -0.009 -1"><span class='ocrx_word' id='word_1_145' title='bbox 176 1535 393 1576; x_wconf 87' lang='lat' dir='ltr'>invictus.</span> 
     </span>
    </p>

    <p class='ocr_par' dir='ltr' id='par_1_4' title="bbox 173 1605 1802 1941">
     <span class='ocr_line' id='line_1_21' title="bbox 253 1605 1802 1661; baseline 0.003 -15"><span class='ocrx_word' id='word_1_146' title='bbox 253 1605 439 1646; x_wconf 87' lang='lat' dir='ltr'>Poterat</span> <span class='ocrx_word' id='word_1_147' title='bbox 479 1607 697 1657; x_wconf 87' lang='lat' dir='ltr'>animum,</span> <span class='ocrx_word' id='word_1_148' title='bbox 736 1608 951 1648; x_wconf 86' lang='lat' dir='ltr'>humanis</span> <span class='ocrx_word' id='word_1_149' title='bbox 973 1608 1213 1648; x_wconf 87' lang='lat' dir='ltr'>affectibus</span> <span class='ocrx_word' id='word_1_150' title='bbox 1236 1609 1502 1661; x_wconf 79' lang='lat' dir='ltr'>obnoxium,</span> <span class='ocrx_word' id='word_1_151' title='bbox 1537 1611 1802 1650; x_wconf 87' lang='lat' dir='ltr'>charissimi</span> 
     </span>
     <span class='ocr_line' id='line_1_22' title="bbox 174 1676 1797 1729; baseline 0.003 -13"><span class='ocrx_word' id='word_1_152' title='bbox 174 1678 218 1717; x_wconf 83' lang='lat' dir='ltr'>in</span> <span class='ocrx_word' id='word_1_153' title='bbox 241 1676 424 1718; x_wconf 89' lang='lat' dir='ltr'>Christo</span> <span class='ocrx_word' id='word_1_154' title='bbox 446 1677 603 1718; x_wconf 88' lang='lat' dir='ltr'>fratris</span> <span class='ocrx_word' id='word_1_155' title='bbox 631 1690 757 1718; x_wconf 91' lang='lat' dir='ltr'>mors</span> <span class='ocrx_word' id='word_1_156' title='bbox 788 1690 1103 1729; x_wconf 84' lang='lat' dir='ltr'>commovere,</span> <span class='ocrx_word' id='word_1_157' title='bbox 1134 1680 1223 1719; x_wconf 88' lang='lat' dir='ltr'>nisi</span> <span class='ocrx_word' id='word_1_158' title='bbox 1250 1686 1467 1720; x_wconf 88' lang='lat' dir='ltr'>aeternae</span> <span class='ocrx_word' id='word_1_159' title='bbox 1499 1681 1623 1721; x_wconf 83' lang='lat' dir='ltr'>Vitae</span> <span class='ocrx_word' id='word_1_160' title='bbox 1656 1688 1699 1721; x_wconf 92' lang='lat' dir='ltr'>et</span> <span class='ocrx_word' id='word_1_161' title='bbox 1732 1693 1797 1721; x_wconf 92' lang='lat' dir='ltr'>re-</span> 
     </span>
     <span class='ocr_line' id='line_1_23' title="bbox 173 1748 1799 1802; baseline 0.003 -15"><span class='ocrx_word' id='word_1_162' title='bbox 173 1748 474 1788; x_wconf 78' lang='lat' dir='ltr'>surrectionis</span> <span class='ocrx_word' id='word_1_163' title='bbox 501 1749 612 1789; x_wconf 75' lang='lat' dir='ltr'>viva</span> <span class='ocrx_word' id='word_1_164' title='bbox 641 1760 748 1800; x_wconf 88' lang='lat' dir='ltr'>spes</span> <span class='ocrx_word' id='word_1_165' title='bbox 782 1756 984 1789; x_wconf 91' lang='lat' dir='ltr'>mentem</span> <span class='ocrx_word' id='word_1_166' title='bbox 1020 1750 1324 1790; x_wconf 84' lang='lat' dir='ltr'>christianam</span> <span class='ocrx_word' id='word_1_167' title='bbox 1360 1752 1574 1802; x_wconf 83' lang='lat' dir='ltr'>erigeret.</span> <span class='ocrx_word' id='word_1_168' title='bbox 1614 1752 1707 1792; x_wconf 85' lang='lat' dir='ltr'>Piis</span> <span class='ocrx_word' id='word_1_169' title='bbox 1739 1754 1799 1791; x_wconf 88' lang='lat' dir='ltr'>la—</span> 
     </span>
     <span class='ocr_line' id='line_1_24' title="bbox 173 1818 1798 1873; baseline 0.003 -16"><span class='ocrx_word' id='word_1_170' title='bbox 173 1818 363 1858; x_wconf 86' lang='lat' dir='ltr'>chrimis</span> <span class='ocrx_word' id='word_1_171' title='bbox 384 1820 685 1870; x_wconf 88' lang='lat' dir='ltr'>parcendum,</span> <span class='ocrx_word' id='word_1_172' title='bbox 708 1820 785 1860; x_wconf 89' lang='lat' dir='ltr'>ubi</span> <span class='ocrx_word' id='word_1_173' title='bbox 806 1819 919 1860; x_wconf 88' lang='lat' dir='ltr'>fides</span> <span class='ocrx_word' id='word_1_174' title='bbox 940 1821 1214 1872; x_wconf 82' lang='lat' dir='ltr'>imperatrix</span> <span class='ocrx_word' id='word_1_175' title='bbox 1235 1820 1472 1862; x_wconf 85' lang='lat' dir='ltr'>fraternae</span> <span class='ocrx_word' id='word_1_176' title='bbox 1495 1822 1798 1873; x_wconf 83' lang='lat' dir='ltr'>redemptioni</span> 
     </span>
     <span class='ocr_line' id='line_1_25' title="bbox 176 1889 985 1941; baseline 0 -13"><span class='ocrx_word' id='word_1_177' title='bbox 176 1897 218 1928; x_wconf 83' lang='lat' dir='ltr'>et</span> <span class='ocrx_word' id='word_1_178' title='bbox 242 1889 379 1928; x_wconf 86' lang='lat' dir='ltr'>saluti</span> <span class='ocrx_word' id='word_1_179' title='bbox 400 1891 718 1940; x_wconf 87' lang='lat' dir='ltr'>congratulari</span> <span class='ocrx_word' id='word_1_180' title='bbox 738 1902 824 1930; x_wconf 95' lang='lat' dir='ltr'>nos</span> <span class='ocrx_word' id='word_1_181' title='bbox 841 1890 985 1941; x_wconf 84' lang='lat' dir='ltr'>jubet.</span> 
     </span>
    </p>

    <p class='ocr_par' dir='ltr' id='par_1_5' title="bbox 167 1958 1801 2860">
     <span class='ocr_line' id='line_1_26' title="bbox 252 1958 1801 2013; baseline 0.003 -14"><span class='ocrx_word' id='word_1_182' title='bbox 252 1958 341 2000; x_wconf 81' lang='lat' dir='ltr'>Sed</span> <span class='ocrx_word' id='word_1_183' title='bbox 363 1959 469 1999; x_wconf 90' lang='lat' dir='ltr'>dum</span> <span class='ocrx_word' id='word_1_184' title='bbox 492 1960 627 2000; x_wconf 88' lang='lat' dir='ltr'>unius</span> <span class='ocrx_word' id='word_1_185' title='bbox 654 1961 936 2001; x_wconf 91' lang='lat' dir='ltr'>incommodi</span> <span class='ocrx_word' id='word_1_186' title='bbox 965 1962 1219 2013; x_wconf 85' lang='lat' dir='ltr'>spiritualis</span> <span class='ocrx_word' id='word_1_187' title='bbox 1249 1964 1508 2003; x_wconf 87' lang='lat' dir='ltr'>consolatio</span> <span class='ocrx_word' id='word_1_188' title='bbox 1538 1975 1801 2003; x_wconf 89' lang='lat' dir='ltr'>moerorem</span> 
     </span>
     <span class='ocr_line' id='line_1_27' title="bbox 173 2030 1798 2084; baseline 0.003 -15"><span class='ocrx_word' id='word_1_189' title='bbox 173 2030 417 2081; x_wconf 81' lang='lat' dir='ltr'>extinguit,</span> <span class='ocrx_word' id='word_1_190' title='bbox 443 2031 587 2070; x_wconf 90' lang='lat' dir='ltr'>altera</span> <span class='ocrx_word' id='word_1_191' title='bbox 611 2032 836 2071; x_wconf 90' lang='lat' dir='ltr'>successit</span> <span class='ocrx_word' id='word_1_192' title='bbox 857 2032 1135 2083; x_wconf 81' lang='lat' dir='ltr'>adversitas,</span> <span class='ocrx_word' id='word_1_193' title='bbox 1160 2045 1278 2084; x_wconf 88' lang='lat' dir='ltr'>quae</span> <span class='ocrx_word' id='word_1_194' title='bbox 1301 2034 1507 2073; x_wconf 88' lang='lat' dir='ltr'>animum</span> <span class='ocrx_word' id='word_1_195' title='bbox 1527 2040 1738 2074; x_wconf 88' lang='lat' dir='ltr'>tenerum</span> <span class='ocrx_word' id='word_1_196' title='bbox 1754 2041 1798 2074; x_wconf 92' lang='lat' dir='ltr'>et</span> 
     </span>
     <span class='ocr_line' id='line_1_28' title="bbox 170 2100 1794 2155; baseline 0.002 -16"><span class='ocrx_word' id='word_1_197' title='bbox 170 2102 288 2140; x_wconf 84' lang='lat' dir='ltr'>lacte</span> <span class='ocrx_word' id='word_1_198' title='bbox 317 2100 531 2140; x_wconf 90' lang='lat' dir='ltr'>alendum</span> <span class='ocrx_word' id='word_1_199' title='bbox 558 2101 693 2141; x_wconf 90' lang='lat' dir='ltr'>facile</span> <span class='ocrx_word' id='word_1_200' title='bbox 724 2102 1023 2153; x_wconf 90' lang='lat' dir='ltr'>supplantare</span> <span class='ocrx_word' id='word_1_201' title='bbox 1053 2103 1219 2154; x_wconf 89' lang='lat' dir='ltr'>possit;</span> <span class='ocrx_word' id='word_1_202' title='bbox 1253 2104 1369 2143; x_wconf 89' lang='lat' dir='ltr'>adeo</span> <span class='ocrx_word' id='word_1_203' title='bbox 1401 2110 1470 2153; x_wconf 91' lang='lat' dir='ltr'>ut,</span> <span class='ocrx_word' id='word_1_204' title='bbox 1502 2110 1689 2155; x_wconf 87' lang='lat' dir='ltr'>praeter</span> <span class='ocrx_word' id='word_1_205' title='bbox 1719 2117 1794 2155; x_wconf 75' lang='lat' dir='ltr'>pa—</span> 
     </span>
     <span class='ocr_line' id='line_1_29' title="bbox 171 2172 1798 2225; baseline 0.002 -15"><span class='ocrx_word' id='word_1_206' title='bbox 171 2172 359 2211; x_wconf 85' lang='lat' dir='ltr'>tientiae</span> <span class='ocrx_word' id='word_1_207' title='bbox 380 2178 519 2223; x_wconf 89' lang='lat' dir='ltr'>atque</span> <span class='ocrx_word' id='word_1_208' title='bbox 540 2173 919 2223; x_wconf 87' lang='lat' dir='ltr'>perseverantiae</span> <span class='ocrx_word' id='word_1_209' title='bbox 941 2173 1165 2223; x_wconf 88' lang='lat' dir='ltr'>fructum,</span> <span class='ocrx_word' id='word_1_210' title='bbox 1191 2174 1237 2213; x_wconf 91' lang='lat' dir='ltr'>in</span> <span class='ocrx_word' id='word_1_211' title='bbox 1258 2186 1347 2225; x_wconf 92' lang='lat' dir='ltr'>quo</span> <span class='ocrx_word' id='word_1_212' title='bbox 1370 2175 1609 2225; x_wconf 88' lang='lat' dir='ltr'>potissima</span> <span class='ocrx_word' id='word_1_213' title='bbox 1645 2175 1798 2214; x_wconf 64' lang='lat' dir='ltr'>meriti</span> 
     </span>
     <span class='ocr_line' id='line_1_30' title="bbox 172 2243 1798 2296; baseline 0.002 -14"><span class='ocrx_word' id='word_1_214' title='bbox 172 2243 323 2293; x_wconf 90' lang='lat' dir='ltr'>portio</span> <span class='ocrx_word' id='word_1_215' title='bbox 346 2243 574 2282; x_wconf 86' lang='lat' dir='ltr'>collocata</span> <span class='ocrx_word' id='word_1_216' title='bbox 595 2249 686 2292; x_wconf 90' lang='lat' dir='ltr'>est,</span> <span class='ocrx_word' id='word_1_217' title='bbox 710 2243 860 2282; x_wconf 91' lang='lat' dir='ltr'>nullus</span> <span class='ocrx_word' id='word_1_218' title='bbox 881 2255 1026 2294; x_wconf 89' lang='lat' dir='ltr'>prope</span> <span class='ocrx_word' id='word_1_219' title='bbox 1053 2245 1314 2295; x_wconf 81' lang='lat' dir='ltr'>evangelici</span> <span class='ocrx_word' id='word_1_220' title='bbox 1342 2245 1578 2296; x_wconf 86' lang='lat' dir='ltr'>profectus</span> <span class='ocrx_word' id='word_1_221' title='bbox 1608 2245 1798 2285; x_wconf 80' lang='lat' dir='ltr'>relictus</span> 
     </span>
     <span class='ocr_line' id='line_1_31' title="bbox 175 2313 1797 2367; baseline 0.002 -15"><span class='ocrx_word' id='word_1_222' title='bbox 175 2313 385 2352; x_wconf 80' lang='lat' dir='ltr'>videatur</span> <span class='ocrx_word' id='word_1_223' title='bbox 412 2313 543 2353; x_wconf 87' lang='lat' dir='ltr'>nobis</span> <span class='ocrx_word' id='word_1_224' title='bbox 578 2314 721 2353; x_wconf 92' lang='lat' dir='ltr'>locus.</span> <span class='ocrx_word' id='word_1_225' title='bbox 758 2314 879 2353; x_wconf 88' lang='lat' dir='ltr'>Ecce</span> <span class='ocrx_word' id='word_1_226' title='bbox 914 2314 1050 2354; x_wconf 85' lang='lat' dir='ltr'>Pater</span> <span class='ocrx_word' id='word_1_227' title='bbox 1084 2321 1242 2355; x_wconf 87' lang='lat' dir='ltr'>noster</span> <span class='ocrx_word' id='word_1_228' title='bbox 1270 2316 1501 2367; x_wconf 78' lang='lat' dir='ltr'>Baptista,</span> <span class='ocrx_word' id='word_1_229' title='bbox 1533 2328 1656 2356; x_wconf 76' lang='lat' dir='ltr'>novo</span> <span class='ocrx_word' id='word_1_230' title='bbox 1689 2328 1797 2367; x_wconf 75' lang='lat' dir='ltr'>quo-</span> 
     </span>
     <span class='ocr_line' id='line_1_32' title="bbox 170 2383 1795 2438; baseline 0.002 -16"><span class='ocrx_word' id='word_1_231' title='bbox 170 2383 276 2423; x_wconf 85' lang='lat' dir='ltr'>dam</span> <span class='ocrx_word' id='word_1_232' title='bbox 296 2384 606 2434; x_wconf 78' lang='lat' dir='ltr'>gravissimae</span> <span class='ocrx_word' id='word_1_233' title='bbox 636 2384 963 2424; x_wconf 88' lang='lat' dir='ltr'>imbecillitatis</span> <span class='ocrx_word' id='word_1_234' title='bbox 989 2385 1151 2425; x_wconf 87' lang='lat' dir='ltr'>morbo</span> <span class='ocrx_word' id='word_1_235' title='bbox 1181 2392 1467 2437; x_wconf 88' lang='lat' dir='ltr'>prostratus,</span> <span class='ocrx_word' id='word_1_236' title='bbox 1502 2387 1671 2426; x_wconf 89' lang='lat' dir='ltr'>multos</span> <span class='ocrx_word' id='word_1_237' title='bbox 1701 2387 1795 2438; x_wconf 82' lang='lat' dir='ltr'>jam</span> 
     </span>
     <span class='ocr_line' id='line_1_33' title="bbox 170 2453 1798 2508; baseline 0.002 -15"><span class='ocrx_word' id='word_1_238' title='bbox 170 2453 267 2494; x_wconf 84' lang='lat' dir='ltr'>dies</span> <span class='ocrx_word' id='word_1_239' title='bbox 288 2456 454 2494; x_wconf 91' lang='lat' dir='ltr'>lectulo</span> <span class='ocrx_word' id='word_1_240' title='bbox 477 2455 728 2504; x_wconf 81' lang='lat' dir='ltr'>decumbit,</span> <span class='ocrx_word' id='word_1_241' title='bbox 762 2455 923 2494; x_wconf 90' lang='lat' dir='ltr'>mortis</span> <span class='ocrx_word' id='word_1_242' title='bbox 944 2456 1097 2506; x_wconf 91' lang='lat' dir='ltr'>potius</span> <span class='ocrx_word' id='word_1_243' title='bbox 1119 2468 1318 2507; x_wconf 87' lang='lat' dir='ltr'>agonem</span> <span class='ocrx_word' id='word_1_244' title='bbox 1350 2469 1490 2508; x_wconf 90' lang='lat' dir='ltr'>quam</span> <span class='ocrx_word' id='word_1_245' title='bbox 1517 2458 1643 2497; x_wconf 77' lang='lat' dir='ltr'>vitae</span> <span class='ocrx_word' id='word_1_246' title='bbox 1675 2457 1798 2497; x_wconf 82' lang='lat' dir='ltr'>labo-</span> 
     </span>
     <span class='ocr_line' id='line_1_34' title="bbox 170 2525 1795 2578; baseline 0.002 -15"><span class='ocrx_word' id='word_1_247' title='bbox 170 2537 267 2564; x_wconf 87' lang='lat' dir='ltr'>rem</span> <span class='ocrx_word' id='word_1_248' title='bbox 288 2525 553 2576; x_wconf 86' lang='lat' dir='ltr'>frequenter</span> <span class='ocrx_word' id='word_1_249' title='bbox 574 2525 769 2576; x_wconf 89' lang='lat' dir='ltr'>patiens.</span> <span class='ocrx_word' id='word_1_250' title='bbox 796 2525 895 2575; x_wconf 84' lang='lat' dir='ltr'>Quo</span> <span class='ocrx_word' id='word_1_251' title='bbox 917 2526 1210 2567; x_wconf 88' lang='lat' dir='ltr'>incommodo</span> <span class='ocrx_word' id='word_1_252' title='bbox 1233 2527 1490 2578; x_wconf 84' lang='lat' dir='ltr'>spiritualis</span> <span class='ocrx_word' id='word_1_253' title='bbox 1512 2540 1566 2567; x_wconf 91' lang='lat' dir='ltr'>ac</span> <span class='ocrx_word' id='word_1_254' title='bbox 1595 2539 1795 2577; x_wconf 82' lang='lat' dir='ltr'>evange-</span> 
     </span>
     <span class='ocr_line' id='line_1_35' title="bbox 169 2595 1796 2645; baseline 0.002 -11"><span class='ocrx_word' id='word_1_255' title='bbox 169 2596 283 2635; x_wconf 85' lang='lat' dir='ltr'>licus</span> <span class='ocrx_word' id='word_1_256' title='bbox 318 2595 497 2635; x_wconf 83' lang='lat' dir='ltr'>fructus</span> <span class='ocrx_word' id='word_1_257' title='bbox 539 2596 714 2645; x_wconf 89' lang='lat' dir='ltr'>omnis,</span> <span class='ocrx_word' id='word_1_258' title='bbox 757 2595 801 2635; x_wconf 91' lang='lat' dir='ltr'>in</span> <span class='ocrx_word' id='word_1_259' title='bbox 837 2608 1000 2636; x_wconf 90' lang='lat' dir='ltr'>sacrae</span> <span class='ocrx_word' id='word_1_260' title='bbox 1036 2597 1342 2637; x_wconf 86' lang='lat' dir='ltr'>confessionis</span> <span class='ocrx_word' id='word_1_261' title='bbox 1374 2605 1417 2637; x_wconf 90' lang='lat' dir='ltr'>et</span> <span class='ocrx_word' id='word_1_262' title='bbox 1452 2598 1796 2637; x_wconf 76' lang='lat' dir='ltr'>communionis</span> 
     </span>
     <span class='ocr_line' id='line_1_36' title="bbox 168 2666 1796 2719; baseline 0.002 -14"><span class='ocrx_word' id='word_1_263' title='bbox 168 2666 537 2717; x_wconf 83' lang='lat' dir='ltr'>frequentatione</span> <span class='ocrx_word' id='word_1_264' title='bbox 565 2666 844 2716; x_wconf 79' lang='lat' dir='ltr'>consistens,</span> <span class='ocrx_word' id='word_1_265' title='bbox 883 2666 1136 2707; x_wconf 84' lang='lat' dir='ltr'>suffocatus</span> <span class='ocrx_word' id='word_1_266' title='bbox 1172 2668 1470 2719; x_wconf 88' lang='lat' dir='ltr'>opprimitur,</span> <span class='ocrx_word' id='word_1_267' title='bbox 1508 2680 1796 2719; x_wconf 86' lang='lat' dir='ltr'>quamquam</span> 
     </span>
     <span class='ocr_line' id='line_1_37' title="bbox 167 2737 1794 2789; baseline 0.002 -14"><span class='ocrx_word' id='word_1_268' title='bbox 167 2737 391 2776; x_wconf 81' lang='lat' dir='ltr'>bellorum</span> <span class='ocrx_word' id='word_1_269' title='bbox 412 2737 668 2787; x_wconf 90' lang='lat' dir='ltr'>periculum</span> <span class='ocrx_word' id='word_1_270' title='bbox 690 2737 934 2788; x_wconf 87' lang='lat' dir='ltr'>plerosque</span> <span class='ocrx_word' id='word_1_271' title='bbox 955 2738 1087 2777; x_wconf 76' lang='lat' dir='ltr'>nobis</span> <span class='ocrx_word' id='word_1_272' title='bbox 1116 2738 1369 2778; x_wconf 88' lang='lat' dir='ltr'>familiares</span> <span class='ocrx_word' id='word_1_273' title='bbox 1391 2751 1414 2778; x_wconf 89' lang='lat' dir='ltr'>e</span> <span class='ocrx_word' id='word_1_274' title='bbox 1444 2739 1595 2778; x_wconf 86' lang='lat' dir='ltr'>Gallia</span> <span class='ocrx_word' id='word_1_275' title='bbox 1631 2739 1794 2789; x_wconf 82' lang='lat' dir='ltr'>abege-</span> 
     </span>
     <span class='ocr_line' id='line_1_38' title="bbox 168 2806 1792 2860; baseline 0.001 -14"><span class='ocrx_word' id='word_1_276' title='bbox 168 2808 240 2855; x_wconf 88' lang='lat' dir='ltr'>rit,</span> <span class='ocrx_word' id='word_1_277' title='bbox 267 2807 381 2846; x_wconf 83' lang='lat' dir='ltr'>adco</span> <span class='ocrx_word' id='word_1_278' title='bbox 403 2813 451 2846; x_wconf 89' lang='lat' dir='ltr'>ut</span> <span class='ocrx_word' id='word_1_279' title='bbox 472 2819 692 2846; x_wconf 82' lang='lat' dir='ltr'>numerus</span> <span class='ocrx_word' id='word_1_280' title='bbox 712 2806 770 2846; x_wconf 89' lang='lat' dir='ltr'>ad</span> <span class='ocrx_word' id='word_1_281' title='bbox 792 2819 876 2846; x_wconf 90' lang='lat' dir='ltr'>nos</span> <span class='ocrx_word' id='word_1_282' title='bbox 897 2807 1217 2848; x_wconf 89' lang='lat' dir='ltr'>accedentium</span> <span class='ocrx_word' id='word_1_283' title='bbox 1239 2810 1485 2860; x_wconf 62' lang='lat' dir='ltr'>plurimam</span> <span class='ocrx_word' id='word_1_284' title='bbox 1514 2810 1792 2849; x_wconf 76' lang='lat' dir='ltr'>decreverit.</span> 
     </span>
    </p>
   </div>
   <div class='ocr_carea' id='block_1_3' title="bbox 226 2965 1264 3001">
    <p class='ocr_par' dir='ltr' id='par_1_6' title="bbox 226 2965 1264 3001">
     <span class='ocr_line' id='line_1_39' title="bbox 226 2965 1264 3001; baseline 0.002 -9"><span class='ocrx_word' id='word_1_285' title='bbox 226 2967 232 2985; x_wconf 88' lang='lat'>¹</span> <span class='ocrx_word' id='word_1_286' title='bbox 276 2966 310 2992; x_wconf 82' lang='lat' dir='ltr'>P.</span> <span class='ocrx_word' id='word_1_287' title='bbox 328 2966 528 2993; x_wconf 69' lang='lat' dir='ltr'>Pascha‹ius</span> <span class='ocrx_word' id='word_1_288' title='bbox 546 2967 658 3000; x_wconf 71' lang='lat' dir='ltr'>Bro&#39;et,</span> <span class='ocrx_word' id='word_1_289' title='bbox 675 2965 794 2993; x_wconf 85' lang='lat' dir='ltr'>Italiae</span> <span class='ocrx_word' id='word_1_290' title='bbox 810 2974 847 2992; x_wconf 77' lang='lat' dir='ltr'>eo</span> <span class='ocrx_word' id='word_1_291' title='bbox 865 2971 1013 3001; x_wconf 76' lang='lat' dir='ltr'>tempore</span> <span class='ocrx_word' id='word_1_292' title='bbox 1032 2967 1264 2994; x_wconf 69' lang='lat' dir='ltr'>Provincialis.</span> 
     </span>
    </p>
   </div>
  </div>
 </body>
</html>
