1987 3260
239 194 312 235 b821
748 194 973 231 LITTERAE
1000 203 1247 236 QUADRIMES
1255 203 1361 229 TRES

241 294 390 333 virtus
412 293 483 332 sui
504 291 739 341 diffusiva,
764 290 1146 339 commilitonem,
1171 289 1269 340 qui,
1293 289 1364 328 his
1391 289 1528 328 nonis
1559 287 1693 339 Maji,
1725 289 1867 329 totius

242 364 366 403 vitae
396 363 559 403 sordes
594 362 748 401 eluere
782 366 1025 410 satagens,
1055 359 1345 410 generalem,
1376 358 1645 409 ingeniosus
1679 370 1733 398 ac
1763 359 1867 409 pius

243 435 499 481 masculus,
523 432 715 483 protulit
737 431 1091 471 confessionem.
1115 430 1240 470 Vere
1262 429 1487 468 mirabilis
1508 428 1660 479 Deus,
1685 428 1761 479 qui
1781 440 1867 469 nec

242 504 455 549 adverso,
476 503 605 553 vulgi
626 502 811 553 quidem
831 501 1075 551 sententia,
1096 507 1303 551 tempore
1319 512 1404 539 nos
1425 499 1547 539 felici
1569 511 1681 539 suae
1702 499 1868 539 vineae

243 576 367 615 cultu
388 574 653 613 exhilarare
675 573 859 613 desivit.

321 645 391 684 De
428 643 721 684 confessione
756 649 893 695 atque
928 642 1252 683 communione
1290 653 1440 693 pauca
1477 640 1744 691 adjungam.
1783 640 1866 680 Ca-

242 724 373 756 terva
396 715 590 766 singulis
620 715 876 766 quibusque
905 714 1149 754 dominicis
1181 724 1236 753 ac
1265 713 1397 753 festis
1428 713 1588 752 diebus
1618 711 1869 752 communi—

242 787 447 826 cantium
468 786 513 825 in
534 791 714 825 tantum
734 796 979 825 numerum
995 784 1205 824 excrevit
1227 790 1289 834 ut,
1311 783 1432 834 quod
1451 789 1659 834 tempore
1675 782 1870 834 pascha-

242 859 297 897 lis
319 856 625 897 solemnitatis
645 855 743 895 fieri
766 856 1009 895 dumtaxat
1031 855 1222 905 assolet,
1249 854 1444 894 calicem
1465 865 1558 893 una
1582 864 1687 893 cum
1707 852 1871 892 hostiis

244 927 530 969 consecratis
568 938 677 966 arae
716 937 961 966 necessum
995 925 1053 965 sit
1088 926 1274 976 imponi.
1311 924 1617 964 Ascensionis
1651 934 1764 963 vero
1800 922 1872 962 die

244 1005 430 1039 nostrae
451 997 723 1049 parochiae,
756 997 802 1037 in
824 997 926 1037 aliis
947 997 1069 1036 enim
1097 996 1348 1046 vestigium
1377 995 1458 1035 vix
1489 999 1704 1046 apparet,
1737 1005 1872 1033 omne

243 1080 392 1119 ¹genus
411 1069 621 1108 homines
643 1068 759 1107 adeo
783 1067 940 1107 sedulo
963 1079 1068 1107 cum
1088 1066 1289 1106 Domino
1312 1065 1579 1115 ascendere,
1602 1070 1652 1104 ut
1674 1064 1873 1104 antehac

243 1151 496 1191 numquam
517 1150 565 1179 se
587 1139 651 1178 ita
672 1138 978 1189 defatigatum
1000 1136 1368 1177 administrando
1396 1135 1645 1176 Dominico
1676 1146 1873 1187 corpore

243 1210 569 1262 pronunciavit
595 1209 747 1249 Pater.
776 1209 827 1249 In
854 1209 926 1248 his
955 1208 1294 1248 numerandum
1320 1212 1451 1258 putat
1477 1205 1599 1245 Μ.ιΠΪι
1621 1205 1871 1245 Theodori-

244 1294 363 1331 cum,
386 1280 477 1320 R.di
499 1280 651 1320 Patris
673 1279 849 1320 Canisii
869 1279 1076 1328 fratrem,
1101 1284 1179 1318 aut
1201 1284 1326 1317 certe
1349 1277 1390 1317 ei
1410 1288 1604 1328 prorsus
1630 1275 1751 1316 facie
1773 1287 1873 1316 cae-

244 1353 462 1403 terisque,
487 1363 605 1403 quae
627 1351 710 1390 sub
732 1362 920 1390 sensum
941 1350 1127 1399 cadunt,
1151 1349 1453 1389 consimilem.

324 1423 446 1463 Inter
480 1421 787 1461 confessionis
822 1421 939 1461 filios
974 1427 1043 1460 est
1079 1420 1156 1471 qui
1187 1419 1485 1460 Carthusiam
1513 1418 1872 1467 Lovaniensem,

245 1494 443 1534 caeteris
470 1493 746 1542 tenuiorem,
777 1493 919 1532 semel
948 1492 1209 1542 ingressus,
1248 1502 1330 1542 per
1365 1490 1624 1529 amicorum
1658 1487 1874 1528 immode-

245 1566 383 1605 stiam
405 1564 539 1615 primi
561 1564 671 1603 anni
692 1575 921 1614 expensas
943 1563 1124 1602 solvere
1145 1561 1420 1610 nolentium,
1445 1571 1663 1610 egressus
1693 1558 1876 1610 quidem

247 1642 336 1686 est,
361 1635 441 1675 sed
463 1635 520 1674 ad
543 1635 666 1674 aliud
687 1633 890 1685 ejusdem
912 1633 995 1673 ivit
1019 1632 1192 1672 ordinis
1220 1632 1492 1671 coenobium
1524 1631 1662 1682 paulo
1694 1630 1878 1681 opulen-

248 1708 351 1746 tius.
376 1706 533 1746 Alium
555 1704 692 1744 Pater
713 1704 965 1754 Adrianus,
989 1704 1064 1743 cui
1086 1703 1264 1742 duobus
1287 1702 1421 1742 annis
1443 1702 1499 1741 ab
1524 1701 1709 1740 animae
1730 1711 1877 1740 secre-

247 1778 306 1817 tis
326 1777 432 1822 suit‚
470 1776 712 1816 Coloniam
743 1775 908 1815 deduci
936 1774 1138 1821 curavit,
1170 1773 1482 1813 carthusianis
1513 1770 1874 1822 adjungendum,

244 1847 446 1898 jamque,
474 1847 597 1898 quod
621 1846 816 1886 feliciter
838 1845 878 1885 ei
900 1844 1048 1894 cedat,
1068 1851 1136 1884 est
1159 1843 1418 1895 adjunctus.
1438 1842 1511 1883 Ad
1533 1843 1651 1882 haec
1674 1842 1875 1892 quidam,

244 1917 491 1969 vcujusdam
526 1924 574 1957 ut
615 1917 776 1967 opinor
817 1915 1034 1967 Episcopi
1071 1926 1323 1965 germanus
1346 1946 1352 1963 ,
1394 1913 1646 1953 rarissimis
1685 1919 1880 1953 naturae

248 1989 379 2028 donis
401 1988 660 2039 praeditus,
685 1988 742 2027 ab
765 1987 939 2038 aliquot
961 1986 1195 2026 mensibus
1224 1985 1353 2024 Patri
1382 1984 1594 2024 Adriano
1623 1983 1876 2033 confessus,

248 2060 389 2100 etiam
410 2059 573 2098 eodem
590 2058 945 2098 administrante
962 2056 1340 2097 communicavit.
1363 2055 1453 2105 Qui
1475 2056 1514 2095 si
1531 2056 1751 2095 vestitum
1771 2054 1876 2094 alia-

241 2143 350 2182 ·que,
370 2131 495 2170 hisce
517 2141 665 2180 genus
686 2129 948 2169 hominibus
969 2128 1234 2176 familiaria,
1260 2133 1456 2178 spectes,
1480 2126 1686 2166 nondum
1706 2125 1880 2165 saeculi

250 2213 466 2252 pompam
489 2201 747 2241 deseruisse
770 2200 969 2249 videtur,
994 2211 1117 2239 nunc
1138 2210 1186 2238 se
1215 2198 1420 2249 disponit
1448 2197 1506 2236 ad
1535 2195 1879 2246 suscipiendum

250 2272 480 2312 Brunonis
514 2272 745 2321 habitum,
779 2270 908 2321 qu'us
936 2270 1122 2309 statutis
1152 2268 1442 2319 decretisque
1470 2268 1656 2318 privato
1688 2272 1799 2305 voto
1831 2278 1880 2305 se

250 2343 463 2383 subdidit.
489 2342 920 2383 Ambstelredamus
944 2339 952 2359 ¹
976 2340 1183 2392 quidam,
1206 2339 1343 2379 Croci
1374 2338 1387 2356 ‘²
1420 2338 1654 2390 quondam
1683 2337 1879 2388 discipu-

249 2415 341 2464 lus,
364 2414 491 2453 Patri
513 2413 719 2453 Adriano
748 2412 956 2452 confiteri
983 2422 1319 2462 saepenumero
1352 2409 1609 2449 consuevit.
1642 2407 1775 2458 Quod
1802 2419 1879 2458 pa-

250 2492 406 2524 rentes
428 2485 718 2534 subodorati,
743 2484 899 2523 statim
921 2487 1225 2522 accurrerunt
1247 2486 1290 2520 et
1313 2480 1526 2520 omnibus
1549 2479 1697 2519 modis
1727 2478 1880 2518 virum

254 2556 310 2594 ab
328 2556 415 2594 hac
433 2555 683 2595 accedendi
701 2553 887 2594 Patrem
904 2552 1239 2593 consuetudine
1258 2562 1460 2590 avocare
1478 2555 1713 2600 satagunt,
1734 2561 1880 2600 eoque

254 2626 409 2665 multis
441 2626 620 2665 technis
643 2625 877 2664 adducunt
904 2630 953 2664 ut
975 2623 1115 2663 alium
1136 2622 1312 2674 potius,
1339 2621 1640 2671 assignarunt
1662 2626 1816 2659 autem
1838 2619 1880 2658 ei

255 2695 443 2735 Petrum
470 2696 695 2745 Curtium,
718 2706 950 2735 summum
970 2693 1279 2734 Lovaniensis
1299 2692 1585 2731 Academiae
1606 2690 1876 2739 Doctorem,

252 2767 448 2817 posthac
471 2778 518 2805 se
541 2766 774 2805 aditurum
794 2765 1080 2816 polliceatur.
1104 2763 1220 2804 Cum
1242 2774 1315 2803 res
1344 2763 1405 2802 ita
1433 2773 1515 2813 per
1545 2761 1722 2812 aliquot
1755 2771 1877 2799 men-

318 2901 325 2919 ¹
366 2901 429 2927 Ubi
455 2908 513 2927 nos
537 2902 568 2927 in
593 2900 815 2934 autographis
831 2901 973 2934 legimus
990 2900 1329 2927 Amostelredamns,
1354 2898 1436 2931 legit
1460 2896 1737 2931 apographarum
1760 2898 1880 2922 auctor

256 2948 436 2974 ‚lnvzbestel
452 2948 642 2974 Redeamus.

311 2996 325 3013 2¹
363 2995 508 3021 Cornelii
526 2994 620 3021 Croci
638 2994 826 3027 (Sam-aeni,
843 2994 882 3020 de
899 3002 962 3027 quo
978 2994 1111 3027 saepius
1126 3000 1228 3026 supra
1245 2996 1276 3019 et
1294 2993 1325 3019 in
1341 2992 1494 3019 historiis
1516 2990 1703 3017 Societatis.
