1987 3260
860 186 942 223 Ax.
974 186 1064 221 1:352
1704 186 1777 222 627

234 285 435 325 Domum
462 284 686 323 habemus
713 294 935 335 capacem
966 282 1091 322 illam
1120 281 1304 333 quidem
1333 287 1377 321 et
1403 282 1541 321 'sitam
1575 282 1772 321 celeber-

155 356 270 396 rimo
292 356 409 405 lOCO,
433 355 480 394 in
501 355 600 406 ipso
617 354 833 394 nimirum
851 352 1054 393 civitatis
1070 352 1339 402 meditullio,
1358 358 1402 391 et
1418 352 1590 402 templo
1610 351 1773 403 majori

155 427 245 466 situ
280 426 554 477 proximam.
589 425 709 465 Huic
745 423 1042 475 conjunctum
1080 430 1147 463 est
1190 423 1433 473 sacellum,
1479 423 1773 462 commodum

156 497 282 544 satis,
308 507 471 536 verum
498 496 707 535 modicae
737 495 1026 547 capacitatis,
1050 493 1152 533 Hac
1180 494 1321 544 igitur
1347 493 1570 533 exercitio
1597 493 1773 533 schola-

155 567 270 607 stico
292 572 540 617 utcumque
562 565 930 613 accommodata,
955 564 1225 614 evulgatum
1246 570 1315 603 est
1336 563 1592 614 Collegium
1623 563 1774 604 Socie-

158 637 264 677 tatis
284 638 394 690 Jesu
415 637 600 687 linguas
628 636 673 675 in
694 636 870 687 primis,
895 635 1059 675 deinde
1085 634 1176 674 alia
1198 635 1367 684 omnia,
1398 645 1515 685 quae
1543 634 1589 673 in
1618 635 1775 674 huma-

156 720 243 748 nae
279 707 550 758 disciplinae
585 707 736 746 studio
771 706 977 757 praelegi
1013 705 1147 745 solita
1183 711 1312 755 sunt,
1349 704 1695 755 professurum;
1733 711 1776 744 et

157 779 280 830 quod
302 779 452 829 magis
469 777 628 817 forsan
646 778 815 829 populo
832 777 1061 828 placebat,
1081 775 1361 827 ipsissimam
1377 774 1499 815 hanc
1517 774 1775 815 doctrinam

157 861 330 900 parvos
351 860 520 900 pueros
547 848 806 888 docturum.
832 847 1009 898 Quippe
1031 854 1206 893 tamen,
1237 852 1487 897 antequam
1510 846 1594 886 has
1621 847 1774 886 lectio-

155 932 238 960 nes
273 920 577 969 adoriremur,
611 920 763 959 visum
792 919 877 958 fuit
897 918 1170 970 prudentiae
1204 917 1395 957 Patrum
1429 923 1695 957 nostrorum
1728 918 1779 956 'ut

158 990 377 1030 Nicolaus
408 989 417 1008 ¹
446 996 603 1030 noster
630 990 958 1029 dilectissimus
986 1000 1125 1028 unam
1160 988 1362 1039 aliquam
1391 988 1651 1028 orationem
1678 987 1777 1028 Col-

157 1062 265 1112 legii
293 1060 427 1111 hujus
458 1061 702 1100 consilium
732 1065 1041 1111 exponentem
1069 1059 1410 1110 praemitteret,
1441 1057 1563 1109 quod
1594 1058 1779 1098 indubie

157 1132 290 1171 docte
312 1143 367 1170 ac
394 1131 571 1171 erudite
593 1131 650 1170 ab
677 1131 840 1170 eodem
867 1129 1061 1170 Nicolao
1090 1129 1233 1169 fratre
1263 1135 1422 1169 nostro
1450 1129 1665 1169 effectum
1693 1136 1776 1170 est.

157 1202 289 1242 Alter
309 1202 448 1241 etiam
469 1201 656 1252 quidam
678 1213 735 1240 ex
757 1200 976 1240 fratribus
998 1199 1010 1218 ²
1032 1200 1194 1240 eodem
1221 1206 1454 1240 momento
1483 1200 1777 1240 declamatio·
1801 1229 1804 1233 -

158 1284 264 1312 nem
298 1273 345 1312 in
370 1272 554 1312 laudem
580 1272 846 1321 linguarum
873 1271 1052 1319 habuit;
1082 1277 1125 1310 et
1155 1283 1209 1310 ea
1237 1271 1501 1321 linguarum
1533 1271 1775 1321 varietate,

157 1355 244 1395 qua
267 1344 525 1383 luculenter
547 1343 661 1382 satis
681 1342 866 1391 fluebat,
892 1341 1046 1381 multis
1073 1342 1241 1381 mirum
1263 1342 1308 1381 in
1329 1342 1517 1381 modum
1548 1343 1780 1393 placuisse

155 1426 247 1454 non
269 1415 457 1454 dubium
477 1413 686 1453 facimus.

236 1485 492 1535 studiosos,
517 1485 765 1536 gymnasia
792 1490 950 1524 nostra
981 1483 1343 1535 frequentantes,
1373 1485 1419 1524 in
1441 1490 1639 1536 quatuor
1665 1485 1776 1524 clas-

157 1567 231 1595 ses
251 1556 422 1607 primo;
442 1567 579 1605 nunc,
600 1554 866 1595 auditorum
882 1554 1188 1605 multitudine,
1212 1555 1258 1594 in
1274 1555 1474 1606 quinque
1490 1554 1654 1606 partiri
1675 1566 1778 1594 coa-

157 1627 219 1667 cti
249 1638 430 1677 sumus,
463 1638 660 1678 quarum
691 1625 883 1666 inferior
910 1624 1151 1676 cujusdam
1184 1625 1408 1665 Pelisonis
1438 1625 1780 1666 Grammatices

159 1699 401 1748 elementa,
439 1697 637 1737 disticha
673 1696 886 1746 Catonis,
924 1696 1186 1736 doctrinam
1220 1696 1524 1736 christianam
1553 1697 1780 1737 hactenus

155 1768 361 1809 tradidit.
385 1768 606 1808 Proxima
623 1767 730 1807 huic
746 1767 940 1807 moralia
959 1766 1161 1818 Sulpitii,
1181 1778 1354 1818 genera
1376 1779 1431 1807 ac
1448 1767 1781 1807 declinationes

156 1839 454 1890 Despauterii
482 1839 642 1888 docet;
674 1838 1078 1890 disputationibus,
1109 1838 1228 1878 sicut
1257 1839 1303 1878 in
1330 1839 1527 1878 caeteris
1555 1837 1781 1878 classibus

155 1911 257 1950 fieri
292 1916 474 1961 semper
508 1909 767 1959 consuevit,
804 1908 964 1948 sedulo
992 1915 1146 1948 vacat.
1182 1909 1339 1948 Tertia
1366 1909 1554 1960 syntaxi
1587 1908 1806 1961 Joannis‘

156 1981 408 2030 Ninivitae,
447 1979 680 2019 Bucolicis
706 1978 856 2019 Publii
883 1979 1104 2029 Maronis,
1135 1979 1442 2019 familiaribus
1469 1979 1617 2020 Marci
1644 1979 1781 2020 Tullii

157 2052 377 2104 epistolis,
403 2051 728 2102 compositioni
750 2050 945 2102 denique
967 2051 1205 2101 epistolari
1226 2062 1406 2090 summo
1428 2050 1580 2090 studio
1608 2050 1778 2091 incum-

156 2123 235 2162 bit.
269 2122 415 2162 Porro
449 2121 601 2173 quarti
621 2121 797 2161 ordinis
818 2121 1013 2160 studiosi
1041 2119 1250 2161 Aeneida
1279 2120 1479 2171 Virgilii,
1511 2119 1781 2162 Amicitiam

156 2193 395 2233 Ciceronis
416 2199 460 2232 et
482 2193 703 2243 pleraque
724 2191 814 2231 alia
836 2191 1044 2241 audiunt,
1069 2192 1288 2242 quoniam
1305 2193 1467 2233 eadem
1483 2192 1600 2233 haec
1617 2193 1782 2234 classis

155 2276 248 2304 non
265 2264 470 2314 segniter
482 2264 526 2303 in
544 2263 871 2302 altercationes
889 2262 1208 2312 scholasticas,
1229 2262 1275 2302 in
1292 2263 1654 2304 declamationes
1674 2270 1718 2304 et
1735 2264 1781 2304 in

154 2335 324 2374 similia
342 2334 565 2374 exercitia
589 2344 781 2385 operam
802 2333 946 2383 ponit.
969 2332 1143 2372 Ultima
1164 2333 1349 2384 linguis,
1374 2345 1490 2385 quas
1506 2335 1780 2386 peregrinas

155 2411 342 2455 vocant,
382 2404 614 2445 indefesso
651 2404 805 2443 animo
841 2409 883 2443 et
918 2403 1070 2443 studio
1108 2404 1306 2455 insudat,
1344 2404 1780 2453 Lectionesautem

157 2475 292 2527 hujus
323 2476 486 2515 classis
508 2480 613 2515 sunt
643 2474 871 2525 principia
892 2474 1078 2525 linguae
1098 2485 1322 2525 graecae,
1354 2476 1520 2527 quibus
1545 2488 1657 2521 mox
1676 2477 1777 2517 sut»

150 2546 359 2598 jungitur
381 2546 653 2597 opusculum
680 2544 870 2584 Hesiodi
899 2544 1020 2595 quod
1042 2550 1111 2594 περὶ
1134 2549 1232 2596 ’ἐρ-(ου
1250 2552 1304 2583 καὶ
1319 2551 1443 2597 ἡμέρας
1463 2545 1476 2565 ⁵
1494 2546 1774 2594 inscribitur;

211 2798 218 2816 ¹
259 2797 365 2830 Hujus
380 2803 563 2829 cognomen
579 2802 638 2821 nec
656 2795 829 2826 PoIaneus,
847 2802 905 2821 nec
923 2794 1142 2827 Orlandinus,
1160 2801 1219 2821 nee
1232 2794 1289 2821 ulli
1303 2816 1307 2827 ‚
1324 2802 1407 2828 quos
1423 2793 1578 2829 viOEmiss,
1591 2797 1778 2831 scriptores

158 2845 294 2871 habent.

208 2890 220 2909 Ξ
260 2891 355 2918 Hunc
371 2889 583 2916 Theodorum
597 2890 707 2923 ipsum
720 2889 908 2918 Peltanum,
925 2889 1045 2915 harum
1058 2889 1248 2915 litterarum
1265 2892 1449 2921 auctorem,
1466 2889 1579 2923 fuisse,
1594 2897 1614 2917 a
1631 2888 1778 2919 Polanco

154 2939 357 2972 accepimus.
376 2937 510 2970 Cliton„
525 2941 549 2963 t.
565 2944 597 2968 ιι,
614 2943 692 2970 pag.
708 2936 769 2965 518.
783 2943 813 2962 n.
829 2936 889 2962 233.

208 2986 221 3004 5
259 2985 382 3011 Verius
401 2979 479 3024 ἔργα
498 2979 550 3010 καὶ
570 2977 698 3023 ἡμέραι.
