1987 3260
203 167 276 203 676
714 165 941 203 LITTERAE
969 176 1326 209 QUADRIMESTRES

926 614 1109 668 CLIV

272 824 320 860 Ρ.
340 823 601 861 Franciscus
621 824 814 862 Palmius

320 889 441 925 Patri
459 888 628 936 Ignatio
648 889 701 927 de
726 889 909 937 Loyola.

369 954 586 1000 Bononia,
607 953 630 991 2
647 955 763 1001 Junii
785 955 876 992 1552
895 955 918 990 ί.

970 1077 1068 1153 ΠΪΙ5

282 1254 446 1294 Gratia
469 1260 511 1294 et
533 1266 628 1306 pax
648 1254 721 1294 X.i
749 1254 806 1294 sit
829 1266 1011 1305 semper
1032 1255 1079 1294 in
1100 1255 1316 1295 cordibus
1336 1257 1521 1296 nostris.
1545 1256 1713 1297 Amen.

278 1325 418 1365 Hisce
442 1325 607 1365 litteris
628 1325 833 1365 breviter
856 1326 1156 1377 complectar,
1180 1325 1279 1366 Rfle
1300 1327 1347 1366 in
1376 1326 1466 1366 C.t0
1486 1327 1596 1379 Jesu
1616 1326 1684 1377 P„
1709 1340 1832 1379 quac·

202 1396 325 1447 apud
348 1408 435 1435 nos
460 1395 562 1436 Deo
584 1396 785 1447 propitio
802 1396 891 1435 hoc
913 1396 1255 1447 quadrimestri,
1274 1409 1453 1437 necnon
1471 1398 1701 1448 quaedam
1718 1399 1824 1449 alia,

199 1478 317 1518 quae
347 1473 454 1506 ante
483 1466 774 1517 praedictum
803 1472 986 1517 tempus
1007 1472 1111 1506 acta
1134 1473 1254 1517 sunt,
1284 1479 1376 1507 non
1405 1468 1517 1507 satis
1545 1480 1572 1507 a
1602 1479 1674 1508 me
1710 1469 1826 1509 alias

199 1537 432 1588 explicita.

280 1607 440 1659 Itaque
459 1620 485 1648 a
502 1608 663 1649 schola
681 1609 925 1649 exordium
943 1621 1150 1659 sumens,
1169 1621 1309 1660 quam
1325 1609 1452 1649 Tuae
1469 1609 1593 1649 Ram&
1611 1608 1822 1650 wiscon-

199 1679 301 1718 silio
335 1679 622 1729 aperuimus,
652 1680 698 1719 id
731 1680 930 1731 primum
961 1679 1206 1720 dicendum
1236 1692 1402 1720 censeo
1432 1680 1529 1720 fieri
1562 1680 1824 1731 profectum

198 1760 445 1800 magnum,
471 1761 574 1789 cum
597 1755 641 1789 et
661 1761 881 1790 numerus
908 1749 1226 1790 studiosorum
1252 1750 1299 1789 in
1320 1750 1417 1789 dies
1445 1756 1671 1801 augeatur
1700 1751 1823 1801 (sunt

198 1820 320 1860 enim
338 1820 525 1860 circiter
549 1820 654 1870 126),
678 1832 875 1872 quorum
895 1821 1025 1860 multi
1045 1820 1223 1860 nobiles
1240 1827 1283 1860 et
1304 1821 1442 1860 claris
1459 1821 1691 1861 natalibus
1712 1822 1818 1870 orti,

196 1890 615 1941 praeeminentium
634 1890 998 1932 Bononiensium
1017 1890 1110 1941 filii,
1135 1897 1200 1939 et,
1225 1890 1347 1942 quod
1374 1890 1524 1942 majus
1546 1897 1627 1939 est,
1663 1891 1820 1932 videre

197 1972 277 2000 eos
298 1961 437 2000 liceat
466 1961 662 2012 provehi
689 1961 734 2000 in
762 1961 927 2001 litteris
956 1966 1000 2001 et
1025 1961 1159 2000 bonis
1189 1961 1409 2010 moribus,
1443 1967 1486 2001 et
1518 1962 1702 2013 quidem
1730 1975 1823 2003 non

198 2032 296 2071 sine
318 2032 628 2072 admiratione
649 2033 914 2081 multorum,
939 2038 1035 2072 tum
1055 2044 1169 2072 vero
1190 2032 1438 2083 praecipue
1458 2039 1723 2084 parentum,
1743 2034 1821 2085 qui

195 2103 365 2142 liberos
389 2115 496 2143 suos
520 2103 798 2143 erudiendos
825 2103 958 2143 nobis
985 2103 1194 2153 tradunt,
1220 2114 1414 2154 quorum
1437 2115 1546 2143 cura
1574 2103 1820 2144 industria-

198 2185 286 2224 que
309 2173 497 2214 adducti
520 2175 764 2225 divulgare
781 2187 873 2214 non
891 2180 1077 2214 cessant
1094 2173 1340 2214 Societatis
1357 2180 1545 2214 nostrae
1562 2175 1822 2215 institutum

198 2244 411 2284 omnibus
451 2245 548 2284 sine
577 2245 843 2284 discrimine
871 2245 1107 2296 prodesse,
1138 2245 1435 2296 omniumque
1466 2246 1664 2285 salutem
1685 2257 1821 2296 quae-

198 2326 315 2354 rere.
342 2315 471 2355 Haec
494 2316 617 2355 fama
639 2322 841 2366 vagatur
864 2316 919 2355 de
940 2314 1174 2355 Societate
1194 2316 1318 2369 Jesu.

277 2385 327 2424 In
354 2385 573 2426 Adventu
596 2386 799 2432 Domini,
831 2387 877 2426 in
904 2387 1075 2437 templo
1102 2386 1196 2426 divi
1227 2386 1452 2435 Petronii,
1484 2398 1573 2437 quo
1603 2386 1833 2438 frequens¹

196 2457 396 2507 populus
417 2462 527 2496 tunc
551 2457 859 2497 concurrebat
881 2456 938 2496 ad
956 2457 1235 2497 audiendum
1256 2456 1450 2496 verbum
1466 2456 1653 2496 Domini
1669 2469 1694 2497 a
1712 2469 1819 2508 quo-

250 2638 258 2657 ¹
300 2639 407 2673 Hujus
431 2639 626 2666 litterarum
652 2638 826 2666 Francisci
852 2639 984 2673 Palmii,
1010 2647 1094 2674 quae
1119 2640 1255 2667 italicae
1279 2647 1310 2674 pi
1322 2641 1395 2666 ocul
1411 2640 1509 2667 dubio
1526 2640 1675 2673 fuerunt,
1693 2640 1821 2667 latinae

197 2685 364 2711 versionis
381 2686 628 2720 apographum,
644 2694 663 2713 a
680 2685 860 2713 Guilielmo
876 2686 1099 2720 Limburghio
1115 2687 1314 2718 confectum,
1340 2692 1390 2714 est
1416 2686 1446 2713 in
1472 2687 1550 2714 solio
1574 2687 1697 2721 duplici
1716 2695 1768 2714 nn.
1787 2689 1825 2714 :32

196 2734 227 2757 et
245 2731 288 2757 53.
305 2731 369 2758 Sed
386 2733 462 2760 aliis
477 2733 607 2764 deletis,
621 2733 697 2760 aliis
713 2734 804 2760 intra
826 2734 932 2761 lineas
955 2734 1090 2768 scriptis
1111 2734 1226 2761 verbis
1248 2734 1296 2761 ita
1318 2738 1367 2760 est
1389 2734 1602 2761 emendatum
1623 2738 1658 2761 ut
1674 2735 1822 2769 impossi-

195 2778 260 2804 bile
276 2779 320 2805 sit
337 2780 414 2812 quid
430 2780 538 2813 primo
554 2780 719 2814 scriptum
736 2781 837 2807 fuerit
853 2781 1000 2807 haurire.
1017 2780 1124 2815 Hujus
1139 2785 1252 2808 tamen
1275 2781 1323 2808 ita
1346 2781 1512 2808 emendati
1529 2782 1734 2815 exemplaris
1748 2783 1821 2809 niti-

195 2824 272 2851 dum
287 2830 401 2852 exstat
418 2828 653 2861 apographum
668 2827 700 2854 in
717 2827 795 2854 folio
812 2828 893 2854 item
907 2828 1042 2861 duplici,
1059 2832 1090 2854 et
1106 2829 1252 2855 alterum
1266 2829 1298 2854 in
1314 2829 1368 2855 sol.
1383 2828 1418 2855 43
1432 2828 1480 2855 V.0
1496 2832 1528 2855 et
1549 2828 1583 2854 214
1605 2828 1737 2855 Codicis
1753 2829 1818 2855 1551

193 2878 246 2896 nn.
261 2871 295 2897 5-1
311 2875 343 2898 et
358 2872 407 2904 55;
426 2874 512 2907 quod
528 2874 581 2900 hic
596 2881 656 2900 nos
672 2874 1037 2901 transcribemus.—-De
1061 2874 1123 2901 hoc
1148 2874 1327 2902 Guilielmo
1343 2875 1390 2902 ita
1412 2875 1591 2909 Delplace.
1607 2876 1626 2902 1.
1644 2883 1687 2902 c,:
1704 2875 1821 2902 “Guih

194 2918 302 2944 laume
318 2918 443 2945 Broche
453 2927 491 2945 ns
506 2920 745 2955 (Limburgus)‚
762 2923 802 2947 ne
828 2923 847 2948 a
870 2921 1018 2948 Dolhain
1038 2929 1078 2948 en
1102 2922 1179 2952 1530.
1205 2922 1312 2949 admis
1334 2924 1354 2948 Ξῑ
1377 2921 1532 2949 Louvain
1548 2930 1587 2948 en
1604 2923 1679 2949 1551.
1696 2926 1782 2949 mort
1799 2924 1821 2953 ir

196 2963 323 2991 Treves
339 2973 377 2991 en
396 2966 492 2999 1583„
