1987 3260
867 189 948 226 Ax.
980 187 1069 224 1550
1711 181 1781 218 245

890 638 1047 691 LXX

230 866 262 902 P
299 866 507 903 Nicolaus
528 865 739 914 Lanoyus

279 931 323 967 Ρ.
345 931 512 973 Ignatio
532 931 585 967 de
606 930 789 978 Loyola.

323 996 554 1038 Panormo,
573 995 616 1031 31
641 995 896 1032 Decembris
920 995 1008 1032 1550
1025 995 1048 1029 ¹.

918 1169 1023 1255 Jfils

237 1345 446 1385 Essendo
478 1346 508 1385 il
534 1353 687 1396 tempo
711 1345 755 1385 di
775 1345 926 1396 questi
947 1351 1131 1396 quattro
1152 1345 1268 1384 mesi
1295 1345 1373 1395 gia
1403 1343 1600 1384 decorso
1626 1344 1669 1384 al
1697 1355 1781 1383 suo

157 1416 367 1467 termine,
391 1428 471 1467 per
500 1416 727 1456 sodisfare
755 1428 782 1455 a
807 1417 853 1455 la
883 1414 1057 1455 Sancta
1084 1414 1365 1465 obedientia,
1390 1415 1673 1455 scriveremo
1693 1426 1781 1454 con

155 1487 338 1527 brevita
367 1498 393 1526 a
420 1486 506 1526 V.a
532 1486 635 1526 R.da
658 1486 895 1527 Paternita
930 1497 1070 1537 sopra
1101 1485 1174 1526 del
1207 1485 1351 1526 fruito
1378 1486 1609 1537 spiritual,
1639 1485 1724 1526 che
1752 1486 1781 1525 il

156 1557 354 1609 Signore
383 1559 443 1598 ha
468 1557 585 1598 fatto
614 1558 660 1597 in
686 1563 851 1609 questa
880 1557 993 1597 citte‘i
1023 1557 1069 1597 di
1095 1556 1310 1597 Palermo
1331 1557 1564 1597 mediante
1584 1558 1612 1597 l'
1637 1569 1780 1609 opera

160 1629 233 1669 dei
254 1629 380 1668 servi
402 1629 505 1669 suoi
526 1628 646 1668 della
666 1628 972 1680 Compagnia.

236 1698 372 1750 Dopo
403 1700 552 1739 haver
590 1699 698 1739 dato
731 1711 855 1739 novo
885 1699 1114 1750 principio
1149 1699 1227 1739 alli
1257 1699 1396 1739 studii
1429 1705 1473 1739 et
1503 1699 1664 1740 ordine
1692 1700 1780 1740 alle

157 1771 328 1820 scuole‚
352 1771 383 1810 li
398 1770 552 1810 lettori
573 1771 949 1810 continuamente
967 1771 1005 1810 si
1026 1769 1243 1810 sforzano
1261 1781 1350 1810 con
1365 1770 1520 1810 buona
1540 1769 1780 1821 diligentia

158 1841 202 1881 di
232 1841 320 1881 ben
355 1847 616 1881 amaestrar
644 1842 746 1881 suoi
776 1841 1020 1893 discepoli‚
1054 1841 1369 1881 ciascheduno
1403 1841 1450 1881 in
1475 1853 1561 1882 sua
1587 1841 1776 1892 faculta,

154 1912 370 1963 ponendo
392 1923 573 1963 sempre
595 1924 708 1952 cura
735 1912 822 1952 che
851 1912 956 1952 tutti
983 1912 1137 1952 facino
1158 1912 1346 1963 profitto
1375 1913 1499 1952 nella
1518 1912 1714 1953 scientia
1735 1918 1778 1953 et

155 1983 264 2023 nelli
286 1983 427 2023 buoni
448 1983 659 2023 costumi.

236 2054 270 2094 Il
297 2066 490 2094 numero
521 2054 644 2105 degli
677 2054 846 2094 scolari
874 2058 897 2094 e
925 2054 970 2093 di
999 2054 1174 2094 incirca
1194 2053 1274 2093 300
1294 2066 1318 2093 e
1339 2055 1417 2105 piii
1437 2053 1466 2104 2,
1497 2053 1569 2094 fra
1596 2055 1627 2094 li
1654 2055 1779 2106 quali

155 2137 250 2164 non
270 2125 309 2164 si
334 2124 513 2164 ritrova
541 2125 706 2164 alcuno
733 2125 819 2164 che
845 2124 914 2164 sia
935 2124 981 2164 di
1002 2125 1099 2164 vita
1128 2124 1426 2175 scandalosa3
1457 2125 1502 2164 di
1529 2125 1666 2165 modo
1693 2125 1778 2165 che

155 2206 238 2246 per
273 2202 436 2246 questa
470 2195 715 2245 vigilantia
749 2195 787 2235 si
821 2195 1070 2235 scacciano
1105 2195 1234 2235 molti
1264 2195 1365 2235 vitii
1391 2194 1517 2246 dagli
1547 2195 1706 2236 vitiosi
1732 2196 1777 2236 in

156 2277 302 2317 pocco
329 2272 498 2317 tempo.
530 2265 895 2305 Primeramente
930 2266 969 2305 si
994 2267 1099 2306 leva
1126 2266 1157 2305 il
1184 2266 1338 2306 iurare
1369 2272 1415 2306 et
1442 2267 1557 2306 certi
1583 2267 1706 2307 modi
1733 2267 1778 2307 di

154 2336 398 2377 biastemia
425 2342 470 2376 et
496 2335 725 2376 horrende
759 2337 938 2387 parole,
976 2336 1093 2376 delle
1128 2337 1251 2388 quali
1280 2337 1476 2377 essendo
1504 2337 1549 2377 la
1571 2343 1777 2377 corrotta

211 2519 220 2538 ¹
259 2518 330 2546 Has
345 2519 480 2546 litteras
495 2519 657 2546 habemus
672 2526 772 2546 manu
786 2519 890 2553 ipsius
906 2519 1019 2546 Patris
1044 2520 1082 2546 de
1104 2520 1225 2555 Lanoy
1253 2520 1463 2554 subscriptas
1486 2521 1517 2547 in
1539 2521 1663 2554 duplici
1686 2521 1776 2552 solio,

155 2566 206 2593 cui
223 2567 255 2593 in
269 2567 410 2601 pristino
426 2566 579 2593 Archivii
595 2566 711 2593 ordine
734 2567 879 2601 impositi
904 2567 1039 2594 fuerant
1060 2568 1187 2594 numeri
1211 2567 1302 2599 81-82.
1326 2575 1412 2594 nunc
1436 2571 1551 2595 autem
1575 2567 1617 2594 12.
1642 2567 1777 2594 Priores

155 2617 288 2641 tantum
304 2618 373 2640 tres
388 2614 532 2647 paginas
545 2613 693 2647 implent.
709 2618 741 2640 et
756 2614 788 2641 in
804 2618 943 2648 quarta,
961 2614 992 2641 in
1008 2622 1048 2641 ea
1062 2618 1176 2648 parte.
1192 2622 1277 2648 quae
1292 2618 1367 2648 post
1382 2615 1545 2648 plicatum
1559 2615 1675 2642 folium
1690 2615 1778 2641 defo-

154 2661 202 2687 ris
216 2662 350 2692 eminet,
366 2661 449 2688 hacc
465 2661 535 2695 ipse
560 2661 598 2687 de
623 2660 741 2696 Lanoy
756 2661 901 2695 scripsit:
927 2661 1255 2696 ,Qua(dr1‘mestres).
1279 2661 1327 2688 Di
1346 2662 1509 2688 Palermo
1531 2662 1610 2688 ult.‘'
1634 2662 1673 2689 di
1690 2661 1777 2689 le‘

156 2708 258 2739 1550:
271 2713 304 2734 et
319 2708 421 2735 alius:
437 2707 473 2740 Q.
490 2708 535 2734 Di
550 2707 713 2734 Palermo
727 2708 784 2735 del
798 2709 855 2736 50.
870 2708 950 2734 ΜΗ)
966 2709 1004 2735 di
1015 2708 1178 2735 Decemb.

208 2755 270 2782 Est
286 2760 319 2782 et
335 2756 524 2790 exemplum
540 2756 572 2782 in
586 2755 694 2789 prima
709 2756 835 2789 pagina
849 2756 991 2790 duplicis
1006 2756 1087 2787 folii.
1100 2757 1178 2783 olim
1193 2757 1235 2788 79,
1250 2764 1335 2783 nunc
1359 2756 1454 2790 10-13,
1470 2756 1503 2783 in
1525 2764 1588 2791 quo
1610 2757 1777 2784 desidera-

155 2807 210 2829 tur
225 2803 295 2829 dies
310 2807 342 2829 et
357 2802 571 2837 subscriptio.
588 2802 699 2829 Habet
715 2806 829 2830 tamen
845 2804 877 2830 in
893 2808 1016 2838 quarta
1032 2804 1167 2837 pagina,
1185 2808 1217 2830 et
1234 2804 1366 2838 quidem
1381 2811 1482 2831 manu
1495 2803 1598 2838 ipsius
1611 2804 1725 2831 Patris
1736 2804 1775 2831 de

156 2848 285 2885 Lanoy,
302 2850 397 2877 haec:
413 2851 524 2883 Quali.
541 2849 588 2876 Di
604 2849 783 2882 Palermos
797 2854 830 2877 et
844 2851 913 2878 alia
925 2859 1036 2878 manu:
1053 2852 1150 2878 1550.

208 2898 222 2916 ²
259 2897 451 2931 Scripserat
477 2897 588 2925 Patris
612 2898 652 2924 de
671 2897 789 2932 Lanoy
812 2898 972 2925 librarius
996 2899 1129 2925 incirca
1145 2899 1225 2931 300,
1240 2898 1306 2933 fra
1326 2899 1389 2933 pist
1412 2899 1440 2926 li
1453 2899 1602 2933 quali...,·
1615 2899 1673 2926 sed
1689 2899 1775 2926 linea

157 2944 301 2971 obducta
317 2945 442 2972 delevit
455 2946 530 2979 pist.
547 2945 711 2972 Polancus
727 2949 851 2976 tamen,
874 2946 905 2973 in
929 2946 1093 2980 exemplo,
1117 2954 1214 2972 manu
1238 2946 1384 2980 propria.
1410 2954 1513 2980 supra
1533 2947 1586 2974 300
1609 2947 1743 2980 scripsit
1760 2954 1776 2973 e

152 2994 177 3025 p
182 2992 226 3018 1'1'1.
