1987 3260
256 186 329 223 ¹230
766 184 990 221 LITTERAE
1017 195 1370 227 QUADRIMESTRES

256 288 445 333 praeter
467 293 583 321 onus
604 281 938 321 audiendarum
956 280 1300 320 confessionum
1315 280 1607 320 dominorum
1622 280 1878 332 Pro-regis,

260 353 451 402 Garsia,
476 351 655 392 Alvaro
679 350 705 401 ¹,
735 356 779 391 et
806 351 1002 390 aliorum
1029 351 1233 402 capitum
1264 351 1517 402 exercituS,
1551 363 1667 402 quos
1694 352 1881 402 saepius

261 423 497 473 audiebat,
521 423 584 462 illi
610 423 760 462 omnis
795 432 908 461 cura
938 422 1234 461 incumbebat
1260 421 1572 472 Xenodochii,
1603 422 1650 461 in
1676 433 1765 473 quo
1786 433 1879 462 ma-

259 506 354 545 gna
389 505 571 545 semper
598 492 813 533 decubuit
848 492 1135 532 infirmorum
1169 498 1385 543 caterva,
1417 504 1611 533 numero
1637 504 1760 533 nunc
1790 492 1877 543 100,

256 576 381 605 nunc
414 564 504 614 150,
535 570 579 603 et
607 563 839 603 interdum
865 563 1005 603 etiam
1034 562 1125 602 200.
1154 563 1242 602 Hic
1270 563 1382 602 nulli
1416 569 1600 614 poterat
1633 564 1880 615 quisquam

259 635 576 675 necessarium
609 633 937 674 sustentationi
976 633 1185 685 corporis
1220 633 1547 674 administrare
1579 635 1668 674 nisi
1701 634 1879 686 dispen-

260 712 391 746 sante
417 705 521 745 D.1¹0
542 705 750 756 Laynez,
775 705 853 755 qui
874 710 918 744 et
938 705 1059 755 ipse,
1083 716 1213 744 more
1243 704 1348 756 piae
1377 704 1592 755 nutricis,
1616 705 1771 746 cibum
1790 706 1881 746 illis

261 777 504 827 frangebat
535 782 675 827 atque
702 775 958 826 ingerebat.
998 775 1158 826 Neque
1193 775 1239 815 id
1272 776 1441 825 solum,
1471 787 1636 815 verum
1661 776 1803 816 etiam
1823 789 1881 817 ex

258 853 473 898 suscepto
504 846 668 896 officio,
700 847 902 897 clystera
928 846 1242 897 purgationis,
1277 852 1320 886 et
1350 847 1499 886 omnis
1534 846 1719 895 generis
1745 846 1882 898 phar-

256 930 391 958 maca
425 929 564 957 manu
598 917 789 969 propria
825 917 1114 968 applicabat3
1150 917 1345 967 singulis
1373 917 1601 966 noctibus,
1633 924 1683 957 ut
1713 929 1882 968 aegros

257 989 560 1039 refocillaret,
590 1000 617 1028 a
645 988 783 1027 cubili
818 987 1065 1038 aliquoties
1101 988 1344 1038 surgebat;
1383 987 1583 1028 interdiu
1617 988 1741 1039 apud
1775 987 1880 1028 Pro-

256 1071 414 1111 regem
441 1059 487 1099 id
517 1059 709 1110 agebat,
741 1064 791 1098 ut
824 1070 1139 1109 nummorum,
1173 1057 1572 1109 confecturarum,
1609 1058 1883 1099 victualium

256 1136 301 1170 et
322 1142 477 1170 rerum
496 1130 870 1170 necessariarum
900 1129 1146 1180 commoda
1176 1129 1307 1169 fieret
1337 1129 1560 1181 provisio.
1589 1130 1639 1169 In
1668 1130 1758 1170 isto
1779 1142 1880 1169 san-

255 1208 330 1241 cto
358 1201 615 1241 ministerio
644 1206 776 1240 tanta
803 1211 909 1240 cum
936 1200 1182 1251 vigilantia
1204 1211 1306 1240 sese
1327 1200 1536 1240 exercuit
1564 1211 1678 1251 erga
1702 1212 1876 1249 omnes,

253 1278 434 1312 tantum
456 1272 700 1312 charitatis
720 1271 937 1311 affectum
958 1270 1180 1322 exhibuit,
1204 1277 1253 1311 ut
1275 1283 1437 1312 omnes
1470 1277 1695 1323 quotquot
1717 1271 1776 1312 ad
1795 1283 1881 1311 nos

257 1343 446 1382 veniunt
479 1342 648 1382 milites
674 1342 756 1382 vix
784 1341 908 1382 aliud
939 1354 966 1381 a
1000 1341 1213 1381 laudibus
1243 1342 1520 1394 pientissimi
1547 1341 1698 1382 Patris
1724 1353 1879 1393 perso-

250 1420 386 1463 nent,
410 1425 547 1465 quem
569 1418 614 1452 et
634 1413 692 1452 ob
715 1412 946 1463 insignem
978 1412 1104 1452 illam
1134 1413 1345 1452 omnibus
1366 1413 1653 1452 declaratam
1672 1413 1880 1463 benigni-

253 1490 411 1534 tatem,
457 1483 720 1523 sanctitatis
755 1483 983 1523 vocabulo
1020 1489 1337 1534 remunerant,
1371 1484 1577 1523 dicentes
1612 1482 1877 1523 identidem:

253 1554 453 1595 Sanctus
487 1560 557 1594 est
591 1553 729 1594 Pater
765 1554 969 1605 LayneZ.
1007 1553 1254 1594 Affirmant
1288 1565 1449 1605 parem
1483 1566 1532 1594 se
1565 1553 1739 1594 vidisse
1767 1565 1879 1594 nun-

253 1637 413 1676 quam,
440 1625 516 1677 qui
537 1631 667 1665 tanta
689 1625 952 1673 alacritate,
977 1625 1055 1675 qui
1075 1636 1124 1664 se
1146 1625 1209 1664 ita
1230 1630 1378 1664 totum
1398 1625 1756 1664 necessitatibus
1777 1636 1881 1676 pro-

253 1697 487 1736 ximorum
516 1695 817 1747 impenderet.
841 1695 1065 1746 Dejerant
1100 1696 1129 1734 ii
1163 1706 1345 1747 quoque
1375 1707 1468 1735 non
1494 1696 1593 1735 sine
1622 1695 1780 1736 divino
1801 1696 1880 1735 mi-

254 1768 411 1807 raculo
438 1767 720 1818 specialique
741 1767 989 1817 privilegio
1011 1778 1112 1806 esse
1134 1772 1395 1818 protectum
1416 1773 1486 1817 ut,
1520 1767 1696 1807 tamdiu
1726 1778 1881 1807 versa-

251 1844 326 1878 tus
354 1839 474 1878 inter
504 1844 570 1878 tot
600 1838 830 1888 pericula,
870 1839 995 1877 solus
1027 1838 1390 1878 ministrantium
1411 1838 1458 1877 in
1479 1850 1532 1878 eo
1552 1838 1656 1878 loco
1678 1838 1881 1878 intactus

253 1909 476 1958 evaserit,
515 1907 647 1959 cujus
674 1908 741 1947 rei
768 1907 904 1948 fidem
938 1908 1050 1948 facit
1088 1909 1216 1948 clara
1244 1909 1552 1960 experientia;
1583 1920 1724 1959 quum
1758 1909 1881 1948 enim

253 1992 433 2029 omnes,
458 1980 536 2031 qui
558 1980 697 2019 simul
718 1979 1043 2019 ministrabant
1062 2011 1069 2029 ,
1095 1985 1284 2031 propter
1313 1979 1480 2019 nimios
1508 1980 1693 2019 labores
1715 1985 1758 2019 et
1778 1991 1880 2031 pro-

254 2056 354 2101 pter
384 2050 712 2100 contagiosam
741 2050 1113 2100 graveolentiam
1140 2050 1229 2090 loci
1256 2056 1351 2090 tam
1380 2050 1558 2101 foetidi,
1583 2056 1779 2091 mortem
1802 2056 1881 2090 aut

255 2121 569 2160 infirmitatem
604 2121 769 2160 saltem
802 2120 1007 2171 effugere
1046 2132 1140 2161 non
1178 2127 1449 2172 potuerunt,
1490 2121 1610 2161 inter
1640 2133 1756 2172 quos
1790 2121 1881 2161 duo

253 2190 417 2230 Patres
439 2190 718 2242 Capuchini,
754 2191 850 2230 suis
880 2191 1103 2231 fratribus
1133 2191 1302 2231 ibidem
1330 2193 1547 2242 mortuis,
1578 2192 1668 2232 huc
1693 2198 1883 2243 propter

256 2261 571 2301 infirmitatem
590 2261 743 2301 redire
764 2261 991 2312 compulsi
1019 2268 1125 2302 sunt
1143 2294 1151 2312 ,
1174 2262 1312 2302 Pater
1332 2262 1535 2313 LayneZ,
1559 2268 1626 2302 tot
1646 2263 1881 2303 laboribus

257 2343 467 2381 pressus,
492 2332 757 2383 eisdemque
792 2332 1011 2383 periculis
1047 2332 1275 2384 abjectus,
1306 2345 1399 2372 non
1427 2332 1563 2372 modo
1592 2345 1685 2372 non
1714 2339 1782 2373 est
1803 2344 1881 2373 un-

257 2413 397 2453 quam
418 2402 676 2441 infirmatus
696 2403 915 2453 gravius,
938 2415 1105 2443 verum
1126 2403 1266 2443 etiam
1288 2403 1453 2454 majori
1473 2403 1695 2443 beneficio
1712 2403 1881 2443 sanita-

256 2472 316 2512 tis
336 2483 449 2512 usus
470 2484 613 2523 quam
634 2478 793 2523 antea,
819 2473 927 2512 dum
948 2474 1071 2524 apud
1092 2485 1177 2514 nos
1191 2474 1266 2513 hic
1283 2482 1458 2525 ageret.
1478 2474 1670 2514 Praeter
1691 2472 1880 2523 hujusce

258 2543 367 2582 mali
395 2543 710 2582 intolerabiles
742 2544 999 2594 molestias,
1034 2556 1149 2595 quas
1184 2545 1282 2584 sine
1311 2545 1404 2584 ulla
1440 2545 1712 2584 remissione
1747 2545 1880 2584 susti-

257 2613 417 2655 nebat.
444 2613 583 2653 dabat
605 2625 789 2653 omnem
811 2625 1000 2665 operam
1021 2621 1070 2654 ut
1091 2616 1341 2655 morientes
1358 2616 1558 2666 animas,
1583 2627 1610 2655 a
1630 2615 1756 2655 vitiis
1777 2627 1883 2666 poe·-

256 2684 454 2723 nitentia
493 2689 535 2723 et
575 2684 851 2724 contritione
889 2692 1197 2736 expurgatas,
1235 2686 1481 2726 redderent
1514 2686 1630 2736 DeO,
1668 2697 1758 2737 quo
1793 2686 1881 2726 fine

258 2760 448 2794 sanctus
469 2754 555 2794 iste
576 2755 706 2794 labor
727 2755 914 2795 minime
935 2755 1186 2796 frustratus
1217 2762 1307 2807 est,
1332 2757 1530 2797 inductis
1552 2757 1611 2796 ad
1633 2756 1881 2797 confessio-

254 2836 365 2863 nem
387 2825 603 2876 diversis,
623 2837 821 2876 quorum
841 2826 915 2865 hic
933 2832 1029 2866 toto
1047 2827 1360 2878 quinquennio
1377 2860 1384 2877 ,
1408 2828 1481 2867 ille
1504 2827 1744 2877 decennio,
1764 2828 1883 2867 alius

314 2982 323 3001 ¹
365 2982 449 3009 Vide
468 2983 591 3009 δαῖτας
606 2984 647 3010 de
664 2984 734 3010 San
751 2984 910 3015 [anacim
927 2990 949 3011 t.
967 2992 998 3014 Π,
1016 2992 1092 3018 pag.
1109 2985 1161 3011 25⁴»
1175 2990 1205 3011 et
1221 2985 1282 3012 4:30.
