1987 3260
210 174 281 210 638
716 174 939 211 LITTERAE
967 183 1322 217 QUADRIMESTRES

214 270 368 309 omnia
388 269 463 320 pia
485 269 705 320 proclivis
726 270 921 319 animus,
945 280 1030 309 nec
1050 269 1173 309 istud
1193 269 1398 319 ignoras.
1427 269 1650 319 Magnam
1669 269 1834 309 utilita-

214 341 271 379 tis
308 351 438 391 spem
472 340 517 379 in
551 351 800 390 puerorum
834 340 1124 379 institutione
1162 351 1263 379 esse
1296 339 1497 390 positam
1530 338 1619 378 hoc
1654 350 1834 390 quoque
1891 387 1895 391 ⁸

213 411 330 450 alias
352 411 574 461 scriptum
596 415 678 449 est.
703 409 825 448 Nihil
846 409 987 460 igitur
1007 414 1232 460 superest,
1256 408 1380 460 quod
1400 408 1460 448 ad
1480 409 1569 448 hoc
1590 409 1832 459 pertineat.

295 480 605 530 Quamobrem
627 480 685 519 ad
707 492 761 519 ea
781 480 940 531 venio,
964 492 1082 531 quac
1104 485 1147 519 te
1168 480 1370 519 maxime
1391 479 1551 519 audire
1568 479 1686 519 velle
1708 479 1833 519 intel-

214 552 327 602 ligo,
365 563 439 600 ea,
482 562 598 601 quae
638 562 695 589 ex
734 550 1035 590 concionibus
1070 551 1309 601 sacrisque
1344 550 1713 590 confessionibus
1748 550 1836 589 hoc

207 621 365 672 jejunii
394 627 600 671 tempore
626 626 821 671 sequuta
849 627 955 661 sunt
980 621 1239 661 commoda.
1271 621 1496 671 Magister
1526 621 1666 671 igitur
1695 621 1835 660 Bene-

212 692 363 731 dictus
385 690 394 709 ¹
417 697 512 731 toto
535 691 920 742 quadragesimae
941 698 1168 742 tempore,
1198 691 1359 731 diebus
1388 691 1572 742 quidem
1593 691 1837 731 dominicis

213 774 267 802 ac
288 762 437 812 festis,
462 762 586 813 quod
607 774 788 813 semper
820 763 957 811 solet,
991 762 1296 802 concionatus
1324 767 1406 802 est.
1437 761 1662 802 Profestis
1683 767 1834 802 autem

212 834 458 883 evangelia
480 838 523 872 et
545 833 764 883 epistolas
785 833 1075 883 singulorum
1104 833 1282 872 dierum
1303 833 1518 883 exposuit
1537 832 1674 884 idque
1694 833 1836 872 multa

212 904 475 944 auditorum
509 903 789 954 frequentia,
831 904 916 943 etsi
950 909 1136 954 praeter
1170 904 1320 955 ipsum
1355 904 1555 955 quinque
1589 903 1667 943 alii
1695 904 1837 943 eccle-

211 975 382 1014 siastac
422 975 467 1013 in
502 974 589 1014 hac
625 974 737 1013 urbe
772 974 1178 1014 concionarentur.
1215 974 1423 1025 Cumque
1454 985 1545 1013 non
1580 974 1715 1025 pauci
1750 974 1838 1013 hoc

212 1045 370 1095 modo,
395 1045 454 1084 ad
475 1044 711 1084 meliorem
732 1045 857 1084 vitae
878 1045 1105 1084 rationem
1133 1045 1370 1095 conversi,
1394 1057 1420 1084 a
1442 1045 1519 1085 via
1540 1050 1838 1096 peccatorum

211 1116 505 1162 diverterint,
543 1123 698 1155 tamen
724 1127 844 1155 unus
871 1116 1120 1167 praecipue
1156 1116 1385 1166 singulari
1415 1116 1615 1167 quodam
1641 1115 1838 1167 Spiritus

211 1186 369 1227 Sancti
392 1186 530 1226 ductu
561 1187 618 1226 ad
640 1187 972 1237 poenitentiam
998 1186 1148 1237 rediit,
1178 1187 1249 1226 vir
1275 1187 1443 1226 nobilis
1465 1199 1519 1226 ac
1540 1192 1706 1238 potens
1726 1193 1769 1226 et
1791 1188 1833 1227 in

211 1258 300 1297 hac
328 1257 518 1297 civitate
550 1257 707 1307 magni
737 1257 935 1296 habitus.
972 1257 1112 1307 Huic,
1146 1268 1270 1307 cum,
1304 1263 1495 1308 propter
1517 1257 1723 1297 occisum
1748 1257 1836 1297 fra-

212 1335 348 1377 trem,
378 1339 524 1378 grave
554 1328 710 1367 odium
733 1326 830 1378 jam
861 1334 1037 1378 septem
1065 1328 1232 1367 abhinc
1259 1328 1393 1367 annis
1427 1339 1532 1367 cum
1561 1329 1707 1368 altero
1735 1329 1837 1368 viro

212 1399 368 1450 gravi,
393 1398 490 1449 qui,
515 1404 558 1438 et
578 1398 675 1449 ipse
694 1399 848 1437 clarus
863 1409 1058 1449 genere,
1085 1399 1248 1449 opibus
1268 1399 1461 1438 multum
1477 1404 1676 1450 poterat,
1700 1399 1836 1438 inter-

211 1470 451 1520 cessisset,
493 1469 741 1520 aliquando
780 1470 900 1509 inter
945 1470 1070 1519 ipsos
1115 1470 1431 1521 depugnatum
1477 1469 1627 1509 fuerat
1666 1481 1838 1520 magno

214 1540 356 1580 totius
376 1540 472 1579 fere
494 1540 698 1579 civitatis
719 1541 937 1587 tumultii,
968 1546 1016 1580 ut
1045 1541 1215 1580 bonam
1236 1541 1459 1580 nobilium
1480 1546 1661 1591 partem
1682 1551 1839 1580 secum

211 1611 449 1650 traherent
469 1610 557 1650 hae
579 1610 696 1650 duae
716 1609 962 1659 sactiones,
987 1622 1071 1650 nec
1094 1622 1185 1650 una
1207 1617 1388 1650 tantum
1407 1610 1583 1650 familia
1601 1611 1682 1650 sed
1701 1611 1838 1662 pluri-

212 1693 317 1721 mae
339 1682 500 1721 eodem
522 1681 627 1721 odio
649 1681 810 1721 eadem
838 1694 895 1720 ex
923 1693 1064 1721 causa
1093 1682 1324 1721 arderent.
1355 1681 1485 1721 Multi
1516 1681 1741 1732 supplicio
1763 1681 1838 1721 ad-

214 1751 324 1791 dicti
350 1750 447 1802 jam
476 1763 652 1803 poenas
682 1752 919 1791 dederant.
957 1751 1087 1791 Multi
1116 1758 1359 1802 praeterea
1389 1764 1447 1791 ex
1477 1752 1566 1791 hac
1596 1764 1759 1802 causa,
1793 1752 1838 1791 in

213 1822 402 1862 exilium
422 1822 637 1872 relegati,
662 1822 812 1872 patria
835 1834 996 1861 carere
1018 1822 1319 1872 cogebantur.
1343 1823 1400 1862 Et
1422 1822 1544 1873 quod
1566 1828 1666 1862 erat
1681 1822 1838 1862 miser—

213 1893 399 1943 rimum,
431 1893 501 1932 vir
529 1894 603 1932 ille
634 1904 806 1942 magno
834 1904 978 1943 prope
1007 1893 1147 1932 totius
1177 1893 1383 1932 civitatis
1413 1904 1626 1932 moerore
1643 1891 1739 1943 jam
1762 1893 1839 1932 diu

212 1965 259 2003 in
287 1976 477 2004 carcere
503 1975 674 2012 nexus,
706 1975 844 2014 saepe
869 1962 965 2014 jam
994 1970 1164 2014 tortus,
1197 1975 1289 2003 non
1317 1964 1444 2015 prius
1478 1975 1706 2003 evasurus
1734 1964 1839 2003 inde

211 2035 509 2084 credebatur,
541 2046 679 2085 quam
708 2034 763 2073 de
791 2045 846 2073 eo
876 2040 1134 2074 extremum
1163 2040 1422 2074 sumeretur
1450 2034 1741 2085 supplicium.
1772 2035 1838 2074 In-

212 2105 364 2145 stabat
385 2105 506 2145 enim
532 2105 605 2144 hic
640 2104 736 2156 ejus
764 2104 1066 2144 adversarius
1086 2104 1207 2155 apud
1230 2104 1501 2155 Pro-regem
1522 2104 1836 2155 vehementer,

212 2182 257 2215 et
277 2177 401 2215 nulla
423 2176 622 2225 ratione,
647 2176 783 2215 nullis
803 2176 1046 2226 lacrymis,
1071 2176 1208 2214 nullis
1242 2175 1382 2215 etiam
1409 2175 1669 2226 principum
1695 2176 1838 2227 preci-

211 2247 299 2285 bus
328 2246 452 2286 flecti
480 2252 663 2297 poterat
694 2252 741 2285 ut
771 2247 845 2285 vel
875 2246 1114 2286 remissius
1149 2246 1397 2297 quicquam
1432 2257 1539 2285 cum
1572 2258 1627 2286 eo
1662 2252 1836 2296 ageret.

213 2316 348 2356 Hunc
377 2316 439 2356 ita
469 2316 672 2356 ferocem
705 2317 859 2356 animo
894 2316 1040 2356 movit
1069 2316 1216 2367 Deus,
1248 2328 1366 2356 unus
1401 2316 1569 2356 author
1598 2322 1839 2368 motorque

212 2387 444 2437 cordium,
478 2387 601 2426 circa
636 2387 816 2426 initium
846 2387 1233 2438 quadragesimae
1262 2393 1311 2427 ut
1341 2387 1502 2427 lubens
1530 2387 1839 2438 frequensque

213 2457 273 2496 ad
306 2458 525 2508 templum
559 2463 768 2496 nostrum
803 2456 1066 2507 accederet,
1104 2457 1256 2508 ibique
1295 2469 1431 2496 sacra
1464 2457 1696 2497 interdum
1731 2457 1835 2508 duo,

215 2539 396 2578 semper
427 2533 581 2566 autem
607 2528 879 2567 concionem
906 2528 981 2567 vel
1009 2527 1274 2577 lectionem,
1307 2533 1409 2567 utra
1442 2539 1525 2578 pro
1562 2528 1738 2567 dierum
1768 2539 1837 2567 ra-

215 2598 337 2637 tione
367 2598 634 2646 haberetur,
674 2598 1008 2638 attentissimus
1049 2598 1250 2648 audiret,
1288 2599 1509 2650 lacrymis
1546 2599 1723 2638 interea
1756 2610 1839 2649 per

216 2667 311 2718 ejus
344 2679 491 2718 genas
527 2669 715 2719 copiose
750 2669 1117 2719 decurrentibus,
1156 2680 1244 2720 quo
1280 2675 1324 2709 et
1359 2669 1457 2720 ipse
1491 2679 1837 2720 nonnumquam

215 2738 434 2777 obvelare
454 2739 593 2789 pallio
615 2745 754 2789 caput
781 2739 1058 2789 cogebatur,
1082 2744 1130 2778 ut
1148 2738 1245 2790 jam
1272 2738 1568 2779 admirationi
1595 2744 1716 2778 esset
1743 2739 1836 2777 suis

214 2807 410 2858 civibus,
430 2809 560 2848 nobis
578 2820 689 2848 vero
711 2809 850 2848 etiam
871 2820 999 2859 spem
1016 2807 1205 2859 majoris
1226 2809 1403 2849 fructus
1421 2808 1620 2859 afferret,
1640 2821 1730 2860 qua
1752 2820 1835 2848 nec

270 2965 278 2983 ¹
322 2964 520 2992 Benedictus
539 2967 580 2991 Pa
590 2968 695 2993 liunus.
