1987 3260
225 195 296 230 504
730 196 955 233 LITTERAE
982 205 1335 238 QUADRJMESTREs

225 296 310 342 set,
342 297 385 331 et
412 292 501 331 nisi
528 293 614 332 hoc
642 293 735 340 fiat,
774 293 961 331 omnino
991 293 1090 332 vult
1124 304 1357 343 exponere
1384 294 1597 344 querelas
1630 294 1685 333 de
1711 295 1848 334 nobis>

226 361 350 412 apud
371 361 668 413 Episcopum,
693 363 766 402 cui
788 369 856 402 est
877 362 1134 413 familiaris,
1158 369 1200 402 et
1221 363 1267 402 in
1288 363 1415 402 curia
1443 364 1658 403 Caesaris
1685 370 1730 404 et
1759 364 1842 404 Re-

225 432 365 482 ginae
388 440 593 473 nostrae.
617 434 716 484 Ego
738 439 894 472 autem
916 434 1072 473 statim
1094 434 1260 485 scripsi
1281 434 1458 474 litteras
1480 435 1538 474 ad
1560 440 1739 485 patrem
1769 435 1843 475 Ot-

226 502 383 542 thonis
404 509 453 543 ut
474 504 512 543 si
534 503 640 555 quid
659 504 783 542 circa
800 503 941 543 filium
958 516 1092 543 suum
1111 516 1135 543 a
1152 505 1286 543 nobis
1303 505 1522 555 requirat,
1542 505 1745 545 inveniet
1761 516 1845 545 nos

224 573 271 613 in
295 574 418 613 omni
440 585 488 613 re
510 574 773 613 rationabili
799 574 1142 624 paratissimos3
1175 575 1377 624 cogebar
1405 575 1526 614 enim
1552 576 1844 615 dissimulare

224 643 270 683 id
299 644 420 695 quod
451 645 508 683 ab
545 645 621 683 illo
650 644 800 683 amico
837 645 896 684 ad
929 656 1002 684 mc
1037 644 1260 696 scriptum
1293 652 1407 685 erat.
1444 645 1520 685 Sic
1554 657 1688 697 spero
1724 646 1843 697 quod

225 715 381 754 omnia
401 714 515 754 bene
538 715 716 754 cedent.
740 714 863 754 Nihil
884 715 1061 754 interea
1078 715 1249 754 audivi.

304 784 503 824 Proinde
526 784 724 824 referam
745 784 851 835 quid
875 786 1050 825 interea
1076 786 1306 825 Dominus
1328 792 1544 836 operatus
1573 786 1645 825 sit.
1676 786 1727 825 In
1756 787 1845 837 pri-

224 855 310 894 mis
334 855 567 895 neminem
594 856 731 895 audio
760 855 1113 895 deaedificatum
1141 868 1199 895 ex
1228 857 1316 895 hac
1344 857 1614 907 captivitate
1641 868 1745 896 mea
1772 858 1846 896 vel

224 938 283 965 ex
304 925 442 965 factis
463 938 543 965 scu
564 927 700 966 dictis
721 927 908 977 nostris3
938 927 1047 977 quin
1074 927 1228 978 potius
1255 938 1414 966 omncs
1443 927 1688 967 condolent
1714 927 1847 967 nobis

223 1002 269 1035 et
299 996 529 1036 Dominus
561 997 791 1047 laudatur,
823 999 900 1048 qui
932 998 1065 1037 nobis
1092 997 1216 1037 dedit
1250 1004 1379 1037 tanta
1413 1010 1496 1048 pro
1532 1010 1580 1037 se
1614 998 1725 1049 pati,
1762 1010 1848 1038 nec

225 1067 473 1118 quisquam
503 1068 760 1118 intelligere
792 1074 943 1119 potest
971 1069 1202 1119 quomodo
1231 1068 1447 1119 possibile
1473 1068 1611 1108 fuerit
1640 1068 1757 1108 haec
1782 1068 1847 1108 ita

227 1137 512 1188 contingere.
539 1137 724 1187 Omnes,
755 1139 894 1178 etiam
922 1139 1204 1188 adversarii,
1243 1139 1398 1178 dolent
1425 1145 1468 1178 et
1497 1139 1741 1179 condolent
1768 1151 1846 1178 no-

222 1208 306 1248 bis.
331 1207 434 1259 Ipse
455 1208 627 1248 Rector
648 1221 830 1260 quoque
853 1222 879 1249 a
901 1221 949 1249 se
980 1209 1148 1261 rejicit,
1180 1209 1338 1249 dicens
1368 1222 1451 1249 suo
1475 1209 1606 1260 jussu
1632 1221 1726 1249 non
1746 1222 1847 1250 esse

223 1278 415 1318 factum.
438 1278 513 1319 Sic
535 1280 779 1331 quisquam
800 1281 934 1319 alteri
955 1280 1151 1331 imputat
1173 1286 1215 1320 et
1239 1293 1265 1320 a
1286 1292 1334 1320 se
1363 1281 1546 1331 culpam
1572 1279 1745 1331 rejicit,
1781 1281 1847 1320 sic

223 1355 272 1389 ut
293 1350 539 1400 neminem,
563 1362 711 1402 neque
731 1363 930 1402 parvum
946 1363 1094 1402 neque
1111 1362 1346 1401 magnum,
1366 1363 1512 1402 neque
1528 1351 1681 1390 virum
1697 1362 1845 1401 neque

224 1421 485 1471 mulierem,
509 1433 658 1472 neque
678 1433 894 1473 puerum,
919 1422 1043 1461 aliud
1064 1422 1249 1461 audiam
1277 1422 1447 1461 sentire
1470 1428 1548 1461 aut
1570 1422 1739 1461 dicere.

304 1491 484 1532 Deinde
505 1504 725 1532 numerus
747 1492 1064 1532 confitentium
1085 1504 1140 1532 ac
1157 1492 1215 1532 ad
1232 1504 1317 1532 nos
1334 1492 1654 1532 accedentium
1671 1492 1848 1532 interea

222 1574 320 1602 non
340 1564 489 1602 solum
510 1575 603 1602 non
624 1569 693 1603 est
715 1563 967 1603 diminutus
989 1562 1069 1602 sed
1088 1563 1337 1614 plurimum
1358 1569 1537 1613 auctus;
1560 1574 1709 1614 neque
1728 1563 1846 1613 quis-

223 1644 365 1684 quam
388 1646 414 1673 a
437 1634 569 1673 nobis
590 1634 646 1674 ob
668 1634 756 1674 ista
777 1634 985 1683 recessit,
1009 1640 1053 1674 et
1074 1634 1177 1685 plus
1204 1634 1338 1673 video
1367 1634 1411 1672 in
1439 1634 1538 1673 istis
1565 1633 1847 1684 persecutio—

227 1703 363 1743 nibus
391 1710 631 1755 operatum
655 1704 905 1744 Dominum
933 1716 1072 1755 quam
1097 1710 1194 1744 toto
1222 1710 1430 1755 tempore
1457 1716 1546 1754 quo
1573 1704 1648 1744 hic
1669 1703 1750 1744 fui.
1781 1703 1849 1744 Sit

226 1774 454 1814 Dominus
476 1775 522 1814 in
539 1775 751 1814 omnibus
769 1775 1054 1814 benedictus.
1074 1774 1149 1814 Ad
1165 1775 1281 1814 haec
1297 1774 1523 1814 Dominus
1538 1774 1685 1814 movit
1701 1775 1844 1814 corda

224 1845 432 1884 omnium
452 1845 809 1896 praecipuorum
830 1846 1214 1885 concionatorum
1235 1845 1373 1884 totius
1400 1845 1555 1896 oppidi
1581 1844 1736 1896 hujus,
1770 1846 1847 1896 qui

227 1927 404 1964 omnes,
427 1916 708 1955 unanimiter
728 1922 771 1955 et
792 1915 1058 1966 fortissime,
1080 1916 1222 1956 latine
1243 1922 1287 1955 et
1307 1916 1589 1966 germanice,
1608 1916 1789 1967 publice
1805 1921 1850 1955 et

223 1986 449 2036 privatim
470 1986 687 2025 videntur
706 1998 791 2026 nos
812 1992 1063 2037 nostraque
1084 1997 1311 2026 excusare
1332 1992 1375 2025 et
1393 1985 1639 2026 defendere
1656 1992 1699 2025 et
1716 1986 1776 2025 ad
1793 1986 1848 2025 si-

224 2056 353 2096 milia
377 2068 536 2096 omnes
557 2057 809 2106 exhortari,
834 2057 899 2097 ita
925 2063 975 2097 ut
1004 2058 1063 2097 sit
1096 2057 1227 2108 quasi
1255 2057 1530 2096 miraculum
1556 2057 1603 2096 in
1630 2057 1850 2096 cordibus

226 2127 415 2167 nostris.
438 2127 701 2179 Numquam
729 2128 850 2168 enim
873 2134 952 2168 aut
973 2128 1110 2168 valde
1132 2129 1278 2168 obiter
1308 2134 1351 2167 et
1384 2140 1491 2167 raro
1521 2129 1670 2167 solent
1697 2128 1752 2167 de
1779 2127 1851 2167 his

227 2199 365 2238 rebus
387 2199 671 2247 concionari,
695 2199 927 2249 videlicet,
951 2200 1006 2239 de
1029 2199 1242 2250 ingressu
1269 2199 1532 2249 religionis,
1563 2199 1618 2238 de
1644 2198 1851 2249 resigna-

227 2268 352 2307 tione
376 2269 447 2308 sui
468 2269 527 2309 ad
549 2270 702 2309 omnia
725 2276 768 2309 et
790 2270 848 2309 ad
871 2281 1055 2309 omnem
1076 2276 1262 2319 statum,
1283 2270 1337 2309 de
1357 2269 1593 2308 offerenda
1608 2267 1853 2319 juventute

229 2350 314 2378 sua
338 2339 537 2389 Christo,
557 2340 612 2380 de
635 2342 973 2380 auscultatione
991 2341 1049 2380 ad
1066 2341 1393 2392 inspirationes
1410 2340 1598 2379 Domini
1614 2346 1657 2379 et
1674 2351 1853 2379 earum—

231 2408 341 2449 dem
362 2411 550 2460 sequela
571 2423 663 2450 non
687 2411 956 2456 differenda,
981 2417 1025 2451 et
1046 2411 1291 2461 similibus;
1314 2411 1444 2450 novit
1464 2410 1692 2450 Dominus
1714 2421 1852 2461 quam

232 2481 441 2520 exultent
472 2481 614 2521 corda
644 2488 803 2521 nostra
834 2483 880 2522 in
910 2483 1023 2522 istis.
1057 2481 1123 2522 sit
1153 2481 1379 2521 Dominus
1408 2481 1454 2520 in
1485 2481 1700 2521 omnibus
1719 2481 1851 2520 bene-

233 2550 397 2590 dictus.

312 2621 418 2661 Istis
439 2633 621 2672 quoque
645 2622 804 2662 diebus
821 2623 915 2674 jam
937 2623 1074 2663 tertio
1095 2623 1318 2663 invitatus
1340 2623 1399 2662 ad
1425 2622 1671 2673 prandium
1704 2622 1851 2673 cujus-

234 2691 343 2730 dam
363 2703 526 2731 sacrae
547 2691 808 2743 theologiae
829 2694 1054 2733 licentiati
1075 2705 1180 2733 cum
1201 2694 1324 2733 dicto
1346 2694 1534 2733 doctore
1555 2699 1599 2732 et
1620 2693 1710 2733 alio
1730 2693 1852 2733 bono

233 2766 278 2800 et
312 2762 450 2802 docto
479 2762 685 2812 domino,
710 2763 829 2803 inter
850 2764 1185 2804 comedendum
1212 2764 1370 2803 incidit
1392 2764 1641 2814 disputatio
1662 2762 1718 2803 de
1739 2764 1852 2803 elee-

235 2842 432 2882 mosyna
453 2838 498 2872 et
518 2832 788 2873 fundatione
820 2834 1141 2884 collegiorum,
1170 2846 1255 2886 pro
1283 2834 1520 2883 studiosis,
1543 2834 1747 2885 inquam.
1781 2832 1853 2873 Ad

236 2901 359 2951 quod
380 2902 475 2941 dixi
502 2902 753 2943 Dominum
779 2904 856 2943 diu
882 2904 1167 2954 multumque
1194 2904 1475 2954 rogandum,
1508 2915 1596 2954 quo
1622 2904 1856 2954 possimus

237 2971 411 3010 habere
431 2973 718 3013 voluntatem
741 2973 963 3013 fundandi
985 2974 1157 3025 aliquid
1177 2986 1261 3024 pro
1282 2974 1384 3023 illis,
1410 2985 1514 3013 cum
1529 2985 1648 3013 unus
1664 2979 1752 3013 stet
1768 2984 1853 3024 pro
