1987 3260
254 200 300 235 4'2
317 204 325 234 ,³
791 199 1013 235 LITTERAE
1041 209 1395 241 QUADRiMEsrREs

254 296 385 335 multi
405 296 611 346 veniunt,
635 302 853 347 paratum
874 307 931 335 ex
952 295 1040 334 illis
1061 295 1173 346 ipsis
1189 295 1551 336 declamatorem
1572 296 1811 347 habemus,
1831 304 1887 336 et

253 367 373 405 sicut
394 367 535 406 latine
556 366 798 416 hactenus,
822 366 885 405 ita
906 377 1030 405 nunc
1051 365 1334 416 germanice,
1355 373 1403 406 ut
1421 366 1753 406 concionentur
1770 366 1873 406 effe-

254 437 424 485 cimus3
448 448 538 488 qua
561 437 746 487 quidem
766 436 1101 475 exercitatione
1124 448 1183 475 an
1205 437 1292 475 sibi
1313 437 1464 486 magis
1486 437 1572 487 ipsi
1592 436 1874 488 profecerint

253 519 393 558 quam
414 508 548 547 nobis
570 507 861 547 satisfaciant
883 507 1006 546 haud
1033 507 1168 546 facile
1200 507 1411 546 dixerim.
1445 507 1580 547 Certe
1608 506 1667 547 ad
1695 508 1874 546 concio-

252 578 394 617 nandi
417 589 583 617 munus
604 578 690 616 hac
714 577 894 617 ratione
923 577 1196 628 praeparari
1217 577 1448 627 videntur,
1472 583 1521 616 ut
1541 577 1580 617 si
1599 584 1800 628 pergant
1829 578 1875 617 in

253 648 340 687 hoc
369 649 594 697 instituto,
626 647 782 698 J'uvari
809 647 1008 687 fortasse
1037 659 1117 698 per
1144 647 1285 687 hosce
1314 648 1550 687 ministros
1577 648 1876 698 germanicae

252 719 430 770 possint
464 719 702 768 ecclesiae,
733 719 779 758 in
816 719 983 770 quibus
1014 719 1125 758 boni
1159 725 1202 758 et
1234 719 1311 758 fidi
1347 719 1704 758 concionatores
1739 730 1877 769 quam

250 789 452 828 maxime
498 789 836 829 desiderantur.
877 789 1106 828 Absoluta
1145 801 1285 840 porro
1326 789 1686 840 declamatione,
1737 800 1875 839 quam

250 860 367 910 dixi,
404 860 593 899 flectunt
628 860 782 899 cuncti
818 871 992 910 genua,
1031 860 1107 910 qui
1136 871 1417 909 convenere,
1451 859 1687 900 Christum
1716 871 1875 910 preca-

250 931 354 970 turi.
380 930 497 969 Tum
519 930 726 981 praelegi
754 941 972 970 curamus
994 930 1096 981 pias
1124 931 1298 981 aliquot
1327 930 1635 981 precationes,
1668 930 1727 969 ad
1758 941 1876 981 quas

249 1001 530 1052 respondent
552 1001 614 1040 illi
631 1001 852 1041 vicissim.
874 1001 989 1041 Sunt
1006 1001 1094 1041 hae
1110 1002 1404 1052 precationes
1421 1013 1504 1052 pro
1521 1012 1743 1041 successu
1758 1000 1872 1041 Con-

249 1071 341 1110 cilii
358 1071 631 1120 Tridentini,
655 1083 739 1122 pro
758 1084 873 1122 pace
890 1072 1142 1121 Ecclesiae,
1162 1084 1246 1122 pro
1262 1071 1507 1112 haeresum
1525 1072 1873 1123 exstirpatione3

250 1142 459 1181 succedit
480 1142 664 1182 demum
684 1143 872 1182 letania.
896 1141 1126 1182 Mirantur
1143 1141 1245 1193 jure
1271 1143 1477 1182 nonnulli
1499 1143 1575 1193 qui
1594 1142 1674 1182 fiat
1695 1148 1744 1182 ut
1765 1142 1873 1182 Ger-

248 1213 375 1252 mani
399 1213 734 1263 adolescentes,
760 1219 897 1264 atque
920 1213 1059 1252 etiam
1081 1213 1250 1252 artium
1276 1213 1505 1263 Magistri,
1531 1213 1589 1253 ad
1615 1212 1703 1252 hoc
1735 1213 1874 1264 pieta-

250 1283 309 1322 tis
331 1283 606 1323 exercitium
627 1284 700 1323 vel
722 1284 842 1323 ultro
864 1284 1106 1334 accedant,
1128 1284 1312 1335 quando
1335 1285 1380 1323 in
1397 1284 1580 1335 templis
1599 1295 1735 1323 orare
1752 1295 1873 1323 nunc

248 1354 342 1394 fere
364 1353 629 1405 pudendum
651 1354 847 1394 videtur.
873 1353 963 1394 Sed
989 1360 1032 1394 et
1060 1355 1106 1394 in
1137 1355 1354 1401 ecclesia,
1378 1355 1454 1394 ubi
1482 1355 1774 1405 vespertinas
1797 1354 1871 1393 de-

254 1430 446 1465 cantant
479 1425 640 1464 laudes
674 1425 883 1475 studiosi,
920 1437 1097 1465 morem
1118 1425 1330 1464 eumdem
1357 1425 1580 1476 precandi
1601 1431 1870 1476 sequuntur,

257 1502 510 1546 praeeunte
531 1507 622 1535 uno
644 1502 913 1535 nostrorum
936 1507 990 1535 ac
1013 1502 1257 1546 praesente
1288 1496 1428 1535 totius
1452 1495 1635 1545 collegii
1656 1495 1870 1535 Rectore.

247 1565 406 1617 Neque
432 1566 554 1606 istud
575 1567 723 1605 solum
745 1566 867 1617 apud
889 1566 1121 1606 studiosos
1148 1567 1514 1617 impetravimus,
1540 1578 1703 1605 verum
1731 1566 1869 1605 etiam

249 1638 461 1676 omnibus
491 1637 897 1677 concionatoribus
926 1643 974 1677 ut
1002 1638 1060 1677 ad
1087 1637 1374 1688 precandum
1401 1637 1704 1676 exhortentur
1732 1648 1869 1687 popu-

249 1709 364 1757 lum,
403 1707 503 1747 Deo
532 1707 662 1757 duce,
700 1708 1033 1758 persuasimus.
1065 1708 1210 1757 Igitur
1244 1708 1444 1758 receptis
1474 1707 1630 1746 verbis
1664 1712 1869 1755 utuntur,

248 1779 470 1829 flexisque
509 1778 728 1829 genibus,
762 1778 952 1818 Domini
991 1780 1309 1829 precationem
1347 1779 1511 1818 recitat
1551 1778 1868 1818 concionator.

248 1849 398 1888 Deum
428 1849 621 1899 quisque
653 1855 789 1899 rogat
818 1856 861 1888 et
888 1849 1163 1888 nominatim
1192 1849 1376 1900 quidem
1403 1860 1486 1899 pro
1515 1848 1737 1897 Concilio,
1768 1849 1872 1899 Epi-

247 1920 415 1970 scopis,
441 1920 740 1970 Imperatore,
765 1919 1057 1971 Principibus
1079 1926 1123 1959 et
1146 1932 1229 1971 pro
1252 1932 1366 1971 pace
1388 1920 1543 1959 etiam.
1567 1919 1728 1959 Nullus
1756 1918 1870 1958 adeo

246 1996 316 2030 est
337 1990 482 2030 festus
505 1991 624 2039 dieS,
650 1990 812 2029 concio
834 1991 980 2036 nulla,
1006 1991 1115 2041 quin
1136 1991 1343 2041 precatio
1372 1991 1549 2030 isthaec
1582 1990 1773 2030 iteretur
1793 2001 1869 2040 pu>

246 2061 376 2100 blice.
400 2060 664 2111 Numquam
681 2061 755 2100 hic
773 2073 874 2100 esse
893 2067 1195 2112 conspectum
1212 2061 1443 2101 affirmant
1459 2068 1507 2100 ut
1524 2061 1870 2100 sacratissimae

246 2132 569 2171 Eucharistiae
592 2138 937 2171 sacramentum
959 2133 1115 2183 plures
1140 2144 1277 2182 quam
1308 2132 1393 2171 hoc
1422 2132 1602 2171 Natalis
1623 2131 1795 2172 Christi
1810 2130 1869 2170 fe-

245 2209 315 2241 sto
340 2208 563 2252 peterent,
598 2202 874 2252 praesertim
900 2202 1189 2253 professores
1212 2215 1301 2242 una
1327 2214 1431 2242 cum
1451 2202 1684 2251 studiosis,
1715 2202 1791 2253 qui
1809 2213 1868 2241 no

243 2272 352 2311 stris
369 2284 392 2310 e
410 2272 623 2311 manibus
640 2284 807 2323 panem
825 2273 952 2312 illum
974 2285 1085 2312 vere
1104 2274 1351 2312 coelestem
1374 2283 1612 2323 accepere.
1636 2271 1712 2312 Sic
1730 2272 1875 2323 enim,

244 2354 384 2392 quam
406 2349 542 2382 antea
566 2343 881 2393 declaravere,
914 2343 1264 2393 comprobatam
1286 2345 1475 2383 voluere
1497 2354 1629 2382 suam
1649 2354 1761 2393 erga
1783 2355 1867 2382 nos

242 2413 629 2463 benevolentiam,
655 2414 789 2453 fidem
811 2420 854 2453 et
876 2425 1080 2453 amorem
1107 2414 1406 2464 singularem.
1437 2413 1569 2454 Unde
1599 2413 1712 2453 nihil
1732 2414 1867 2453 mira-

241 2484 392 2523 bimur
414 2484 451 2523 si
473 2490 683 2523 nostrum
706 2484 963 2523 discessum
985 2485 1234 2535 aliquando
1256 2484 1407 2524 ferant
1435 2484 1712 2534 aegerrime,
1745 2484 1864 2534 quod

240 2554 440 2593 retinere
461 2565 546 2592 nos
568 2566 624 2593 ex
647 2554 799 2593 animo
819 2554 1006 2605 cupiant
1027 2555 1248 2594 universi.

322 2624 631 2663 Germanicae
654 2624 903 2663 conciones
927 2636 1071 2675 meae,
1100 2636 1215 2675 quas
1235 2625 1366 2665 festis
1393 2626 1553 2665 diebus
1576 2625 1867 2664 continenter

240 2705 515 2746 prosequor,
540 2706 633 2734 non
655 2695 804 2734 solum
831 2707 955 2734 nunc
987 2696 1309 2746 intelliguntur
1340 2697 1506 2746 magis,
1537 2707 1700 2735 verum
1727 2695 1863 2735 etiam

239 2772 282 2803 et
318 2765 575 2815 probantur
604 2777 658 2804 eo
688 2765 956 2816 studiosius,
987 2765 1108 2816 quod
1143 2778 1393 2806 numeroso
1427 2778 1608 2818 semper
1635 2765 1865 2806 auditorio

239 2835 538 2885 decorentur,
563 2841 610 2875 ut
632 2836 818 2886 plenum
848 2836 1008 2876 videre
1036 2838 1256 2887 templum
1283 2838 1435 2886 liceat,
1467 2837 1552 2877 etsi
1581 2837 1628 2876 in
1656 2842 1862 2876 extrema

240 2906 444 2945 civitatis
462 2912 595 2956 parte
618 2906 770 2956 situm,
791 2912 834 2945 et
858 2907 981 2957 quod
1000 2906 1194 2946 adeatur
1211 2908 1297 2947 hoc
1315 2908 1616 2958 frigidissimo
1638 2913 1859 2956 tempore,

238 2976 360 3026 quod
383 2977 449 3015 eis
470 2988 562 3015 non
584 2988 747 3027 parum
772 2977 1117 3017 incommodum
1138 2979 1345 3028 videtur,
1370 2978 1646 3030 praesertim
1668 2988 1773 3017 cum
1789 2975 1863 3014 die
