1987 3260
275 151 344 188 240
780 152 1005 189 LITTERAE
1032 163 1387 195 QUADRIMESTRES

276 248 462 298 quidem
482 248 816 298 praelegantur
838 247 975 287 iidem
996 248 1238 299 authores,
1263 260 1377 299 quos
1398 249 1558 299 etiam,
1582 255 1631 289 ut
1653 255 1760 289 ante
1781 250 1895 299 dixi,

273 330 330 358 ne
359 319 450 358 huc
476 318 771 369 invehantur,
808 318 1093 368 curabimus,
1131 319 1350 359 adiuncta
1373 319 1531 370 simul,
1560 325 1610 359 ut
1631 331 1890 371 speramus,

274 388 364 428 fida
387 389 697 440 inquisitione.

353 459 548 510 Quarto,
588 470 691 499 cum
727 460 773 499 in
804 460 1000 510 collegio
1040 460 1223 511 publico
1258 461 1571 501 studiosorum
1608 473 1702 501 non
1742 467 1897 501 essent

275 530 602 581 ieiunationes,
640 542 756 581 quas
791 530 1069 581 praescribit
1099 529 1187 570 Sfia
1227 539 1375 570 mater
1401 531 1635 581 Ecclesia3
1667 537 1712 571 et
1739 536 1898 583 aperte

276 612 540 652 magnoque
561 611 665 640 cum
693 600 915 640 scandalo
945 601 1247 651 violarentur,
1279 613 1333 640 eo
1360 613 1459 641 rem
1483 602 1617 642 brevi
1648 602 1899 642 adductum

274 672 331 711 iri
369 682 634 722 speramUS,
673 676 721 711 ut
755 671 875 711 sicut
903 671 1133 723 quaedam
1165 671 1211 711 in
1246 671 1336 711 hac
1361 678 1494 722 parte
1529 672 1622 711 iam
1656 672 1898 712 immutata

276 747 404 792 sunt,
429 742 493 781 ita
514 741 665 792 magis
687 741 929 792 magisque
960 742 1006 781 in
1035 742 1134 781 dies
1162 741 1236 781 hic
1269 741 1547 782 reformetur
1575 742 1761 794 abusus,
1793 742 1901 794 quia

277 818 399 852 totus
421 818 489 852 est
510 818 668 852 noster
690 812 813 851 illius
833 823 1025 863 praeses
1046 812 1258 863 Collegii.

358 882 445 933 Qui
473 882 791 922 confessiones
819 883 1154 934 poenitentium
1181 883 1374 922 audiunt
1404 883 1481 933 (de
1502 883 1707 922 omnium
1727 883 1901 934 praeci—

273 953 375 1004 puis
397 954 590 1004 loquor),
613 965 737 993 nunc
761 953 954 994 consilio
975 959 1151 1003 nostro,
1175 959 1219 993 et
1236 965 1378 1005 opera
1399 953 1453 993 R.
1479 953 1527 993 Ρ.
1548 953 1742 1005 Claudii,
1762 953 1900 993 facul-

274 1029 417 1064 tatem
440 1024 768 1074 impetrarunt,
795 1035 886 1075 qua
905 1025 1299 1074 periculosissime
1321 1024 1528 1064 destituti
1547 1024 1733 1064 fuerunt
1748 1024 1902 1063 hacte-

274 1106 375 1144 nus,
400 1095 447 1134 in
469 1106 581 1134 casu
604 1095 676 1144 (ut
698 1094 893 1145 vocant)
927 1094 1136 1135 haeresis
1157 1095 1485 1135 absolvendae.
1516 1094 1789 1145 Complures
1817 1095 1899 1135 Ec-

276 1165 522 1205 clesiastici
561 1165 774 1205 homines
809 1165 924 1205 nihil
958 1165 1213 1205 recitarunt
1252 1166 1307 1205 de
1342 1166 1469 1205 horis
1504 1165 1766 1206 Canonicis.
1808 1164 1901 1205 Eos

277 1247 470 1287 pensum
492 1236 582 1275 hoc
608 1236 850 1276 nobiscum
880 1237 1148 1287 persolvere
1176 1237 1461 1287 curavimus,
1487 1242 1536 1276 ut
1561 1236 1790 1276 recitandi
1808 1246 1901 1275 mo-

283 1319 378 1347 rem
403 1307 710 1358 addiscerent,
735 1312 779 1347 et
800 1307 909 1358 quia
925 1307 1154 1347 Breviarii
1173 1307 1283 1347 novi
1304 1307 1503 1347 Romani
1527 1306 1537 1325 ¹
1559 1319 1670 1347 usus
1700 1306 1902 1347 maxime

279 1378 511 1428 placebat,
531 1378 885 1429 impetravimus
902 1378 1005 1428 illis,
1025 1378 1147 1429 quod
1163 1378 1397 1429 petebant,
1420 1390 1446 1418 a
1463 1377 1574 1417 R.1110
1590 1378 1769 1428 Legato
1785 1377 1900 1417 Pon-

277 1448 427 1487 tificis.
453 1448 612 1499 Itaque
633 1454 835 1499 pergunt
858 1448 1062 1499 quotidie
1083 1449 1130 1488 in
1150 1448 1403 1488 recitandis
1424 1448 1551 1488 horis
1573 1447 1825 1498 canonicis,
1859 1453 1902 1487 et

282 1519 479 1559 vestitus
500 1520 640 1559 etiam
662 1520 955 1559 honestatem
978 1520 1239 1559 ostendunt.

357 1591 594 1630 Exercitia
615 1591 808 1642 primae,
829 1597 879 1630 ut
901 1601 1139 1640 vocamus,
1159 1590 1491 1642 hebdomadae,
1512 1590 1575 1630 illi
1592 1590 1901 1630 communica-

282 1661 429 1700 vimus
451 1672 509 1700 ex
530 1667 684 1711 parte,
709 1662 787 1712 qui
808 1661 1008 1712 primum
1029 1661 1076 1700 in
1097 1660 1186 1701 hac
1207 1661 1465 1701 Academia
1485 1662 1638 1701 locum
1659 1667 1816 1700 tenere
1837 1660 1900 1699 vi-

278 1732 425 1781 detur,
451 1732 526 1780 (et)
548 1731 863 1771 universalem
883 1732 1008 1771 vitae
1029 1731 1170 1771 totius
1192 1731 1389 1771 instituit
1417 1731 1755 1771 confessionem
1810 1743 1902 1771 non

280 1803 377 1841 sine
399 1813 570 1852 magno
593 1802 736 1841 animi
758 1802 828 1842 sui
850 1814 1061 1842 moerore
1083 1814 1138 1842 ac
1159 1802 1287 1853 fietu,
1311 1803 1596 1854 consilioque
1622 1808 1666 1842 et
1686 1802 1902 1853 magiste-

277 1873 346 1913 rio
368 1879 527 1912 nostro
549 1884 674 1923 usus,
699 1873 745 1912 in
773 1873 944 1924 templo
979 1878 1139 1913 nostro
1160 1873 1414 1913 celebravit
1435 1873 1681 1924 primitiaS,
1702 1878 1900 1913 contem-

278 1949 356 1994 pta
378 1944 503 1983 omni
529 1955 712 1995 pompa.

358 2014 530 2054 Multae
570 2014 654 2054 fuit
694 2015 1005 2055 aedificationi
1043 2016 1254 2066 plurimis
1299 2015 1422 2067 quod
1460 2015 1900 2055 communicantium

280 2085 606 2125 Eucharistiae
642 2085 826 2125 adesset
860 2092 971 2125 tunc
1006 2086 1286 2137 frequentia,
1323 2087 1473 2137 qualis
1507 2086 1563 2126 ab
1599 2086 1729 2125 initio
1764 2085 1900 2126 huius

281 2156 563 2196 Academiae
584 2156 743 2196 nescio
765 2156 804 2196 si
825 2162 1076 2208 conspecta
1097 2168 1151 2196 eo
1172 2158 1278 2198 loco
1299 2157 1451 2197 fuerit.
1477 2156 1628 2198 Valde
1646 2157 1778 2197 nobis
1797 2168 1898 2208 pro-

280 2227 486 2266 futurum
523 2228 567 2266 in
602 2226 803 2267 Domino
836 2227 1019 2267 videtur
1053 2228 1174 2267 illius
1199 2228 1289 2267 viri
1317 2239 1523 2268 amorem
1549 2234 1593 2268 et
1626 2228 1899 2268 benevolen-

282 2298 393 2337 tiam
413 2298 597 2348 penitus
619 2298 915 2348 conciliasse,
946 2310 1050 2338 cum
1077 2298 1212 2338 huius
1240 2299 1498 2339 authoritas
1526 2299 1648 2350 apud
1673 2310 1833 2339 omnes
1854 2299 1900 2338 in

281 2368 428 2418 pretio
450 2368 690 2408 habeatur.

361 2438 509 2478 Hodie
529 2439 662 2478 nobis
682 2439 890 2479 iniuncta
917 2445 986 2479 est
1012 2440 1276 2490 provincia,
1308 2440 1385 2480 ubi
1411 2439 1702 2491 professores
1732 2451 1898 2480 conve-

281 2509 471 2559 nissent,
494 2514 543 2548 ut
562 2520 646 2560 pro
668 2509 895 2559 religione
914 2510 1314 2550 conscriberemus
1330 2510 1481 2550 edicta
1498 2510 1740 2562 quaedam,
1759 2511 1899 2562 paulo

282 2586 384 2630 post
406 2580 616 2619 omnibus
645 2579 865 2619 studiosis
894 2580 1213 2631 proponenda.
1246 2581 1385 2620 Faxit
1412 2580 1641 2621 Dominus
1671 2580 1827 2632 Jesus,
1851 2587 1900 2621 ut

335 2714 345 2734 ¹
385 2714 433 2741 De
456 2714 518 2741 hoc
542 2714 720 2741 Breviario
743 2714 894 2741 Romano
919 2721 1004 2741 novo
1026 2716 1160 2741 consule
1188 2715 1312 2742 Cartas
1334 2716 1377 2742 de
1401 2715 1472 2742 San
1493 2715 1646 2749 Ignacc'o,
1671 2719 1694 2742 t.
1720 2723 1764 2750 lv,
1791 2716 1854 2750 Ap.
1871 2716 1899 2750 2,

282 2769 360 2795 pag.
375 2762 436 2788 498.

336 2809 349 2827 Ξ
388 2808 579 2842 Scripserat
603 2809 656 2836 hic
682 2808 847 2836 Canisius:
873 2808 1055 2844 confessus
1078 2811 1129 2836 est
1152 2811 1368 2843 generatz'm,·
1390 2810 1449 2837 sed
1472 2811 1587 2838 verbis
1610 2810 1662 2837 his
1684 2810 1773 2837 linea
1797 2809 1899 2836 ducta

284 2854 485 2888 obliteratis,
500 2860 659 2882 consueto
674 2856 769 2889 signo
785 2855 940 2889 apposito
954 2854 1119 2882 indicavit
1139 2856 1305 2883 Polancus
1321 2864 1435 2884 eorum
1454 2857 1527 2884 loco
1547 2856 1725 2883 inserenda
1741 2863 1812 2882 esse
1828 2856 1897 2882 illa:

285 2901 524 2928 universalem
541 2903 635 2929 vilae
651 2903 758 2929 totins
774 2902 931 2929 instituit
947 2901 1220 2937 confessionem,
1235 2911 1319 2937 quae
1341 2911 1441 2931 manu
1461 2904 1600 2938 propria
1615 2904 1682 2937 ipsc
1699 2903 1730 2929 in
1746 2902 1897 2936 margine

283 2948 462 2976 scribebat.
