1987 3260
881 187 964 225 AN.
996 187 1086 225 1552
1724 190 1790 226 531

171 300 297 328 crem
319 293 478 336 nacta,
510 292 553 327 et
575 287 808 326 nonnullis
828 286 1044 326 remediis
1065 286 1291 326 instructa
1322 285 1430 335 suit,
1464 287 1601 337 longe
1631 287 1796 327 melius

173 359 331 399 divina
352 369 438 409 ope
458 357 630 397 habere
661 358 833 408 coepit;
865 362 914 396 ut
944 355 1226 407 significavit
1252 355 1426 403 missis,
1460 356 1541 396 sed
1571 357 1794 406 remissis,

172 441 258 470 nec
280 429 416 469 simul
447 427 559 468 visis
586 428 791 479 quidem,
824 428 1047 479 pecuniis.
1080 427 1284 480 Juvenes
1312 439 1367 467 ac
1395 427 1575 478 puellae
1605 428 1794 479 aliquot,

175 500 346 540 coelico
379 499 581 550 primum
617 499 836 538 instinctu
864 510 919 538 ac
954 499 1127 538 salubri
1162 498 1379 549 deinceps
1416 510 1556 537 suasu
1592 498 1796 546 adducti,

175 570 487 610 monasticam
515 570 661 609 vitam
691 570 861 621 partim
891 570 1149 619 subierunt,
1173 569 1342 620 partim
1373 569 1526 609 subire
1557 581 1638 621 per
1667 581 1797 609 occa-

174 643 351 681 sionem
372 641 665 680 commodam
682 641 1004 681 decreverunt.
1024 639 1177 680 Datur
1193 651 1348 691 opera,
1369 639 1608 680 suadendo
1631 646 1674 680 et
1694 651 1797 691 pro-

175 711 396 758 curando,
430 716 478 751 ut
510 713 711 762 puellae,
743 712 798 751 de
827 712 966 751 animi
997 711 1300 763 corporisque
1324 711 1591 762 integritate
1621 711 1798 762 pericli—

174 788 347 832 tantes,
375 783 449 821 vel
478 783 773 822 monasteriis
795 794 844 822 se
865 782 1084 822 addicant
1114 783 1187 822 vel
1217 782 1262 821 in
1284 782 1487 821 familiae
1509 781 1702 832 alicujus
1724 782 1800 821 ho-

174 859 334 893 nestae
363 853 719 893 contubernium
750 853 1086 893 adsciscantur.
1121 853 1381 893 Nonnullae
1412 853 1551 893 etiam
1586 864 1644 893 ex
1678 854 1801 903 turpi

178 924 276 964 vita
298 923 343 963 in
366 924 606 974 religionis
627 925 809 975 asylum
830 935 932 963 sese
953 930 1243 975 receperunt.

255 993 466 1045 Quinque
490 1000 568 1034 aut
590 1006 686 1043 sex,
712 994 927 1034 diversae
949 995 1115 1034 aetatis
1137 1002 1180 1034 et
1209 994 1510 1045 conditionis,
1542 1006 1683 1034 verae
1713 995 1802 1045 pie-

175 1066 286 1106 tatis
306 1064 523 1115 studiosi,
549 1066 594 1105 in
616 1072 825 1105 nostram
848 1065 1047 1105 adscisci
1070 1065 1257 1105 domum
1279 1077 1328 1105 se
1358 1076 1527 1116 cupere
1551 1071 1803 1114 ostentant;

177 1136 257 1176 sed
278 1136 505 1176 hactenus
527 1136 783 1176 consultius
803 1136 956 1175 visum
985 1142 1053 1175 est
1075 1148 1203 1187 spem
1234 1137 1383 1176 solam
1411 1137 1500 1177 illis
1530 1137 1803 1186 concedere,

178 1207 325 1246 donec
354 1205 501 1257 major
530 1212 755 1257 appareat
784 1206 970 1246 divinae
998 1207 1259 1246 vocationis
1288 1207 1562 1258 futuraeque
1583 1207 1803 1247 stabilita-

180 1278 239 1317 tis
259 1276 512 1327 certitudo;
534 1283 583 1316 ut
604 1277 780 1317 factum
801 1283 869 1317 est
891 1277 947 1317 de
977 1277 1178 1317 hebraeo
1209 1278 1285 1317 illo
1313 1286 1356 1317 et
1384 1284 1515 1318 turca
1541 1277 1805 1328 juvenibus,

182 1348 413 1398 baptismo
435 1359 571 1387 sacro
592 1353 636 1387 et
657 1348 891 1388 consortio
915 1354 1076 1388 nostro
1098 1349 1296 1398 donatis,
1321 1349 1398 1400 qui
1419 1360 1501 1400 per
1524 1360 1665 1400 opera
1685 1349 1807 1388 bona

170 1425 361 1461 certam
381 1419 677 1458 vocationem
699 1424 743 1458 et
764 1419 1037 1458 electionem
1059 1430 1191 1458 suam
1214 1418 1368 1459 facere
1389 1425 1625 1469 satagunt.
1658 1419 1808 1459 Hodie

182 1501 364 1541 quoque
392 1489 634 1529 confessus
661 1496 731 1529 est
754 1488 938 1540 juvenis
964 1490 1102 1529 sortis
1127 1501 1220 1529 non
1242 1490 1446 1539 infimae,
1477 1490 1552 1541 qui
1575 1502 1679 1530 cum
1702 1497 1808 1529 ante

181 1562 329 1601 vitam
356 1560 503 1611 egerit
530 1561 780 1600 admodum
813 1560 1040 1600 lubricam
1071 1566 1208 1612 atque
1239 1561 1546 1612 deploratam,
1584 1561 1808 1612 peculiari

184 1631 398 1672 coelestis
418 1631 600 1682 gratiae
620 1632 820 1683 impulsu
842 1631 900 1671 ad
922 1643 1003 1671 cor
1032 1632 1221 1671 tandem
1250 1643 1468 1671 reversus
1497 1637 1541 1671 et
1570 1632 1810 1682 religionis

182 1709 366 1755 portum
388 1714 610 1754 quaerere
641 1703 913 1753 meditatus,
943 1703 1129 1742 omnino
1156 1702 1203 1742 in
1232 1702 1321 1742 hac
1350 1703 1578 1742 sententia
1605 1703 1809 1743 firmavit

184 1774 414 1825 animum,
447 1780 491 1814 et
519 1775 667 1814 solum
689 1779 901 1826 superest
922 1773 1149 1825 dispicere
1177 1774 1235 1813 ad
1263 1785 1399 1825 quern
1425 1774 1484 1814 sit
1511 1774 1721 1814 ordinem
1750 1785 1808 1813 ex

182 1857 410 1897 personae
431 1845 695 1885 conditione
717 1845 895 1896 Deique
916 1845 1162 1885 vocatione
1183 1845 1335 1895 magis
1356 1851 1507 1896 aptus.

262 1916 375 1956 Illud
397 1928 489 1956 non
509 1916 823 1956 transmittam
844 1916 1026 1956 silentio
1048 1915 1104 1955 de
1131 1916 1235 1955 viro
1266 1916 1469 1966 quodam
1495 1926 1682 1967 genere,
1715 1916 1806 1967 opi-

184 1988 269 2027 bus
295 1993 340 2027 et
368 1987 534 2027 litteris
568 1988 828 2038 praeclaro,
862 1987 939 2038 qui
967 1998 1073 2026 cum
1099 1986 1350 2025 haereseos
1380 1986 1553 2026 dudum
1583 1994 1703 2027 esset
1738 1999 1807 2026 su-

184 2064 386 2109 spectus,
417 2065 459 2097 et
487 2058 643 2097 multis
669 2057 765 2108 jam
793 2057 965 2108 aliquid
996 2057 1170 2096 erroris
1191 2058 1462 2107 aspersisse,
1492 2058 1810 2109 plurimosque

184 2129 440 2168 infecturus
456 2128 501 2167 in
519 2129 618 2168 dies
634 2139 735 2167 esse
751 2128 1004 2177 videretur,
1024 2140 1079 2167 ac
1096 2140 1149 2168 eo
1165 2130 1320 2179 plures
1337 2129 1459 2180 quod
1474 2135 1659 2179 praeter
1677 2129 1808 2179 alias,

184 2211 300 2251 quas
317 2199 532 2248 diximus,
552 2205 764 2249 naturae,
783 2198 1011 2245 fortunae,
1037 2198 1294 2239 industriae
1317 2199 1624 2250 conditiones,
1645 2200 1812 2251 quibus

185 2271 339 2321 gratia
366 2277 409 2310 et
438 2271 697 2310 authoritas
724 2271 865 2320 vulgo
896 2269 1031 2309 facile
1061 2277 1268 2321 paratur,
1299 2271 1491 2321 egregio
1527 2282 1707 2322 quoque
1736 2282 1811 2310 cu·

183 2341 367 2392 jusdam
388 2341 573 2393 pietatis
593 2353 705 2392 prae
727 2353 775 2380 se
792 2341 880 2381 fert
901 2341 1135 2392 specimen
1158 2347 1202 2380 et
1223 2353 1365 2392 opera
1387 2341 1629 2381 charitatis
1657 2342 1811 2380 lauda-

186 2414 338 2454 biliter
363 2419 570 2459 exercet;
598 2413 661 2462 is,
690 2413 900 2464 inquam,
931 2424 1035 2452 cum
1064 2412 1121 2451 ad
1148 2412 1196 2452 P.
1230 2412 1449 2453 Andreae
1484 2413 1734 2453 conciones
1769 2419 1814 2453 et

188 2484 417 2536 colloquia
448 2484 692 2535 aliquoties
721 2484 947 2533 venisset,
977 2483 1057 2522 sed
1085 2483 1400 2523 dissimularet
1427 2484 1726 2524 nihilominus
1749 2484 1814 2533 (et

186 2555 321 2595 facile
357 2555 506 2594 cuivis
535 2555 687 2594 minus
718 2566 879 2594 eorum
909 2553 1304 2594 conflictationum
1339 2561 1533 2606 experto
1567 2554 1814 2606 persuade-

189 2628 281 2673 ret)
313 2638 361 2666 se
389 2627 486 2677 ipse
507 2627 644 2677 plane
671 2625 971 2674 catholicum,
1007 2625 1194 2664 tandem
1223 2624 1270 2664 in
1299 2625 1484 2676 privato
1519 2625 1717 2677 quodam
1749 2637 1815 2665 se-

189 2708 339 2748 cessu,
362 2697 422 2737 ad
444 2697 489 2737 id
510 2697 565 2737 de
581 2697 807 2736 industria
830 2696 1122 2747 praestituto,
1147 2707 1228 2746 per
1250 2696 1477 2745 subtilem,
1503 2708 1643 2747 quam
1661 2696 1816 2736 Domi-

189 2779 276 2808 nus
311 2768 434 2808 dicto
468 2767 597 2808 Patri
631 2767 887 2818 suggessit,
925 2766 1180 2817 ancipitum
1209 2766 1329 2806 illius
1364 2767 1615 2807 verborum
1643 2767 1815 2807 discus-

191 2839 368 2878 sionem
402 2845 446 2878 et
474 2837 707 2890 placidam
742 2837 1099 2889 disputationem
1134 2848 1187 2876 eo
1221 2842 1485 2888 pertractus
1513 2844 1602 2887 est,
1634 2844 1682 2878 ut
1709 2838 1818 2889 quid

190 2915 338 2959 recte,
362 2909 471 2960 quid
491 2909 602 2949 item
624 2910 756 2949 aliter
780 2908 990 2958 sentiret,
1016 2908 1140 2948 velut
1170 2908 1439 2958 imprudens
1470 2909 1632 2959 suique
1663 2909 1816 2949 imme-

191 2991 305 3027 mor,
331 2980 608 3033 prodiderit,
634 2986 700 3030 et,
725 2981 879 3030 palam
901 2979 1164 3029 convietus,
1197 2979 1365 3019 detecti
1392 2980 1562 3019 ulceris
1593 2980 1821 3020 medelam
