1987 3260
220 142 289 178 (508
727 140 952 177 LITTERAE
978 150 1335 183 QUADRIMESTRES

221 236 423 275 breviori
444 247 581 287 quam
599 247 682 286 pro
700 235 924 285 dignitate
940 246 1148 281 numero,
1169 234 1396 275 Doctores
1417 235 1700 285 gravissimi,
1725 234 1840 286 ejus-

221 307 325 346 dem
353 307 461 346 item
492 305 823 345 Universitatis
858 304 1161 355 cathedrarii,
1192 305 1270 356 qui
1297 317 1480 355 omnes,
1509 311 1558 345 ut
1580 305 1667 345 Dei
1699 306 1841 345 omni-

220 377 420 427 potentis
464 375 858 426 magnificentiam
902 375 1169 424 laudemus,
1218 387 1359 427 supra
1400 376 1525 415 Vires
1579 377 1844 416 exultantes

221 448 523 497 admirantur,
561 453 700 497 atque
738 446 850 486 satis
885 452 1147 497 agnoscunt
1182 452 1356 497 quanto
1391 445 1569 497 majora
1596 447 1642 487 in
1676 448 1844 499 seipsis

220 518 370 567 magis
403 529 458 556 ac
493 517 644 567 magis
677 517 723 556 in
758 517 857 556 dies
892 522 1107 568 operetur
1137 517 1380 557 Dominus.
1417 516 1550 557 Unde
1577 518 1719 569 vulgo
1745 517 1841 569 jam

221 588 311 628 dici
333 588 447 627 solet
467 588 609 639 quod,
634 587 769 627 simul
790 593 928 638 atque
950 588 1066 628 haec
1087 595 1250 627 nostra
1276 587 1463 627 Domini
1492 588 1602 641 Jesu
1629 587 1845 630 Societas

220 659 308 698 huc
329 670 378 697 se
400 657 592 697 contulit
618 664 661 697 et
694 658 740 698 in
767 658 1155 698 scholasticorum
1182 658 1499 698 familiaritate
1530 660 1713 699 versari
1742 672 1839 700 coe-

220 729 304 779 pit,
329 734 425 768 tota
446 739 607 768 eorum
626 729 911 768 universitas
932 728 1313 769 reformationem
1329 730 1432 769 visa
1456 735 1525 769 est
1548 730 1633 769 sibi
1655 741 1841 782 compa—

220 811 363 839 rasse.
401 799 535 849 Quod
571 799 616 838 in
651 810 705 838 eo
734 799 953 839 nimirum
988 799 1189 839 maxime
1223 800 1419 849 relucet,
1456 800 1578 851 quod
1614 799 1843 841 diabolica

221 870 449 921 quaedam
479 869 578 909 sine
614 868 795 909 delectu
817 868 1004 920 jurandi
1032 870 1333 918 consuetudo,
1364 882 1481 922 quae
1510 871 1716 911 omnium
1747 871 1845 911 fere

222 941 400 980 animos
422 940 807 979 scholasticorum
837 940 1076 980 invaserat
1103 947 1145 980 et
1176 941 1449 991 infestabat,
1480 942 1651 981 abolita
1674 941 1771 993 jam
1800 948 1845 982 et

220 1010 426 1050 funditus
446 1011 595 1050 ruisse
616 1011 846 1050 videatur.
885 1011 971 1051 Cui
1004 1017 1134 1051 tanto
1162 1012 1322 1051 morbo
1344 1012 1456 1051 nihil
1479 1018 1665 1062 praeter
1692 1012 1845 1052 Deum

221 1081 396 1120 mederi
416 1092 552 1131 posse
575 1081 746 1132 optime
776 1081 917 1121 noris.

301 1151 416 1191 Sunt
437 1152 625 1202 insuper
646 1152 723 1191 alli
744 1163 837 1191 non
860 1153 1009 1202 pauci,
1034 1152 1159 1192 haud
1181 1152 1364 1193 infimae
1382 1154 1534 1203 sortis,
1559 1154 1636 1205 qui
1655 1160 1846 1194 nostrae

222 1223 610 1262 exercitationum
644 1223 881 1262 solitudini
916 1223 1142 1263 dederunt
1177 1235 1388 1275 operam,
1426 1224 1544 1264 inter
1580 1236 1696 1276 quos
1725 1237 1846 1265 unus

221 1299 290 1333 est
312 1294 491 1343 collega
516 1294 691 1344 pariter
719 1300 762 1334 et
794 1293 1117 1334 cathedrarius
1149 1295 1363 1346 celebris,
1399 1296 1514 1335 alter
1544 1295 1845 1346 Augustinia·

221 1376 307 1403 nus
337 1364 616 1414 monachus3
654 1364 762 1404 item
792 1370 836 1404 et
866 1364 1031 1404 nobilis
1057 1365 1287 1416 quaedam
1317 1366 1550 1414 monialis,
1585 1378 1767 1406 necnon
1801 1376 1845 1406 et

221 1435 340 1474 aliae
359 1434 589 1474 foeminae
611 1435 815 1475 civitatis
836 1434 985 1486 hujus,
1010 1447 1144 1487 quae,
1167 1447 1339 1487 genere
1360 1437 1531 1488 alioqui
1551 1443 1846 1488 praestantes

222 1512 265 1545 et
286 1505 482 1556 nobiles,
507 1505 677 1545 divinis
698 1506 934 1546 exercitiis
955 1507 1110 1546 animo
1133 1507 1500 1558 praestantiores
1526 1508 1665 1559 longe
1692 1514 1736 1548 et
1766 1520 1845 1549 no·

222 1576 413 1616 biliores
435 1576 652 1616 redactae
674 1582 794 1616 sunt.

300 1646 415 1687 Sunt
441 1653 486 1687 et
512 1647 589 1687 alii
616 1647 816 1687 Domino
844 1648 1042 1698 nobiles,
1075 1660 1273 1700 quorum
1303 1650 1433 1700 alter,
1457 1650 1534 1690 ubi
1562 1657 1724 1691 sancta
1754 1651 1843 1691 hac

223 1706 512 1757 hebdomada
533 1719 922 1760 exercitationum
949 1719 1185 1759 solitudini
1212 1720 1434 1770 incubuit,
1464 1720 1565 1760 Deo
1593 1732 1694 1761 sese
1721 1722 1843 1773 peni·

222 1794 294 1828 tus
329 1788 539 1838 tradens,
578 1794 766 1829 nostrae
800 1788 1021 1829 Societati
1050 1802 1098 1829 se
1127 1790 1362 1830 dedicavit
1389 1796 1433 1831 et
1460 1791 1690 1843 adjunxit;
1726 1793 1844 1832 alter

220 1870 348 1909 vero,
373 1859 458 1898 etsi
478 1859 524 1899 in
544 1860 783 1910 propriam
804 1859 991 1900 domum
1012 1872 1250 1911 reversus,
1276 1862 1495 1912 religiose
1520 1868 1677 1902 tamen
1696 1863 1843 1903 Vitam

221 1940 367 1980 agens
388 1936 432 1969 et
454 1930 727 1970 lectionibus
749 1930 885 1970 simul
906 1936 949 1970 et
970 1931 1171 1971 orationi
1199 1932 1385 1990 assidue
1415 1939 1569 1973 vacat.
1599 1933 1730 1974 Illum
1760 1933 1841 1974 Pa-

220 2005 289 2040 ter
323 2000 500 2040 Doctor
530 1999 539 2019 ¹
568 2001 692 2041 misit
720 2000 951 2041 Onnatem
979 2007 1050 2052 ut,
1085 2001 1193 2042 dum
1228 2003 1448 2043 molestas
1475 2009 1519 2043 et
1553 2004 1845 2055 importunas

221 2071 343 2122 apud
363 2083 448 2111 nos
477 2079 724 2123 parentum
750 2084 892 2112 voces
919 2072 1285 2124 subterfugeret,
1316 2075 1604 2115 commodius
1632 2075 1693 2115 ibi
1718 2075 1841 2115 theo—

219 2142 370 2192 logiae
400 2142 619 2182 studeret.
644 2142 758 2183 Sunt
779 2149 824 2183 et
844 2149 939 2183 tres
969 2144 1065 2194 alii,
1097 2156 1294 2195 quorum
1326 2157 1460 2195 unus,
1491 2146 1843 2196 praemeditatis

221 2212 452 2262 omnibus,
484 2213 600 2253 adeo
630 2213 761 2253 firmo
792 2220 930 2265 atque
958 2213 1156 2254 infracto
1186 2215 1339 2257 animo
1367 2215 1556 2256 effectus
1586 2222 1678 2268 est,
1712 2223 1761 2257 ut
1796 2217 1841 2256 in

221 2289 381 2323 nostra
408 2283 641 2324 Societate
675 2284 734 2324 ad
760 2283 897 2325 finem
923 2297 1068 2337 usque
1094 2286 1206 2326 velit
1232 2298 1529 2337 permanere,
1554 2287 1655 2338 qui,
1681 2288 1767 2327 etsi
1797 2288 1843 2327 in

221 2353 455 2404 theologia
478 2352 574 2404 jam
603 2355 1021 2395 bacchalaureatus
1047 2368 1237 2396 munere
1267 2357 1403 2397 datus
1437 2358 1515 2407 sit,
1546 2364 1590 2397 et
1619 2358 1843 2398 dissertus

222 2423 490 2473 admodum,
527 2436 620 2464 non
654 2430 809 2465 tamen
844 2426 942 2466 sine
973 2437 1146 2477 magna
1181 2427 1419 2467 hominum
1447 2427 1769 2468 aedificatione
1796 2428 1841 2467 in

222 2493 382 2534 officiis
402 2495 651 2534 humilibus
672 2503 937 2547 exercetur;
964 2497 1127 2548 reliqui
1147 2497 1287 2538 etiam
1309 2498 1399 2538 duo
1419 2510 1672 2549 numquam
1690 2498 1841 2538 Socie-

222 2570 364 2604 tatem
384 2565 597 2605 deserere
617 2565 946 2618 decreverunt,
971 2568 1018 2608 in
1045 2580 1243 2620 quorum
1264 2569 1409 2608 altero
1432 2569 1603 2609 bonam
1630 2569 1744 2609 satis
1765 2580 1839 2620 po-

222 2635 333 2674 teris
354 2636 657 2687 contemplari
677 2637 897 2688 indolem,
921 2644 970 2678 ut
990 2639 1087 2690 qui,
1112 2639 1198 2678 etsi
1226 2650 1254 2678 a
1280 2639 1590 2689 grammatica
1616 2639 1675 2679 ad
1702 2639 1841 2679 aliam

222 2705 491 2746 facultatem
518 2707 717 2757 gradum
750 2720 843 2748 non
876 2708 1066 2759 fecerit,
1103 2721 1324 2759 magnam
1362 2716 1517 2749 tamen
1548 2710 1618 2749 sui
1654 2710 1840 2760 promit-

223 2777 275 2815 tit
311 2788 461 2827 spem3
503 2779 618 2817 alter
653 2784 722 2818 est
755 2779 954 2829 logicus,
992 2792 1127 2831 quem
1156 2786 1199 2820 et
1226 2781 1350 2820 misit
1377 2780 1515 2820 Pater
1546 2780 1724 2820 Doctor
1750 2779 1838 2820 Me-

277 2935 284 2952 ¹
327 2934 359 2961 P.
378 2934 519 2962 Michaffl
536 2937 574 2962 dc
591 2936 726 2964 Torrcs.
