1987 3260
960 195 1039 231 ΑΝ.
1073 194 1161 231 1547
1805 195 1848 234 31

293 881 342 918 Ρ.
363 880 559 928 Elpidius
579 881 785 928 Ugoletti.

341 946 462 983 Patri
481 945 650 993 Ignatio
670 945 722 982 de
742 945 927 992 Loyola.

387 1009 591 1055 Patavio‚
615 1010 658 1048 15
677 1010 842 1057 Aprilis
864 1010 954 1047 1547
976 1011 998 1046 ¹.

295 1417 363 1457 La
383 1417 538 1468 gratia
559 1424 603 1457 et
623 1429 738 1468 pace
760 1418 805 1458 di
826 1418 1011 1458 Christo
1032 1418 1086 1458 N.
1111 1418 1279 1469 Signor
1307 1419 1377 1458 sia
1405 1430 1588 1471 sempre
1615 1420 1662 1460 in
1683 1427 1845 1461 nostro

216 1487 434 1528 continuo
458 1487 594 1528 favor
615 1495 660 1528 et
684 1489 826 1529 aiuto.

294 1559 361 1598 La
405 1560 783 1599 convalescentia
822 1560 894 1599 del
927 1559 976 1599 Ρ.
1006 1560 1131 1610 Mag.
1165 1559 1411 1600 Salmeron
1448 1565 1472 1601 e
1507 1561 1679 1602 andata
1714 1568 1845 1603 tanto

214 1629 360 1669 inanti
377 1629 477 1680 che,
495 1641 578 1682 per
594 1631 749 1681 gratia
766 1630 845 1670 d'il
862 1629 1048 1681 Signor,
1069 1631 1154 1670 Lui
1171 1635 1195 1670 e
1213 1632 1243 1670 il
1259 1637 1472 1682 portator
1493 1632 1610 1672 delle
1627 1640 1846 1684 presente

216 1713 242 1739 a
280 1699 474 1741 Venetia
509 1712 599 1740 con
626 1699 776 1751 Mgro.
806 1701 915 1741 Don
943 1700 1136 1741 Claudio
1172 1713 1254 1753 per
1290 1702 1456 1742 visitar
1492 1702 1767 1754 Monsignor
1802 1710 1847 1744 et

214 1771 437 1811 mandare
457 1773 499 1812 16
519 1778 733 1823 presente
755 1784 782 1811 a
802 1771 949 1812 Roma
971 1771 999 1811 ⁹².
1025 1772 1127 1823 Qua
1147 1772 1253 1812 tutti
1274 1772 1442 1812 stiamo
1464 1773 1579 1813 bene
1601 1785 1683 1825 per
1704 1775 1749 1814 la
1784 1775 1847 1815 di-

215 1842 324 1882 vina
345 1843 521 1893 gratia,
546 1842 762 1883 andando
789 1843 937 1882 inanti
964 1843 1075 1893 ogni
1101 1842 1267 1893 giorno
1294 1843 1325 1882 11
1353 1843 1494 1883 studii
1521 1843 1629 1883 delli
1658 1844 1844 1885 fratelli.

212 1913 387 1963 Questa
408 1913 769 1964 quadragesima
792 1915 1000 1953 anchora
1021 1925 1070 1953 se
1091 1913 1285 1954 fussimo
1308 1914 1418 1954 stati
1439 1915 1571 1954 molti
1592 1916 1844 1966 sacerdoti,

211 1996 304 2024 non
330 1984 526 2024 haveria
553 1990 771 2024 mancato
799 1985 892 2024 mai
919 1985 978 2024 da
1004 1984 1103 2024 fare
1130 1996 1212 2035 per
1239 1985 1283 2024 la
1311 1985 1490 2035 grande
1518 1987 1845 2027 concurrentia

208 2055 294 2095 che
311 2056 510 2095 havemo
527 2055 720 2106 havuto‚
738 2061 782 2095 et
796 2055 1003 2095 anchora
1022 2056 1162 2095 molte
1178 2067 1377 2106 persone
1394 2055 1626 2107 franzose,
1646 2058 1688 2097 16
1705 2058 1845 2109 quali,

211 2138 303 2166 non
330 2125 562 2166 trovando
583 2138 782 2177 persona
810 2126 894 2166 che
915 2127 942 2165 l’
967 2125 1245 2176 intendesse‚
1269 2137 1386 2166 sono
1408 2128 1569 2167 venuti
1590 2130 1668 2178 qui
1689 2128 1747 2168 da
1767 2129 1846 2168 noi

212 2205 254 2237 et
275 2197 530 2237 confessati
551 2209 639 2237 con
661 2197 691 2237 il
713 2197 762 2237 Ρ.
788 2197 896 2236 Don
918 2197 1128 2237 Claudio.

290 2268 384 2308 Ani
404 2268 557 2318 giorni
578 2268 756 2319 passati
777 2279 860 2319 per
881 2269 924 2307 la
945 2267 1071 2308 fama
1093 2268 1139 2308 di
1160 2274 1324 2319 questo
1346 2269 1520 2319 luogho
1544 2273 1568 2309 e
1590 2276 1764 2311 venuto
1783 2283 1846 2310 un

211 2339 441 2378 monacho
463 2339 689 2379 canonico
710 2339 941 2389 regolare,
967 2339 1012 2378 di
1041 2345 1228 2390 quattro
1254 2340 1422 2391 meglie
1450 2341 1641 2380 lontano
1672 2341 1731 2381 da
1763 2340 1846 2381 Pa-

212 2410 348 2459 dova.
373 2412 450 2461 qui
471 2409 530 2449 da
550 2409 641 2459 noi,
666 2415 709 2449 et
731 2410 926 2449 essendo
955 2410 1175 2461 alquanto
1207 2410 1381 2461 sviato,
1412 2411 1457 2450 io
1486 2411 1516 2450 11
1544 2411 1657 2451 detti
1690 2413 1847 2452 alcuni

211 2481 340 2531 punti
361 2492 443 2532 per
463 2480 562 2520 fare
582 2481 627 2520 la
649 2480 940 2520 confessione
961 2482 1181 2530 generale
1200 2487 1244 2521 et
1261 2480 1408 2532 hoggi
1424 2493 1506 2533 per
1523 2483 1567 2521 la
1588 2484 1744 2534 gratia
1767 2483 1848 2523 d’ss

264 2665 273 2685 ¹
314 2665 401 2692 Tota
417 2664 633 2698 autographa
649 2664 682 2691 in
698 2663 754 2690 sol.
770 2671 801 2690 n.
816 2663 878 2690 316.
895 2663 1013 2690 Manus
1028 2667 1079 2690 est
1095 2663 1188 2690 Petri
1205 2664 1243 2690 de
1259 2663 1505 2697 Rivadoneira.
1531 2666 1585 2700 qui
1608 2666 1670 2692 hoc
1693 2670 1844 2700 tempore

207 2712 326 2740 studiis
343 2712 476 2739 Patavii
494 2712 721 2744 incumbebat;
739 2711 797 2738 sed
811 2711 918 2737 verba
934 2711 1002 2738 illa:
1019 2710 1052 2737 Il
1067 2713 1184 2738 vestro
1203 2712 1238 2738 in
1256 2711 1501 2747 Xpofiglz'uolo
1517 2713 1789 2746 indignissimo,
1805 2714 1846 2740 do

208 2759 368 2793 Elpidz'o,
383 2763 460 2786 sunt
478 2766 577 2786 manu
595 2758 713 2785 Patris
729 2758 896 2792 Ugoletti.

261 2807 274 2826 ‘-'
312 2806 432 2834 Patres
447 2806 642 2841 Alphonsus
663 2805 842 2833 Salmeron
858 2809 890 2832 et
907 2805 1070 2833 Claudius
1085 2806 1190 2842 Jayus
1206 2813 1279 2833 cum
1296 2806 1398 2833 Patre
1415 2806 1540 2840 Jacobo
1555 2806 1692 2842 Laynez
1708 2812 1842 2842 expete-

207 2855 329 2881 bantur
344 2854 530 2881 Bononiam
545 2861 565 2880 a
582 2853 723 2881 Concilii
741 2853 970 2887 praesidibus,
987 2853 1161 2881 Pontificis
1177 2853 1329 2887 Legatis.
1345 2854 1539 2888 Antequam
1555 2855 1633 2882 111116
1650 2863 1684 2882 se
1698 2855 1843 2882 Patavi)

207 2901 399 2927 conferrent
414 2900 592 2928 Salmeron
608 2905 640 2927 et
656 2900 763 2936 Jayus
787 2900 937 2936 (Laynez
962 2908 1037 2928 cum
1061 2901 1198 2928 Canisio
1223 2905 1319 2928 reeta
1343 2902 1435 2935 prius
1461 2901 1648 2929 Bononiam
1670 2903 1843 2936 perrexit„

207 2948 361 2975 Venetiis
376 2949 558 2975 substitere
574 2953 610 2975 ut
626 2949 814 2975 inviserent
829 2949 1003 2976 Andream
1024 2948 1259 2983 Lipomanum.
1287 2956 1384 2982 quem
1408 2949 1471 2976 hoc
1489 2950 1620 2977 nomine
1638 2950 1845 2984 Monsigmr

208 2996 300 3023 della
322 2995 462 3022 Tm'm'ta
480 2996 704 3023 communiter
720 3003 834 3022 omnes
849 2997 1081 3030 appellabant.
