1987 3260
220 164 290 197 300
724 161 948 198 Ll'sTERAE
982 172 1337 204 QUADRnuEsi'REs

220 260 295 308 lct3
319 259 531 309 quodque
553 258 704 307 magis
724 257 891 296 mirum
908 263 992 307 est,
1012 257 1176 297 unicus
1194 258 1284 297 illis
1304 264 1418 308 erat,
1439 264 1483 298 et
1499 264 1681 308 tempus
1697 258 1846 309 profe-

223 329 390 369 ctionis
426 329 473 368 in
515 339 711 379 regnum
752 334 846 367 tam
886 334 1137 378 remotum,
1174 334 1363 379 propter
1409 336 1589 369 aestum
1640 329 1847 369 validum

222 400 394 439 mensis
412 399 539 452 Julii,
563 409 727 450 parum
750 404 1075 449 opportunum.
1106 398 1293 438 Accidit
1314 406 1470 439 autem
1497 406 1546 439 ut
1574 411 1679 439 cum
1708 399 1846 439 matri
1893 442 1906 447 Α,
1938 450 1940 453 v

221 481 333 509 suae
359 471 658 523 valediceret,
680 470 893 510 omnibus
915 470 1143 520 flentibus,
1168 481 1282 520 puer
1303 481 1467 509 serena
1486 470 1637 510 fronte
1659 476 1704 510 et
1725 470 1847 510 laeta

223 536 503 593 discederetss
541 549 584 582 et
619 554 724 582 cum
757 548 907 582 mater
940 541 1059 581 inter
1081 540 1238 580 fletum
1259 540 1467 580 subirata
1495 541 1537 580 ei
1565 541 1758 581 diceret:
1786 541 1848 580 “0

223 621 332 651 caro
361 612 486 652 Caim
510 613 546 652 ¹!
562 619 698 664 putas
719 624 791 652 me
806 624 899 652 non
915 623 1016 652 esse
1033 617 1229 651 matrem
1245 617 1387 661 tuam,
1412 611 1491 662 qui
1506 616 1601 650 tam
1618 611 1732 651 duro
1750 624 1847 651 cor-

223 682 278 721 de
300 694 327 722 a
349 695 421 723 me
443 684 685 723 discedere
705 684 886 734 potes?„
910 682 1166 734 Respondit
1187 693 1302 732 puer
1332 681 1570 721 discedere
1599 693 1647 721 se
1674 687 1724 721 ut
1749 681 1848 722 Deo

221 753 471 803 perfectius
498 754 770 804 inserviret3
804 754 912 805 quid
940 764 1052 804 ergo
1081 764 1251 792 causae
1279 757 1401 792 esset
1438 752 1684 803 quominus
1711 752 1848 792 hilari

223 830 344 863 esset
366 825 548 864 animo?
571 825 696 864 ldem
718 831 873 864 autem
894 824 1088 863 veniens
1110 823 1298 863 domum
1320 829 1552 873 nostram,
1577 830 1621 862 et
1643 834 1669 862 a
1697 823 1847 863 fratri-

224 895 306 934 bus
328 895 646 946 spiritualibus
667 896 926 945 discedens,
951 894 1148 934 ubertim
1170 894 1322 944 flevit,
1346 899 1395 933 ut
1416 900 1512 933 tam
1533 894 1588 933 de
1610 899 1748 933 exuto
1769 894 1846 933 hu-

222 976 359 1004 mano
384 965 554 1006 affectu
576 978 715 1017 quam
739 967 793 1006 de
822 966 1051 1017 spirituali
1066 965 1225 1005 induto
1247 976 1406 1004 omnes
1428 965 1473 1004 in
1496 964 1849 1004 admirationem

223 1036 518 1076 converterit.

301 1105 371 1145 De
389 1107 466 1146 via
487 1108 773 1159 scripserunt
795 1107 915 1158 quod
936 1108 1052 1147 bene
1073 1113 1117 1146 et
1138 1107 1333 1146 feliciter
1350 1107 1434 1146 iter
1459 1106 1695 1146 succedat.
1720 1106 1850 1145 Haec

221 1184 376 1220 tamen
397 1179 567 1219 civitas
588 1190 759 1229 magna
783 1178 1101 1218 consolatione
1123 1183 1166 1217 et
1187 1177 1416 1229 spirituali
1437 1177 1635 1216 utilitate
1656 1187 1737 1227 per
1754 1176 1852 1216 Ma-

220 1252 356 1299 gistri
376 1251 569 1291 Mironis
590 1250 845 1289 discessum
867 1249 1053 1300 privata
1074 1254 1157 1288 est.
1183 1247 1350 1288 Omnia
1372 1254 1548 1295 tamen,
1577 1259 1695 1298 quae
1723 1247 1851 1287 Deus

222 1323 443 1373 disponit,
466 1322 657 1361 meliora
680 1321 1015 1360 existimamus.

301 1394 558 1444 Coeperam
580 1403 666 1442 ego
689 1392 950 1432 doctrinam
978 1392 1284 1431 christianam
1311 1391 1545 1442 explicare
1576 1397 1620 1430 et
1647 1391 1848 1442 quinque

221 1466 295 1503 rel
322 1476 404 1504 sex
430 1464 653 1504 lectiones
679 1464 1024 1514 praelegeram3
1053 1462 1134 1502 sed
1165 1468 1295 1502 tanta
1325 1462 1585 1502 confluebat
1612 1461 1850 1501 hominum

223 1534 465 1575 multitudo
486 1540 535 1574 ut
566 1535 723 1574 vetula
745 1533 973 1584 quaedam
995 1545 1052 1572 ex
1073 1533 1394 1584 oppressione,
1425 1544 1564 1583 quam
1594 1544 1734 1583 passa
1763 1538 1846 1581 est,

222 1612 383 1656 postea
398 1612 582 1645 mortua
599 1605 752 1654 fuerit,
771 1604 863 1644 alia
881 1615 994 1643 vero
1011 1604 1278 1643 exanimata
1296 1603 1645 1654 aliquantisper,
1666 1608 1710 1642 et
1730 1602 1849 1642 duae

223 1676 281 1715 ad
302 1676 514 1715 abortum
535 1676 816 1726 compulsae.
840 1674 950 1714 Inde
976 1674 1129 1713 visum
1159 1680 1228 1714 est
1257 1673 1412 1713 multis
1439 1685 1522 1725 per
1548 1679 1695 1713 totum
1727 1673 1849 1712 hunc

221 1759 427 1787 mensem
447 1746 647 1797 Augusti
674 1746 897 1785 lectiones
928 1745 1300 1785 inter-mittendas
1328 1751 1372 1784 et
1399 1745 1484 1784 sub
1513 1744 1650 1784 finem
1677 1744 1849 1783 mensis

222 1818 539 1863 resumendas.

283 1953 293 1972 ¹
333 1952 386 1980 Ita
401 1952 456 1979 hic
471 1959 572 1979 manu
586 1952 724 1986 propria
743 1952 918 1985 Polancus,
934 1952 988 1986 qui
1009 1951 1042 1978 in
1059 1951 1193 1983 chron„
1216 1952 1236 1978 1.
1259 1958 1302 1985 c.,
1326 1951 1522 1985 scripserat:
1548 1960 1564 1978 o
1585 1958 1666 1978 caro
1689 1951 1779 1978 cain.
1806 1950 1850 1977 Et

225 2008 342 2027 sensus
356 2000 410 2027 hic
427 2007 497 2026 esse
513 1999 660 2026 videtur:
676 2007 692 2025 0
710 2002 756 2031 ιιι,
772 1999 832 2032 qui
853 2000 1021 2025 naturam
1047 1999 1080 2025 et
1104 1998 1255 2025 indolem
1280 1997 1409 2025 habere
1433 1999 1568 2026 videris
1593 2006 1658 2024 non
1683 1998 1766 2025 Abel
1789 1998 1851 2024 scd

226 2047 331 2076 Cain!
