1987 3260
202 220 271 257 434
710 220 934 257 LITTERAE
960 232 1313 264 QUADRIMESTRES

279 315 428 366 Rogo,
457 314 596 356 Pater
625 316 695 366 R.,
725 322 773 355 ut
801 327 939 367 super
966 315 1065 356 istis
1093 328 1197 356 cum
1217 318 1430 367 proximo
1452 324 1586 369 posta
1608 319 1817 358 mittatur

200 386 312 425 mihi
341 391 470 426 recta
499 387 720 426 resolutio
749 397 854 426 cum
881 386 1216 437 approbatione
1243 386 1288 427 S.
1316 387 1366 427 P.
1389 388 1443 428 N.
1466 388 1702 428 Pontificis
1722 389 1816 428 Ma-

200 457 331 506 ximi,
368 458 443 496 vel
477 458 516 497 si
545 463 640 497 tam
667 458 757 496 cito
785 457 995 508 expediri
1020 463 1239 509 nequeat,
1271 458 1434 498 saltem
1460 458 1548 498 hoc
1577 467 1744 509 agatur
1768 465 1816 499 ut

200 526 404 577 ejusdem
427 528 723 577 authoritate,
748 533 792 567 et
813 528 970 567 curiae
992 528 1200 579 Reginae
1219 534 1422 579 nostrae,
1448 534 1491 568 et
1512 529 1816 570 Universitati

197 597 493 649 Lovaniensi,
519 604 562 638 et
584 598 733 638 cuivis
754 598 1068 649 superioritati
1088 599 1351 649 imponatur
1380 598 1633 650 silentium,
1656 611 1713 639 ne
1742 601 1817 639 vel

197 679 281 706 nos
298 666 505 718 judicent
525 669 601 708 vel
620 669 812 708 ulterius
832 668 878 708 in
899 669 986 708 hoc
1007 669 1194 719 negotio
1221 674 1458 720 pergatur.
1491 668 1595 709 Scio
1622 681 1704 720 per
1722 670 1815 710 bul—

196 739 265 777 las
286 750 371 779 nos
393 740 449 779 ab
471 739 593 779 omni
615 739 939 790 superioritate
967 739 1126 790 eximi;
1157 739 1237 779 sed
1264 740 1352 780 hoc
1379 740 1741 791 interpretantur
1770 741 1816 780 in

196 809 251 848 iis
274 821 391 860 quae
412 810 563 849 bullae
586 810 859 861 approbant;
883 810 963 850 sed
980 816 1091 850 vota
1107 811 1196 850 ista
1212 817 1256 850 et
1272 810 1542 850 emissiones
1560 817 1723 850 contra
1739 823 1816 851 vo—

194 881 419 920 luntatem
439 886 684 931 parentum
710 893 802 920 non
833 881 1168 932 approbantur,
1199 881 1339 921 immo
1368 881 1501 921 bullis
1531 882 1816 921 contrarian-

195 957 284 990 tur.
308 950 414 991 Scio
437 951 559 1002 quod
581 957 625 990 et
646 951 967 1002 interpretatio
989 952 1217 991 bullarum
1239 952 1381 991 etiam
1401 952 1646 1002 eximatur,
1671 952 1751 992 sed
1768 959 1817 992 ut

196 1021 401 1072 intelligo
423 1021 537 1061 haec
560 1028 603 1061 et
624 1022 791 1062 similia
812 1033 979 1073 parum
1001 1029 1133 1062 curat
1155 1023 1305 1073 curia,
1330 1023 1369 1062 si
1385 1023 1561 1074 Videat,
1586 1028 1634 1062 ut
1650 1022 1736 1062 sibi
1752 1023 1815 1062 vi-

196 1093 343 1142 detur,
367 1093 549 1132 illorum
570 1093 921 1143 privilegiorum
943 1104 1045 1133 esse
1073 1093 1281 1133 abusum.
1315 1093 1539 1143 Proinde,
1569 1093 1657 1133 nisi
1687 1092 1817 1133 Sum—

194 1174 295 1202 mus
315 1161 529 1202 Pontifex
549 1169 678 1202 curet
697 1175 780 1214 per
799 1163 977 1203 litteras
998 1175 1107 1203 suas
1129 1170 1208 1204 aut
1226 1176 1359 1204 suum
1377 1165 1605 1214 Legatum
1626 1163 1813 1203 easdem

193 1233 326 1272 nobis
347 1233 540 1273 concedi
562 1233 618 1272 ab
639 1233 937 1284 Imperatore,
962 1241 1005 1273 et
1026 1234 1281 1285 Imperator
1304 1233 1513 1285 injungat
1534 1240 1723 1274 nostrae
1741 1247 1815 1274 cu-

192 1304 290 1343 riae
310 1304 601 1344 Bruxellensi
621 1315 702 1343 seu
723 1305 899 1344 sororis
919 1316 1045 1355 suae,
1067 1312 1110 1345 et
1127 1305 1248 1345 idem
1266 1311 1376 1356 agat
1394 1306 1515 1357 apud
1532 1305 1813 1356 Episcopum

193 1380 403 1414 nostrum
432 1374 752 1425 Leodiensem,
788 1382 831 1415 et
866 1375 1232 1416 Universitatem
1267 1376 1622 1426 Lovaniensem,
1662 1382 1706 1415 et
1738 1388 1811 1427 op-

191 1445 348 1496 pidum
369 1445 677 1496 Lovaniense,
700 1446 835 1486 simul
857 1458 962 1486 cum
981 1446 1202 1486 facultate
1220 1446 1486 1486 exstruendi
1504 1447 1750 1497 collegium
1769 1453 1812 1486 et

192 1515 348 1555 utendi
360 1516 617 1567 privilegiis
633 1517 845 1567 personis
862 1517 1193 1557 ecclesiasticis
1215 1517 1365 1568 quoad
1386 1517 1607 1556 accisiam
1622 1516 1650 1567 ²,
1670 1523 1718 1557 ut
1736 1528 1814 1556 vo—

191 1593 314 1636 cant,
339 1593 382 1626 et
403 1587 576 1627 tributa
598 1593 641 1627 et
663 1588 754 1626 alia
775 1587 1050 1639 temporalia
1073 1588 1264 1627 concedi
1287 1588 1455 1638 solitis,
1479 1588 1583 1634 nisi,
1608 1588 1811 1638 inquam,

190 1658 277 1696 hoc
298 1657 391 1708 fiat,
415 1658 567 1708 video,
592 1658 715 1709 quod
736 1658 868 1708 absit,
893 1669 978 1698 nos
1000 1670 1160 1698 omnes
1177 1659 1307 1698 brevi
1323 1659 1429 1698 hinc
1447 1659 1746 1709 expellendos
1769 1666 1812 1699 et

191 1728 345 1767 omnia
367 1734 527 1767 nostra
549 1741 575 1768 a
597 1728 708 1768 fisco
730 1729 1014 1779 abripienda.
1034 1729 1327 1769 Incredibilia
1344 1728 1558 1769 fortassis
1576 1735 1681 1769 sunt
1698 1729 1813 1768 haec

191 1804 234 1837 et
256 1798 431 1838 utinam
450 1810 533 1838 nec
557 1799 831 1849 contingant
846 1811 931 1839 nec
949 1800 1213 1839 credantur.
1233 1799 1336 1839 Non
1354 1799 1476 1850 quod
1494 1799 1812 1850 expulsionem

191 1869 307 1908 tanti
328 1869 520 1919 faciam,
545 1870 684 1909 immo
707 1869 961 1920 gauderem
983 1882 1041 1909 ex
1062 1876 1194 1921 parte
1217 1877 1260 1910 et
1277 1882 1361 1921 pro
1378 1881 1550 1920 magno
1569 1870 1740 1909 amoris
1756 1870 1812 1909 si—

191 1950 284 1989 gno
307 1952 333 1979 a
353 1940 553 1980 Domino
574 1941 674 1980 Deo
696 1946 1019 1991 suscepturum
1039 1952 1112 1981 me
1134 1953 1396 1992 sperarem;
1425 1942 1506 1981 sed
1536 1952 1628 1980 non
1657 1947 1812 1980 tamen

191 2010 288 2050 sine
310 2022 481 2061 magno
503 2017 546 2051 et
558 2011 838 2062 gravissimo
851 2011 1021 2052 dolore.
1038 2011 1265 2052 Nimirum
1281 2024 1428 2063 poene
1445 2011 1694 2051 anathema
1711 2023 1812 2051 esse

190 2082 463 2121 desiderans
478 2093 562 2132 pro
579 2082 801 2122 fratribus
818 2082 946 2133 meis,
966 2082 1130 2122 deinde
1147 2083 1315 2122 timens
1331 2094 1387 2122 ne
1405 2093 1492 2133 ego
1509 2083 1596 2122 sim
1612 2082 1658 2121 in
1675 2083 1809 2133 culpa

191 2164 272 2203 per
310 2164 462 2192 meam
496 2152 855 2204 imprudentiam
890 2159 935 2193 et
972 2153 1506 2204 incircumspectionem.
1543 2153 1811 2192 Maluissem

192 2234 318 2271 sane,
342 2224 381 2263 si
401 2223 601 2263 Domino
623 2224 686 2263 ita
707 2224 976 2275 placuisset,
1001 2230 1096 2263 tam
1119 2224 1265 2264 ardua
1287 2235 1368 2275 per
1398 2224 1539 2264 alium
1565 2235 1704 2275 quam
1730 2234 1811 2274 per

192 2306 262 2333 ine
284 2294 495 2345 transigi.
519 2294 729 2345 Interim,
754 2295 892 2334 etiam
914 2295 951 2334 si
973 2307 1132 2334 omnes
1154 2295 1461 2346 expellamur,
1486 2305 1598 2345 egO,
1624 2293 1730 2345 quia
1752 2292 1807 2332 ad

192 2365 278 2404 1133
298 2370 455 2415 partes
476 2377 534 2404 ex
555 2365 816 2404 obedientia
838 2365 1027 2413 missus,
1051 2377 1144 2405 non
1165 2365 1300 2405 exibo
1322 2365 1409 2405 nisi
1431 2376 1489 2405 ex
1510 2365 1687 2405 eadem.

272 2434 356 2474 His
376 2436 531 2474 valeat
552 2435 597 2474 in
614 2435 814 2475 Domino
830 2436 940 2487 Jesu
956 2435 1009 2474 R.
1031 2435 1088 2475 V.
1109 2442 1152 2476 et
1169 2448 1254 2475 nos
1270 2436 1366 2476 suis
1384 2435 1670 2475 orationibus
1692 2444 1813 2474 com-

193 2505 436 2545 mendatos
457 2506 639 2545 habeat.

270 2575 470 2627 Raptim.
493 2576 706 2627 Lovanii,
734 2576 779 2614 17
802 2575 1076 2617 Decembris
1098 2588 1219 2616 anno
1245 2576 1358 2616 1551.

269 2646 480 2697 Intelligo
501 2652 681 2697 patrem
702 2646 917 2686 Otthonis
943 2647 1129 2695 nobilis,
1160 2647 1215 2687 de
1244 2659 1335 2698 quo
1365 2647 1411 2686 in
1438 2646 1610 2686 ultimis
1648 2645 1812 2685 litteris

194 2718 287 2767 egi,
321 2717 461 2757 etiam
496 2723 641 2757 totam
665 2729 811 2768 poene
844 2717 1085 2757 Coloniam
1109 2718 1418 2757 commovisse
1447 2722 1607 2756 contra
1625 2715 1809 2764 fratres,

248 2925 256 2943 1
297 2924 417 2951 :lccz'se
441 2923 473 2950 in
497 2924 614 2957 Belgio
636 2929 668 2951 et
693 2925 884 2958 Hollandia,
911 2926 1024 2951 excise
1048 2925 1080 2951 in
1105 2924 1243 2958 Anglia,
1267 2928 1318 2951 est
1334 2924 1497 2951 tributum
1513 2923 1679 2957 quoddam
1694 2922 1813 2950 indire-

196 2976 285 2998 ctum
300 2972 399 2997 rebus
415 2971 456 2997 ad
471 2972 621 3005 corporis
636 2972 917 2999 sustentationem
933 2972 1133 2999 necessariis
1158 2975 1189 2998 et
1215 2979 1275 2998 usu
1299 2971 1540 3004 consumendis,
1557 2971 1634 2998 vino
1658 2976 1813 3004 praeser-

198 3019 266 3048 tim,
283 3017 468 3044 cerevisiae
486 3022 518 3045 et
535 3018 708 3053 similibus,
724 3019 925 3053 impositum.
