1987 3260
220 212 295 248 *050
731 212 956 250 LITTERAE
984 224 1338 256 QUADRIMESTRES

225 295 485 346 animarum
508 307 741 358 profectus
762 308 820 347 sit
843 315 1170 360 consequutus.
1194 309 1313 349 Nam
1342 309 1581 351 dulcedine
1611 325 1664 352 ac
1681 310 1864 354 suavi·

223 371 317 416 tate
338 378 468 417 verbi
491 377 598 427 Dei,
623 378 791 417 addam
821 378 960 418 etiam
985 380 1213 430 novitate,
1245 380 1308 420 ita
1339 392 1455 432 gens
1483 382 1580 432 illa,
1608 388 1845 434 quantum-

223 447 330 486 libet
351 447 506 496 effera,
532 455 574 487 et
597 460 713 499 quae
733 449 1019 489 crudelitatis
1037 450 1221 490 nomine
1239 462 1379 502 supra
1397 451 1531 503 hujus
1552 453 1730 492 insulae
1748 455 1846 493 reli-

220 529 334 568 quos
356 519 550 568 populos
572 519 691 558 male
713 519 907 568 audiret,
932 531 1054 559 nunc
1076 520 1265 560 delinita
1288 522 1545 574 allectaque
1568 530 1649 573 est,
1671 530 1721 563 ut
1739 536 1846 564 con-

220 588 365 627 cionis
389 587 645 628 audiendae
666 589 834 639 gratia,
859 590 948 630 duo
977 590 1126 630 triave
1154 591 1296 631 millia
1323 603 1546 644 passuum
1575 605 1679 633 cum
1708 594 1844 635 dista-

221 648 322 697 rent
344 659 572 709 permulti,
597 660 756 699 venire
777 666 952 709 tamen,
986 673 1067 701 seu
1095 673 1342 702 accurrere
1363 663 1530 714 potius,
1555 676 1647 704 non
1669 664 1847 705 dubita-

220 734 333 768 rent.
359 729 415 768 Et
436 730 655 780 quoniam
673 731 922 771 matutinas
939 732 1079 772 horas
1096 744 1231 772 sacro
1248 734 1518 784 peragendo
1536 735 1845 787 concionique

220 800 529 850 impendebat,
554 801 885 851 pomeridianis
906 802 952 842 in
973 802 1182 843 docenda
1204 803 1417 844 doctrina
1434 804 1690 846 christiana
1712 818 1845 846 occu-

219 870 429 919 pabatur3
454 871 531 922 qui
551 872 735 922 longius
757 872 1080 924 adveniebant,
1105 886 1162 914 ne
1178 873 1345 914 horum
1363 876 1508 915 altero
1528 888 1688 916 carere
1710 888 1844 928 coge-

219 948 391 987 rentur,
417 942 454 981 si
476 942 664 982 domum
686 944 871 994 prandii
895 945 1048 995 gratia
1080 944 1304 996 redirent,
1329 945 1457 986 cibos
1484 958 1641 986 secum
1671 947 1847 988 adfere-

217 1013 341 1059 bant,
366 1024 455 1063 quo
477 1019 624 1052 totum
646 1014 767 1054 diem
789 1014 990 1054 Domino
1010 1015 1345 1066 impenderent.
1364 1017 1432 1057 Ita
1448 1016 1565 1057 haec
1582 1018 1707 1058 vitae
1724 1019 1844 1058 ratio

218 1082 304 1122 illis
325 1084 512 1133 placuit,
537 1090 585 1123 ut
607 1096 765 1123 secum
786 1084 1049 1125 felicissime
1072 1092 1227 1126 actum
1249 1087 1420 1137 dicant,
1442 1088 1606 1139 quibus
1624 1078 1729 1128 talis
1747 1094 1844 1129 tan—

218 1160 381 1204 tusque
415 1153 575 1194 Abbas
611 1155 872 1205 contigerit,
911 1155 1040 1206 cujus
1076 1168 1216 1207 opera
1248 1157 1412 1207 ingens
1444 1158 1532 1198 hoc
1560 1158 1746 1210 bonum,
1780 1159 1847 1199 sic

218 1224 339 1263 enim
361 1225 448 1275 ipsi
469 1226 731 1276 loquuntur,
757 1226 847 1265 sint
869 1227 1120 1278 assequuti‚
1146 1227 1269 1278 quod
1288 1240 1411 1267 nunc
1429 1240 1483 1268 eo
1501 1227 1748 1279 jucundius
1770 1241 1842 1270 ac-

217 1295 391 1345 cipiunt
414 1307 503 1346 quo
526 1303 632 1336 ante
655 1297 803 1336 fuerat
825 1298 1120 1349 insperatius.
1146 1297 1304 1350 Neque
1326 1311 1438 1339 vero
1462 1301 1534 1339 vel
1555 1299 1845 1351 frequentiae

219 1366 482 1406 auditorum
503 1368 577 1407 vel
599 1367 783 1407 affectui
803 1367 980 1408 fructus
1001 1369 1150 1419 impar
1176 1370 1364 1409 exstitit.
1389 1369 1506 1409 Nam
1529 1370 1846 1411 confessiones

217 1437 278 1476 ita
302 1438 473 1476 multae
496 1437 555 1477 ibi
578 1438 763 1478 auditae
785 1445 904 1488 sunt,
928 1445 977 1478 ut
997 1451 1089 1478 non
1110 1439 1253 1479 festos
1270 1446 1450 1479 tantum
1472 1441 1583 1490 dies,
1610 1441 1689 1480 sed
1706 1452 1845 1493 saepe

216 1508 395 1547 duobus
416 1508 624 1548 tribusve
646 1509 806 1549 diebus
823 1510 913 1549 illic
932 1511 1105 1549 morari
1123 1511 1308 1550 Patrem
1325 1511 1447 1550 hunc
1465 1517 1717 1561 oporteret3
1736 1523 1843 1562 qua-

218 1579 508 1629 dragesimae
537 1580 841 1624 verobonam
863 1588 1043 1631 partem
1064 1582 1124 1621 ibi
1151 1582 1400 1632 transegit3
1431 1588 1474 1621 et
1497 1594 1637 1633 paces
1669 1583 1843 1634 aliquot

219 1648 475 1699 confectae,
501 1656 543 1689 et
564 1657 757 1690 revocat
779 1652 951 1700 exules,
977 1651 1110 1698 editis
1132 1652 1272 1691 etiam
1293 1652 1338 1691 in
1360 1653 1448 1692 hoc
1469 1653 1680 1703 publicis,
1700 1659 1748 1692 ut
1764 1665 1843 1692 vo-

217 1726 337 1769 cant,
363 1720 555 1760 actibus.
582 1721 801 1771 Virgines
823 1723 1071 1762 nonnullae
1093 1721 1192 1761 Deo
1221 1734 1269 1762 se
1298 1723 1532 1763 devovere
1561 1735 1644 1763 sua
1677 1730 1841 1774 sponte

215 1791 535 1830 decreverunt.
562 1792 716 1843 Aliqui
737 1793 1018 1843 generaliter
1042 1793 1241 1833 confessi
1263 1800 1389 1841 sunt;
1415 1794 1491 1833 alii
1513 1806 1743 1834 annorum
1767 1794 1843 1834 ali-

216 1867 326 1911 quot
349 1861 663 1901 confessiones
686 1870 893 1914 repetere
922 1864 1192 1914 voluerunt3
1223 1875 1331 1903 nam
1360 1864 1445 1903 hoc
1474 1864 1724 1915 praecipue
1756 1863 1845 1915 aje-

216 1931 326 1971 bant
348 1932 525 1971 nullum
547 1944 594 1972 se
616 1933 841 1973 hactenus
856 1935 996 1973 talem
1013 1933 1351 1974 confessarium
1368 1934 1510 1974 fuisse
1533 1940 1763 1986 expertos.
1784 1935 1845 1975 Ut

215 2013 326 2041 vero
350 2002 394 2041 in
416 2014 595 2043 summa
619 2004 790 2054 dicam,
817 2005 923 2044 dum
946 2005 1002 2044 ab
1024 2004 1096 2043 his
1124 2005 1307 2044 student
1336 2005 1493 2045 sedulo
1515 2017 1698 2056 cavere,
1723 2017 1843 2057 quae

218 2073 263 2112 in
285 2074 588 2113 concionibus
609 2075 820 2114 damnari
842 2075 1048 2124 audiunt,
1072 2075 1248 2115 factum
1265 2075 1361 2126 jam
1382 2082 1430 2115 ut
1453 2076 1582 2115 multi
1609 2076 1668 2115 ad
1690 2076 1843 2116 melio-

217 2155 314 2182 rem
347 2144 470 2184 vitae
499 2157 711 2185 normam
742 2157 843 2185 sese
872 2146 1201 2185 converterint.
1233 2146 1327 2186 Nec
1356 2147 1463 2186 laici
1491 2147 1649 2197 modo,
1679 2158 1844 2186 verum

217 2213 353 2252 etiam
376 2215 636 2266 presbyteri
659 2216 831 2266 aliquot
852 2216 1036 2256 illarum
1058 2216 1315 2267 regionum,
1342 2217 1435 2268 qui,
1454 2217 1572 2257 ludis
1590 2223 1634 2257 et
1651 2217 1752 2257 aliis
1770 2216 1842 2257 de-

216 2284 312 2333 diti,
337 2296 458 2324 nunc
480 2286 726 2333 abstinent,
751 2294 794 2326 et
815 2297 910 2333 eos,
935 2287 1011 2338 qui
1034 2298 1144 2326 suae
1167 2299 1307 2327 curae
1332 2294 1437 2327 sunt
1460 2287 1717 2338 commissi,
1739 2287 1843 2327 hor-

218 2360 373 2394 tantur
408 2361 455 2394 111
487 2356 543 2395 ad
574 2355 735 2396 Sancti
768 2356 968 2408 Philippi
996 2358 1185 2397 veniant
1220 2358 1470 2397 conciones
1502 2358 1718 2398 audituri.
1748 2358 1840 2409 Ipsi

218 2436 330 2464 vero
353 2425 491 2465 etiam
513 2434 739 2477 rogarunt
760 2434 808 2467 ut
829 2428 1125 2478 peculiariter
1145 2428 1198 2468 R.
1224 2427 1271 2468 Ρ.
1302 2428 1541 2479 Philippus
1569 2429 1625 2468 iis
1652 2429 1844 2468 vivendi

220 2496 448 2536 rationem
469 2497 688 2545 traderet,
715 2510 830 2549 quae
852 2499 1119 2538 sacerdotes
1141 2498 1340 2538 deceret.
1369 2498 1459 2538 Sed
1485 2504 1529 2538 et
1560 2499 1770 2539 confiteri
1800 2499 1842 2538 ei

218 2567 480 2617 voluerunt,
504 2569 628 2618 quod
649 2580 733 2608 nec
752 2569 849 2619 ipse
867 2570 1037 2609 abnuit.
1058 2569 1275 2609 Monachi
1292 2581 1474 2621 quoque
1491 2569 1666 2610 ordinis
1683 2569 1842 2610 Sancti

224 2638 390 2688 Rasilii,
416 2639 491 2689 qui
510 2639 554 2678 in
579 2639 780 2679 Abbatia
796 2640 1022 2690 habitant,
1047 2640 1363 2680 lubentissime
1384 2639 1482 2691 ejus
1500 2652 1548 2680 se
1570 2641 1844 2680 submittunt

219 2708 427 2748 consiliio
449 2715 764 2761 rogaruntque
786 2717 833 2749 ut
855 2722 988 2750 suum
1017 2711 1142 2750 vitae
1168 2711 1429 2751 institutum
1457 2711 1593 2761 (satis
1621 2711 1743 2750 enim
1769 2710 1842 2750 de-

220 2778 365 2828 flexit,
389 2785 633 2830 propterea
662 2781 784 2831 quod
806 2781 920 2820 haec
949 2781 1149 2821 Abbatia
1173 2782 1218 2821 in
1247 2782 1591 2831 commendam,
1621 2787 1669 2821 ut
1697 2781 1838 2832 ajunt,

221 2848 420 2897 abierat)
445 2849 501 2889 ad
525 2850 619 2889 divi
647 2851 806 2890 Basilii
834 2863 1046 2891 normam
1074 2852 1311 2892 emendari
1341 2852 1462 2902 apud
1491 2852 1582 2892 R.m
1610 2851 1843 2891 Abbatem

219 2925 424 2969 curaret3
449 2931 497 2958 se
520 2927 675 2960 autem
695 2921 795 2960 fore
826 2922 884 2961 ad
914 2923 1067 2962 omnia
1095 2923 1487 2973 promptissimos,
1518 2922 1766 2962 dummodo
1794 2921 1841 2960 in

217 2994 318 3027 tuto
358 2990 508 3038 posita
548 2991 672 3029 salus
712 3003 870 3031 eorum
909 2992 1137 3032 videatur.
1178 2992 1297 3032 Nam
1335 2994 1562 3033 hactenus
1601 2992 1841 3031 liberiores
