1987 3260
238 187 308 224 290
748 186 974 223 L1TTERAE
1001 196 1354 228 QUADRlMESTRES

308 862 545 910 Dionysius
564 862 769 909 Vazquez

354 927 475 964 Patri
493 927 663 973 Ignatio
682 926 734 964 de
753 926 936 974 Loyola.

403 991 646 1038 Compluto,
669 992 685 1028 1
707 991 811 1038 Maji
831 991 919 1027 1551
943 991 967 1025 ¹.

886 1219 1207 1287 ALcALA

316 1411 481 1451 Gratia
504 1415 547 1450 et
569 1421 676 1460 pax,
701 1416 786 1449 etc.

312 1481 482 1520 Missus
510 1488 578 1521 est
608 1480 666 1520 ad
692 1492 777 1520 nos
804 1480 853 1520 P.
882 1480 1105 1520 Tablares
1131 1479 1145 1498 ²
1173 1492 1278 1520 cum
1305 1481 1559 1521 illustribus
1585 1481 1866 1531 quibusdam·

234 1551 605 1592 adolescentibus
627 1562 652 1590 a
674 1558 718 1591 te
740 1551 895 1590 domui
925 1556 1113 1590 nostrae
1142 1551 1406 1601 destinatis,
1438 1551 1486 1590 P.
1521 1551 1860 1592 colendissime.

233 1623 292 1663 Hi
326 1622 498 1673 partim
532 1621 654 1661 domi
684 1621 780 1672 jam
813 1627 943 1672 sunt,
966 1621 1137 1672 partim
1166 1622 1317 1661 adhuc
1348 1628 1691 1672 exspectantur.
1726 1622 1866 1662 Faxit

233 1693 445 1734 Christus
473 1698 523 1732 ut
556 1693 711 1732 omnia
747 1692 945 1744 optimos
980 1692 1146 1732 sortita
1181 1699 1377 1732 eventus
1412 1692 1457 1731 in
1491 1693 1662 1732 bonum
1698 1692 1864 1732 cedant

234 1774 491 1803 commune.

312 1833 534 1873 Exerceri
553 1833 628 1872 hic
651 1833 876 1884 quosdam
897 1832 1291 1884 Hieronymianos
1311 1832 1473 1872 Patres
1495 1833 1776 1883 scripseram
1805 1834 1861 1872 ad

233 1911 276 1944 te
298 1903 697 1954 praecedentibus,
717 1903 839 1954 quod
860 1903 1109 1954 plurimum
1126 1902 1303 1942 fructus
1324 1903 1431 1942 boni
1452 1903 1507 1942 iis
1528 1903 1706 1954 peperit
1727 1909 1863 1955 atque

233 1974 348 2014 aliis.
370 1973 709 2013 Monachorum
730 1979 854 2013 certe
876 1973 1005 2013 multi
1026 1973 1138 2013 illud
1157 1985 1242 2024 pro
1265 1980 1502 2024 comperto
1529 1974 1615 2013 sibi
1644 1974 1863 2014 dicebant

233 2056 333 2084 esse
362 2044 474 2084 talia
503 2050 582 2083 aut
617 2044 780 2083 eadem
805 2043 995 2084 Patrum
1027 2043 1169 2083 fuisse
1194 2043 1515 2089 fundamenta,
1547 2056 1651 2084 cum
1680 2045 1861 2095 religio—

231 2127 341 2155 num
359 2115 619 2166 spiritualia
638 2113 848 2154 aedificia
867 2115 1271 2160 construebantur:
1287 2114 1364 2154 alii
1380 2115 1560 2165 gratias
1572 2115 1670 2154 Deo
1688 2115 1860 2166 optimo

230 2186 434 2226 maximo
457 2197 599 2236 agere
621 2197 669 2225 se
692 2185 897 2236 ajebant‚
920 2186 999 2236 qui
1020 2197 1099 2225 eos
1120 2185 1207 2225 hoc
1238 2192 1446 2236 tempore
1475 2191 1681 2225 creasset
1711 2198 1860 2237 neque

230 2268 434 2307 unquam
468 2263 619 2296 antea.
654 2256 749 2296 Nec
776 2255 964 2296 defuere
998 2256 1117 2295 inter
1143 2267 1224 2295 eos
1253 2256 1345 2307 (qui
1373 2257 1514 2306 longo
1543 2267 1597 2296 ac
1627 2257 1859 2297 indefesso

230 2327 386 2366 labore
408 2326 667 2377 profectum
695 2327 883 2377 spiritus
910 2326 1138 2376 emerant)
1168 2332 1431 2365 asserentes
1458 2326 1644 2366 vineam
1673 2327 1860 2367 Domini

229 2397 425 2437 diversis
460 2398 746 2448 temporibus
781 2397 1070 2448 diversisque
1105 2397 1319 2436 manibus
1355 2397 1673 2447 operariorum
1705 2399 1857 2438 excul-

229 2473 326 2507 tam
351 2466 515 2517 fuisse,
547 2473 589 2506 et
616 2479 707 2506 uno
736 2478 814 2506 ore
835 2467 881 2506 id
909 2466 1094 2517 ajebant
1120 2472 1169 2506 ut
1198 2467 1255 2506 ad
1285 2467 1515 2506 culturam
1543 2473 1754 2507 caeteros
1783 2469 1856 2508 ad-

228 2538 541 2588 hortarentur,
566 2536 890 2588 praedicantes
911 2538 1056 2576 latere
1078 2537 1125 2577 in
1145 2537 1311 2576 vineae
1332 2537 1592 2576 visceribus
1614 2537 1858 2578 thesauros

228 2607 611 2659 pretiosissimos,
647 2607 725 2658 qui
749 2619 841 2646 non
872 2607 935 2646 ita
963 2618 1133 2658 magno
1161 2607 1350 2655 sudore,
1388 2614 1436 2646 ut
1472 2608 1602 2658 olim,
1632 2608 1855 2658 paraban-

228 2684 315 2718 tur.
340 2677 456 2718 Cum
476 2677 616 2728 igitur
637 2677 684 2716 hi
705 2676 868 2717 Patres
896 2677 1020 2728 apud
1046 2688 1131 2717 nos
1160 2683 1373 2727 agerent,
1408 2678 1465 2716 ab
1493 2677 1595 2716 aliis
1625 2678 1858 2729 religiosis

227 2748 356 2788 fuere
372 2748 596 2787 molestiis
613 2747 795 2797 magnis
817 2747 1026 2798 impetiti3
1045 2747 1122 2798 qui
1139 2758 1243 2786 cum
1265 2759 1313 2787 se
1336 2753 1674 2798 conquesturos
1697 2760 1858 2789 coram

290 2929 298 2948 ¹
337 2929 584 2963 Apographum
601 2930 632 2956 in
647 2929 735 2956 soliis
749 2928 783 2955 59
797 2932 829 2955 et
845 2928 878 2954 6⁴)
895 2927 1026 2954 Codicis
1040 2928 1119 2954 1551.

288 2979 300 2996 ²
340 2977 375 3004 P.
392 2978 512 3003 Petrus
527 2977 565 3003 de
582 2976 745 3003 Tablares
762 2975 867 3002 Roma
882 2976 981 3009 paulo
998 2979 1077 3001 ante
1094 2975 1155 3001 hoc
1172 2979 1302 3009 tempus
1317 2976 1348 3002 in
1364 2975 1563 3009 Hispaniam
1580 2977 1740 3003 redierat.
