1987 3260
223 208 294 245 458
733 209 956 246 LirrERAE
983 221 1337 252 QUADmMEsTREs

302 303 435 343 Nunc
456 304 511 343 de
534 304 819 344 charissimis
841 305 887 344 in
903 304 1104 345 Domino
1120 305 1342 346 fratribus
1357 318 1508 357 pauca
1531 307 1704 357 dicam,
1726 320 1835 359 quo-

226 385 328 414 rum
349 385 460 413 sane
482 374 642 414 virtuti
662 381 706 414 et
727 375 988 415 incredibili
1007 376 1160 415 studio
1181 376 1366 427 pietatis
1386 377 1468 417 Vix
1487 389 1648 428 parem
1673 378 1839 418 oratio-

225 455 331 484 nem
351 445 550 485 inveniri
571 457 708 496 posse
725 446 940 485 existimo
956 457 963 496 3
987 452 1118 486 tanta
1135 452 1203 486 est
1222 446 1342 486 inter
1359 458 1438 487 eos
1460 448 1720 488 animorum
1737 460 1841 488 con-

221 513 412 565 junctio,
436 521 566 555 tanta
588 517 633 555 in
654 516 861 566 parendo
885 516 1098 556 omnibus
1118 516 1448 568 promptitudo,
1473 523 1628 557 tantus
1648 530 1839 569 pauper-

226 586 347 635 tatis,
373 586 696 637 simplicitatis,
728 592 772 626 et
792 587 1009 638 propriae
1036 587 1405 627 mortificationis
1432 599 1578 638 amor,
1608 594 1704 628 tam
1734 600 1842 628 rara

224 656 498 696 humilitatis
519 657 745 707 exempla.
769 656 921 708 Atque
942 657 989 697 in
1010 658 1082 697 his
1111 658 1324 698 omnibus
1345 659 1534 709 egregie
1563 658 1669 698 licet
1695 660 1841 699 excel-

225 727 335 777 lant,
361 727 564 778 quotidie
587 733 742 767 tamen
763 739 812 767 se
833 728 961 779 ipsos
981 728 1190 778 vincere,
1213 734 1258 768 et
1280 729 1339 768 ad
1359 728 1582 780 majorem
1602 729 1844 780 perfectio-

225 809 330 836 nem
347 797 561 848 evadere,
578 798 705 837 omni
721 809 811 849 qua
828 804 1023 849 possunt
1040 798 1279 849 diligentia
1294 799 1516 839 nituntur.
1532 799 1583 838 In
1599 799 1654 839 iis
1673 806 1839 849 autem,

225 879 343 917 quae
364 867 423 907 ad
446 867 751 908 humilitatem
771 869 1018 919 pertinent,
1043 881 1149 909 cum
1174 869 1336 920 primis
1356 870 1562 920 gaudent
1589 881 1638 910 se
1660 881 1844 910 exerce-

224 950 287 984 re.
312 944 361 978 ut
383 945 450 978 est
473 938 659 979 abluere
681 951 798 979 vasa
820 940 1047 980 culinaria
1066 972 1073 990 ,
1097 952 1286 980 verrere
1307 940 1516 991 domum,
1540 948 1784 991 extergere
1800 948 1844 981 et

224 1009 447 1059 inungere
467 1009 664 1049 fratrum
685 1011 892 1061 calceos,
917 1016 959 1050 et
981 1011 1071 1050 alia
1092 1010 1137 1050 id
1157 1021 1328 1061 genus,
1358 1022 1476 1062 quae
1500 1019 1758 1062 praetereo,
1784 1013 1843 1052 ad

224 1091 342 1130 quae
364 1080 517 1119 omnia
540 1080 603 1119 illi
624 1086 753 1120 tanto
775 1080 941 1120 ardore
962 1081 1189 1131 feruntur,
1212 1087 1261 1121 ut
1289 1092 1377 1132 ego
1398 1081 1718 1133 hujuscemodi
1746 1094 1841 1134 spe-

223 1150 417 1190 ctaculis
439 1162 773 1202 saepenumero
795 1151 841 1191 in
862 1163 935 1191 me
957 1152 1057 1202 ipso
1079 1157 1203 1191 totus
1224 1151 1496 1192 confundar.

303 1220 470 1261 Sumus
492 1220 589 1272 jam
623 1221 943 1272 duodeviginti
972 1222 1019 1261 in
1046 1221 1134 1261 hoc
1165 1222 1382 1273 collegi03
1410 1222 1503 1263 Rdi
1524 1224 1645 1263 enim
1681 1223 1846 1264 Patres

222 1291 615 1341 lngolstadienses
643 1292 867 1332 miserunt
896 1292 955 1332 ad
974 1304 1058 1332 nos
1086 1293 1201 1332 duos
1222 1293 1541 1333 adolescentes
1564 1293 1840 1344 Germanos,

225 1362 303 1413 qui
324 1373 545 1413 magnam
566 1374 678 1402 sane
700 1363 1072 1413 expectationem
1094 1363 1149 1402 de
1172 1375 1220 1402 se
1242 1364 1495 1404 concitant.
1521 1364 1704 1405 Tertius
1730 1376 1843 1404 vero

223 1444 271 1471 se
297 1432 430 1472 nobis
450 1433 524 1472 hic
546 1432 781 1484 adjunxit:
804 1433 843 1472 is
864 1439 932 1473 est
951 1432 1135 1473 Sclavo.
1160 1433 1307 1473 Callet
1328 1439 1483 1474 tamen
1504 1435 1706 1486 perfecte
1733 1436 1840 1475 idio>

223 1514 296 1542 ma
330 1503 681 1554 Germanicum,
711 1516 796 1543 nec
831 1505 974 1543 multo
1001 1503 1154 1543 minus
1181 1504 1236 1544 de
1270 1504 1345 1544 illo
1380 1516 1518 1555 quam
1553 1505 1607 1545 de
1646 1507 1843 1546 caeteris

221 1585 328 1624 spes
349 1580 431 1614 est.

299 1644 431 1695 Quod
471 1645 530 1684 ad
565 1645 717 1685 studia
752 1646 940 1694 attinet,
978 1646 1179 1697 quinque
1217 1646 1439 1686 lectiones
1477 1647 1682 1698 quotidie
1718 1648 1841 1688 domi

220 1715 346 1765 fiunt,
372 1727 568 1766 quarum
597 1722 691 1756 tres
712 1716 884 1756 latinae
912 1722 1031 1767 sunt,
1061 1723 1227 1768 quarta
1248 1728 1436 1768 graeca,
1462 1718 1620 1757 ultima
1651 1718 1840 1758 Germa-

218 1787 344 1836 nica,
386 1787 551 1837 quibus
592 1787 730 1827 etiam
773 1787 1107 1838 disputationes
1154 1793 1197 1827 et
1240 1788 1537 1838 repetitiones
1577 1788 1840 1840 frequentes

218 1857 462 1897 adduntur.
487 1857 743 1898 Dominicis
771 1858 980 1909 singulis,
1012 1864 1149 1909 atque
1181 1858 1320 1898 etiam
1342 1859 1472 1899 festis
1499 1871 1636 1910 saepe
1662 1860 1838 1910 diebus,

216 1928 363 1967 oratio
386 1928 529 1968 latina
550 1940 710 1968 coram
730 1928 840 1968 Rdis
861 1929 1075 1969 Patribus
1098 1935 1141 1969 et
1168 1928 1391 1969 fratribus
1424 1930 1479 1969 de
1500 1930 1575 1981 pia
1605 1941 1655 1970 re
1684 1931 1839 1982 aliqua

216 1999 452 2038 recitatur.
477 1998 786 2039 Germanicae
808 2000 948 2039 etiam
978 2001 1228 2040 conciones
1256 2000 1304 2040 in
1332 2012 1476 2040 coena
1504 2012 1839 2052 nonnunquam

216 2082 241 2108 a
280 2068 529 2109 Germanis
555 2072 661 2121 (quo
691 2071 878 2110 nomine
911 2071 1116 2111 flandros
1153 2083 1334 2122 quoque
1362 2071 1590 2121 intelligo)
1618 2071 1752 2122 fiunt,
1790 2080 1839 2112 ut

215 2140 402 2190 linguae
437 2140 570 2181 istius
605 2141 1032 2192 promptitudinem,
1066 2142 1111 2181 in
1147 2142 1447 2181 concionibus
1476 2142 1670 2193 publicis
1700 2143 1839 2193 paulo

216 2217 335 2261 post,
361 2217 410 2250 ut
431 2223 689 2262 speramus,
714 2213 817 2252 usui
838 2212 1056 2262 futuram,
1080 2212 1337 2264 acquirant.
1360 2211 1548 2252 Adeunt
1569 2212 1707 2252 etiam
1727 2224 1837 2252 non·

214 2282 326 2320 nulli
347 2281 544 2321 fratrum
560 2283 770 2333 publicas
788 2283 1102 2322 studiosorum
1118 2283 1464 2333 philosophicas
1483 2283 1837 2334 disputationes,

215 2352 303 2401 ipsi
324 2363 505 2403 quoque
527 2353 821 2403 disputaturi,
846 2353 924 2392 ubi
951 2365 1005 2392 eo
1032 2353 1246 2392 libentius
1272 2352 1536 2402 audiuntur,
1569 2364 1658 2404 quo
1684 2354 1835 2393 mode-

214 2422 328 2461 stius
364 2434 412 2462 se
439 2428 621 2473 gerunt,
656 2423 765 2462 dum
797 2423 975 2462 scilicet
1011 2435 1066 2462 ea
1097 2435 1213 2474 quae
1246 2430 1509 2474 proponunt
1541 2430 1833 2474 argumenta,

213 2491 409 2531 forsitan
438 2493 619 2532 acutius
643 2493 759 2543 aliis,
791 2493 1076 2544 pertinacius
1104 2505 1197 2532 non
1218 2501 1401 2544 urgent,
1431 2505 1488 2533 ne
1516 2494 1720 2544 palmam
1742 2495 1835 2534 lau-

214 2562 411 2613 demque
433 2563 616 2602 auferre
638 2564 756 2603 velle
777 2563 1039 2603 videantur.

293 2633 556 2673 Reverendi
576 2634 738 2673 Patres
760 2634 805 2673 in
827 2634 921 2673 suis
942 2634 1118 2673 scilicet
1139 2632 1300 2674 Sancti
1321 2634 1452 2673 Pauli
1474 2640 1517 2673 et
1537 2633 1713 2684 lN'lag‘.tri
1735 2646 1834 2674 sen—

214 2704 465 2744 tentiarum
484 2704 760 2744 lectionibus
782 2704 913 2755 (quas
935 2716 1094 2744 omnes
1114 2704 1209 2744 fere
1233 2704 1401 2744 fratres
1423 2716 1604 2755 quoque
1628 2704 1832 2752 audiunt>

214 2786 305 2813 non
326 2775 609 2814 mediocrem
629 2786 930 2825 progressum
955 2775 1186 2824 fecerunt,
1217 2775 1263 2814 in
1294 2775 1458 2826 quibus
1479 2782 1527 2814 ut
1561 2773 1836 2825 prodessent

214 2845 526 2895 auditoribus,
570 2851 852 2896 putaverunt
887 2845 1223 2896 disputationes
1260 2856 1361 2884 esse
1396 2844 1723 2894 instituendas,
1757 2846 1833 2884 ubi

213 2926 330 2964 quae
353 2921 448 2955 tota
470 2916 730 2966 septimana
747 2917 867 2955 lecta
884 2922 927 2955 et
949 2915 1122 2955 dictata
1145 2922 1265 2966 sunt,
1288 2922 1385 2955 toto
1403 2915 1634 2956 auditorio
1656 2916 1832 2967 reliquo

213 2985 461 3035 assidente,
480 2998 506 3025 a
523 2987 697 3026 nostris
716 2986 915 3037 primum
937 2986 1199 3036 exiguntur,
1224 2986 1407 3026 demum
1444 2987 1731 3037 argumentis
1752 2986 1831 3025 im-
