1987 3260
205 182 276 219 750
727 179 952 215 LITTERAE
980 190 1335 221 QUADRIMESTRES

204 278 357 329 plagis
376 278 670 318 mederentur
691 277 887 315 illorum.
912 275 1053 315 Venit
1080 275 1221 315 etiam
1247 287 1353 315 cum
1381 276 1470 315 illis
1497 277 1662 316 mulier
1692 289 1825 328 quae-

206 348 327 399 dam,
351 353 651 398 comportans
671 357 831 386 secum
849 345 1018 396 omnia,
1038 357 1156 396 quae
1173 346 1232 385 ad
1249 346 1435 386 illorum
1450 346 1677 386 medelam
1694 354 1828 388 erant

205 419 485 459 necessaria.
509 417 610 457 Hac
632 416 881 456 occasione
901 416 1049 461 movit
1069 415 1298 455 Dominus
1325 416 1576 456 multorum
1603 417 1746 457 corda
1768 419 1826 458 ad

204 490 411 529 dolorem
433 494 476 528 et
504 486 845 527 confessionem
872 497 1063 526 suorum
1092 492 1393 537 peccatorum
1413 493 1457 526 et
1490 487 1549 527 ad
1576 487 1827 539 suscipien-

205 560 311 600 dum
329 558 667 599 communionis
683 562 1044 606 sacramentum,
1064 568 1182 608 quae
1199 557 1467 608 precedenti
1478 556 1680 608 jubilaeo
1697 566 1825 599 mota

203 642 296 670 non
324 629 520 670 fuerant.
551 628 809 679 Statimque
839 639 1001 668 omnes
1026 628 1149 667 tauri
1181 628 1359 679 explosi
1394 634 1520 678 sunt,
1555 629 1758 669 cessavit
1786 636 1829 670 et

203 706 439 741 certamen
460 700 752 740 arundinum.

280 772 533 823 Postquam
554 770 681 811 venit
703 783 726 810 e
747 770 965 810 Valentia
986 769 1035 809 P.
1060 775 1219 809 noster
1240 769 1514 821 Ducemque
1544 771 1830 810 allocuturus

201 843 407 893 adiisset,
431 854 555 882 nova
577 841 780 893 quadam
799 841 956 880 vultus
977 840 1213 880 hilaritate
1235 846 1279 880 et
1299 840 1567 881 reverentia
1583 846 1830 892 susceptus

201 919 289 964 est3
313 923 510 964 cumque
532 917 823 963 compertum
843 917 965 951 esset
984 910 1111 950 Patri
1132 916 1293 950 nostro
1311 911 1559 962 quemdam
1575 911 1824 961 hominem,

200 984 473 1023 verberibus
493 983 676 1034 publice
695 982 1000 1034 puniendum,
1031 994 1055 1021 e
1081 993 1272 1022 carcere
1295 980 1391 1032 jam
1415 981 1512 1032 jam
1541 982 1694 1033 educi,
1726 993 1827 1033 sup—

200 1055 306 1105 plex
325 1054 457 1106 petiit
475 1053 691 1093 revocari
707 1052 999 1093 sententiam.
1019 1051 1129 1092 Dux
1147 1057 1287 1103 certe,
1307 1051 1581 1092 confusione
1598 1058 1642 1092 et
1659 1052 1828 1092 rubore

200 1125 425 1176 oppletus,
451 1124 602 1164 Patris
622 1124 669 1163 in
688 1123 902 1163 libertate
922 1123 1077 1173 posuit
1092 1121 1294 1162 hominis
1314 1122 1614 1169 sententiam,
1639 1123 1717 1173 qui
1738 1129 1828 1162 sta—

199 1196 283 1235 tim
302 1207 408 1235 eum
430 1195 572 1235 libere
595 1194 781 1234 dimisit.

278 1265 456 1305 Diebus
477 1266 587 1315 illis,
612 1265 778 1316 quibus
811 1263 948 1304 Pater
978 1263 1225 1303 Valentiae
1255 1265 1530 1315 permansit,
1566 1264 1751 1303 admisit
1781 1264 1827 1303 in

199 1335 480 1376 Societatem
508 1335 760 1376 Dominum
785 1335 973 1375 Petrum
1001 1334 1228 1385 Cabrera,
1257 1335 1455 1374 nobilem
1480 1334 1720 1385 juvenem,
1751 1345 1825 1373 ne-

199 1413 445 1459 potemque
467 1407 708 1458 cujusdam
728 1406 889 1457 magni
910 1405 1154 1457 principis,
1180 1417 1317 1456 quem
1346 1406 1489 1456 vulgo
1521 1405 1717 1445 dicimus
1747 1404 1825 1444 Al-

199 1478 403 1517 mirante
424 1479 478 1517 de
505 1476 724 1527 Castilla,
741 1476 961 1528 juvenem
981 1482 1106 1516 certe
1126 1476 1346 1516 humilem
1363 1482 1408 1515 et
1431 1476 1583 1527 quieto
1607 1477 1826 1526 claroque

197 1547 387 1599 J'udicio,
411 1549 490 1599 qui
511 1548 626 1588 adeo
649 1560 697 1588 se
719 1547 918 1587 ostendit
940 1546 1230 1598 paupertatis
1253 1552 1513 1586 amatorem
1534 1547 1582 1585 ut
1600 1552 1733 1585 extra
1751 1546 1826 1585 do-

200 1630 347 1670 mum,
377 1619 518 1670 pallio
546 1630 629 1658 suo
658 1618 835 1668 relicto,
868 1618 957 1657 alio
984 1618 1144 1657 attrito
1174 1622 1217 1656 et
1252 1617 1521 1657 decolorato
1549 1617 1606 1655 ad
1641 1617 1825 1656 mortifi-

205 1689 406 1729 candum
426 1689 619 1729 fratrem
640 1689 886 1740 quemdam
904 1688 982 1739 qui
999 1699 1053 1727 eo
1072 1688 1302 1736 utebatur,
1325 1687 1474 1726 laetus
1495 1686 1694 1726 incedat.
1713 1686 1829 1727 Cum

203 1765 327 1799 esset
343 1759 440 1810 jam
469 1759 681 1799 Gandiae
708 1759 847 1799 Pater
874 1765 1046 1808 noster,
1079 1758 1260 1808 accepit
1290 1758 1469 1797 litteras
1499 1770 1525 1797 a
1554 1757 1829 1808 quibusdam

204 1830 367 1870 incolis
401 1830 747 1870 Concentainae
766 1862 773 1879 ,
815 1829 979 1880 quibus
1015 1834 1312 1868 sacramenta
1348 1828 1750 1878 frequentantibus
1785 1834 1829 1867 et

203 1901 250 1940 in
269 1900 404 1940 bonis
425 1901 642 1951 operibus
663 1899 1018 1951 persistentibus
1040 1899 1181 1938 semel
1203 1898 1508 1938 concionatus
1531 1904 1621 1943 est:
1645 1898 1691 1937 hi
1707 1909 1829 1938 nunc

201 1971 429 2011 instanter
462 1971 681 2022 petebant
715 1983 741 2010 a
774 1970 913 2010 Patre
943 1976 992 2009 ut
1025 1969 1129 2008 illos
1157 1968 1381 2008 inviseret
1411 1975 1455 2008 et
1482 1980 1565 2008 sua
1593 1968 1828 2020 praedica-

200 2042 324 2081 tione
345 2041 591 2092 pristinum
612 2041 753 2081 robur
774 2040 1050 2080 restitueret.
1079 2039 1286 2090 Cumque
1306 2038 1459 2089 Pater,
1483 2039 1573 2078 illis
1595 2039 1827 2090 obtempe-

200 2123 330 2161 rans,
362 2112 466 2151 illuc
495 2123 544 2151 se
572 2111 843 2151 contulisset
870 2122 975 2150 cum
1003 2110 1148 2149 altero
1177 2108 1315 2148 Patre
1349 2109 1499 2159 socio,
1532 2109 1590 2149 ad
1626 2108 1828 2149 mediam

200 2194 346 2234 usque
367 2189 553 2223 noctem
581 2182 777 2233 vigilare
804 2182 850 2221 in
879 2180 1121 2221 audiendis
1153 2180 1543 2230 confessionibus,
1577 2186 1621 2219 et
1648 2179 1707 2219 ad
1735 2179 1823 2219 hoc

200 2253 352 2304 ipsum
372 2254 418 2293 in
440 2265 610 2293 aurora
631 2264 824 2303 surgere
847 2252 1119 2292 debuerunt.

280 2323 456 2363 Diebus
481 2324 691 2375 proxime
724 2322 913 2373 elapsis,
946 2321 1186 2373 peccatrix
1217 2321 1447 2372 quaedam
1472 2320 1678 2371 publica,
1703 2331 1825 2360 com-

199 2400 373 2443 puncta
394 2394 554 2444 corde,
577 2393 705 2433 venit
727 2392 785 2433 ad
806 2404 891 2432 nos
910 2392 1134 2443 petiitque
1161 2390 1263 2430 dari
1290 2390 1376 2430 sibi
1407 2390 1699 2430 sacerdotem
1718 2402 1821 2441 pru—

201 2464 404 2513 dentem,
429 2464 503 2504 cui
524 2449 842 2514 confiteretur,
867 2463 1027 2503 dicens
1044 2475 1092 2502 se
1110 2473 1211 2502 esse
1227 2462 1539 2513 peccatricem
1555 2461 1823 2507 maximam3

201 2545 319 2584 quae
340 2534 555 2574 confessa
576 2540 645 2574 est
665 2541 710 2574 et
731 2534 973 2574 consolata
995 2533 1203 2573 recessit.

278 2604 349 2644 De
368 2605 540 2644 nostris
560 2605 745 2655 studiis,
770 2605 826 2644 de
851 2604 1065 2644 doctrina
1087 2603 1366 2654 christiana,
1386 2603 1442 2642 de
1459 2601 1759 2641 concionibus
1779 2607 1823 2640 et

200 2674 569 2714 confessionibus
590 2675 704 2714 nihil
725 2674 928 2715 occurrit
950 2674 1267 2713 scribendum.

279 2744 472 2796 Reliqua
493 2745 717 2785 exercitia
736 2744 1009 2785 humilitatis
1037 2750 1080 2784 et
1110 2744 1330 2795 propriae
1359 2742 1622 2793 negationis
1650 2742 1697 2780 in
1727 2741 1826 2780 dies

200 2820 430 2863 augentur
450 2816 660 2866 exemplo
682 2821 725 2855 et
745 2815 1071 2855 exhortatione
1100 2813 1159 2854 D.
1190 2813 1450 2864 Baptistae,
1480 2812 1632 2851 Patris
1658 2812 1821 2859 nostri,

200 2883 292 2933 qui,
317 2885 497 2934 quoties
518 2885 659 2936 deest,
683 2891 732 2925 ut
753 2896 891 2936 saepe
911 2885 974 2933 fit,
999 2890 1077 2924 aut
1097 2884 1369 2924 immoratur
1390 2882 1599 2922 minister
1619 2892 1821 2930 mensae,

201 2953 348 3002 surgit
368 2954 465 3003 ipse
483 2955 805 3006 humiliterque
822 2954 1052 2994 ministrat
1069 2954 1195 2994 cibos
1211 2954 1343 2993 nobis
1359 2964 1367 3002 ;
1387 2951 1660 3002 saepissime
1679 2951 1815 2990 etiam
