1987 3260
220 162 254 196 Δ(
263 160 293 197 Q
728 158 952 195 LITTERAE
978 168 1331 201 QUADmMEsTREs

944 607 1111 661 CXII

292 855 339 892 P.
360 854 619 892 Leonardus
638 853 795 890 Kessel

337 914 383 951 P.
405 913 574 960 Ignatio
594 912 646 949 de
667 912 850 959 Loyola.

384 971 586 1018 Colonia,
606 971 649 1009 31
672 971 947 1015 Decembris,
972 970 1057 1006 1551
1081 971 1104 1007 ¹.

977 1142 1082 1230 JITIs

298 1320 461 1360 Gratia
483 1326 527 1360 et
547 1331 640 1371 pax
662 1319 835 1360 Christi
855 1318 1043 1358 Domini
1064 1318 1122 1358 sit
1143 1329 1325 1369 semper
1345 1317 1391 1357 in
1408 1317 1619 1357 omnibus
1635 1317 1780 1356 nobis.

297 1390 702 1430 Reverendissime
724 1390 771 1430 in
791 1389 977 1430 Christo
993 1389 1144 1429 Pater.

300 1461 523 1513 Proposui
561 1460 868 1501 Reverentiae
907 1460 1106 1500 Vestrae
1146 1460 1308 1510 paucis
1346 1471 1400 1499 ea
1439 1464 1676 1510 repetere,
1721 1470 1838 1510 quae

219 1531 345 1571 Deus
367 1531 580 1582 Optimus
599 1531 834 1571 Maximus
855 1531 943 1570 hoc
965 1529 1292 1581 quadrimestri
1315 1529 1533 1569 Coloniae
1561 1530 1747 1580 operari
1774 1529 1836 1569 di-

217 1608 387 1653 gnatus
417 1608 486 1642 est
513 1603 572 1641 ad
600 1602 799 1652 gloriam
827 1607 871 1640 et
900 1600 1085 1640 laudem
1115 1600 1396 1639 sanctissimi
1429 1600 1630 1639 nominis
1665 1600 1755 1651 sui,
1788 1607 1837 1639 ut

217 1673 436 1724 omnium,
467 1672 751 1712 audientium
780 1672 865 1711 has
893 1671 1072 1711 litteras
1099 1671 1212 1721 legi,
1236 1670 1452 1721 precibus
1482 1669 1646 1721 adjuti,
1671 1671 1717 1710 in
1739 1670 1837 1710 dies

218 1745 369 1795 magis
389 1743 613 1795 proficere
634 1744 889 1782 valeamus.
914 1742 1018 1793 Ipso
1040 1741 1111 1781 die
1132 1741 1451 1780 Innocentium
1482 1740 1742 1792 recepimus
1771 1741 1836 1780 lit-

219 1821 342 1854 teras
386 1814 439 1853 R.
483 1812 636 1853 Patris
670 1812 859 1852 Polanci
896 1812 1095 1863 scriptas
1134 1823 1191 1851 ex
1219 1810 1438 1851 mandato
1470 1811 1518 1851 P.
1554 1810 1612 1851 V.
1657 1811 1836 1851 decima

217 1885 414 1936 septima
441 1884 739 1933 Novembris,
769 1883 934 1934 quibus
961 1882 1210 1933 plurimum
1244 1882 1289 1921 in
1316 1882 1517 1921 Domino
1552 1881 1751 1921 recreati
1783 1893 1837 1920 ac

219 1955 468 1995 confortati
488 1955 672 1994 fuimus.
697 1953 865 1994 Dicere
886 1965 980 1992 non
1001 1952 1178 1993 sufficio
1200 1958 1423 2004 quantum
1443 1952 1604 2003 gaudii
1625 1963 1834 2002 suscepe-

216 2027 275 2066 rit
302 2038 432 2066 meus
466 2025 657 2076 spiritus
685 2036 742 2064 ex
772 2024 938 2063 litteris
965 2023 1246 2063 mentionem
1279 2023 1554 2063 facientibus
1582 2022 1637 2062 cle
1666 2022 1837 2073 profes-

219 2097 363 2147 sione;
380 2107 633 2147 numquam
650 2095 761 2135 mihi
778 2095 942 2134 laetius
958 2095 1179 2134 nuncium
1194 2094 1437 2145 obtingere
1453 2093 1692 2145 potuisset:
1712 2104 1837 2133 num-

220 2179 359 2218 quam
381 2167 596 2216 antehac,
620 2166 673 2205 R.
697 2165 764 2215 P„
788 2165 843 2204 de
865 2171 993 2205 tanta
1015 2165 1171 2216 gratia
1195 2176 1335 2204 ausus
1357 2165 1565 2215 cogitare
1586 2163 1672 2214 fui;
1696 2175 1839 2215 quare

220 2237 420 2289 majores
441 2237 620 2288 gratias
641 2236 740 2276 Deo
762 2248 865 2275 meo
887 2236 1045 2287 debeO,
1070 2241 1114 2275 et
1134 2236 1237 2283 tibi,
1261 2234 1314 2275 R.
1338 2234 1410 2285 P„
1435 2235 1490 2275 de
1510 2240 1640 2274 tanta
1666 2234 1834 2285 gratia.

222 2309 359 2348 Brevi
392 2308 547 2347 omnia
578 2306 635 2346 acl
666 2306 878 2346 effectum
907 2306 1161 2357 perducere
1189 2306 1407 2356 conabor,
1442 2305 1497 2345 de
1529 2305 1694 2357 quibus
1728 2311 1837 2344 tunc

222 2379 360 2419 latius
381 2378 534 2418 omnia
557 2377 850 2417 conscribam
871 2376 898 2416 ².

306 2449 480 2499 Magna
501 2448 633 2488 nobis
662 2447 882 2487 Coloniae
910 2453 1036 2499 patet
1062 2446 1205 2498 janua
1236 2447 1419 2487 Christo
1448 2447 1627 2486 animas
1657 2446 1837 2485 lucrifa-

220 2520 376 2560 ciendi
397 2519 548 2569 magis
570 2530 707 2569 quam
728 2524 867 2558 antea
884 2529 1104 2569 unquam.
1123 2517 1448 2558 Confitentium
1464 2528 1684 2557 numerus
1701 2528 1835 2567 auge-

277 2671 286 2690 ¹
327 2670 379 2697 Ex
395 2670 618 2704 autographis
640 2670 774 2703 litteris,
803 2678 887 2704 quae
912 2671 944 2697 in
968 2671 1090 2704 duplici
1116 2671 1193 2697 solio
1216 2671 1443 2705 reperiuntur,
1459 2671 1511 2698 cui
1533 2678 1563 2697 n.
1579 2670 1656 2697 olim
1670 2670 1737 2704 392,
1754 2677 1837 2697 nunc

223 2725 305 2744 vero
319 2717 353 2743 90
365 2721 396 2744 et
411 2718 454 2744 91.
471 2717 533 2744 Est
548 2721 581 2743 et
593 2717 827 2751 apographum
839 2718 871 2744 in
886 2718 940 2744 fol.
957 2718 973 2744 2
986 2717 1039 2745 v.⁰
1054 2721 1087 2744 et
1101 2717 1118 2744 ὃ
1133 2717 1265 2745 Codicis
1280 2718 1357 2745 1551.

278 2766 291 2784 2
331 2765 422 2797 Quae
439 2765 609 2798 hucusque
626 2764 710 2791 dixit
725 2764 933 2798 Leonardus,
957 2765 1056 2798 linea,
1078 2768 1114 2791 ut
1136 2766 1277 2799 solebat,
1300 2766 1529 2793 circumducta
1544 2766 1707 2793 conclusit
1723 2765 1839 2792 Polan—

223 2820 292 2846 cuS‚
309 2816 344 2838 ut
359 2819 379 2838 a
394 2811 551 2843 librariis,
574 2811 650 2838 dum
666 2811 728 2838 has
742 2812 878 2838 litteras
899 2813 1183 2846 transcriberent,
1200 2813 1567 2846 praetermitterentur.
1583 2813 1710 2839 Eorum
1726 2816 1838 2839 tamen

223 2861 297 2886 loco
312 2858 546 2885 substituenda
561 2858 644 2885 haec
659 2858 691 2884 in
706 2859 859 2891 margine
871 2866 972 2886 manu
986 2859 1057 2893 ipse
1069 2859 1207 2892 propria
1222 2860 1376 2893 scripsit:

277 2905 331 2932 Ex
345 2904 477 2930 litteris
492 2903 613 2930 Patris
627 2904 815 2933 Leonardz'.
827 2906 1026 2939 praepositi
1038 2905 1175 2939 collegii
1191 2906 1405 2933 Colom'ensis
1425 2907 1503 2934 ult.‹1
1527 2907 1731 2934 Decembris
1745 2907 1837 2934 1551.

280 2951 403 2978 Gratia
420 2952 452 2976 et
465 2954 549 2984 pax,
564 2955 627 2978 etc.
