1987 3260
251 168 322 206 ‘278
758 172 984 209 LITTERAE
1015 184 1373 216 QUADRIMESTRES

330 265 402 305 Do
425 266 701 307 charissimo
724 267 973 307 Ambrosio
993 267 1137 308 Perez
1156 273 1246 310 nao
1267 281 1355 310 vos
1375 270 1538 311 screbo
1569 283 1747 323 porque
1778 276 1877 312 nao

252 336 392 376 tenho
415 337 546 376 olhos
566 338 783 389 proprios
803 342 861 378 ne
881 343 1013 378 maos
1035 339 1210 379 alheas.
1269 382 1272 385 ,

332 479 698 530 Superscm'ptio.
716 479 790 520 Ao
807 480 950 520 muito
968 480 1069 521 R.d0
1085 485 1109 521 6
1124 481 1310 521 Christo
1327 481 1477 523 Padre
1494 495 1520 523 o
1536 482 1686 524 Padre
1702 484 1875 524 Mestre

253 549 407 590 Simao
429 549 488 590 da
510 550 751 601 Copanhia
772 551 827 590 de
848 551 974 603 Jesu,
999 563 1071 592 em
1091 551 1255 592 Roma.

332 620 442 660 Alia
464 632 625 660 mann:
650 620 764 671 1551,
787 621 1012 673 Almerin,
1040 622 1088 661 14
1107 622 1153 662 di
1173 622 1358 674 Marzo,
1382 624 1492 664 Luis
1512 625 1688 665 Vienez
1713 624 1739 663 '.

332 692 394 730 Et
416 691 529 731 alia:
550 691 813 731 edification
834 692 890 732 de
907 704 969 733 un
989 693 1163 744 paggio
1186 693 1270 734 che
1291 696 1326 734 s'
1350 694 1556 735 imbarco
1580 707 1663 747 per
1689 697 1716 735 l'
1746 696 1876 736 India

254 768 296 800 et
317 773 398 813 per
420 773 546 801 esser
567 762 686 802 della
709 762 863 803 Corn.a

904 1189 1222 1243 LXXVIII

321 1414 366 1451 Ρ.
388 1415 611 1452 Adrianus
631 1415 954 1453 Adriaenssens

364 1479 485 1517 Patri
502 1480 669 1527 Ignatio
689 1481 741 1518 de
761 1481 942 1529 Loyola.

414 1544 628 1591 Lovanio,
648 1546 690 1582 21
708 1546 888 1594 Aprilis,
912 1547 998 1585 1551
1020 1547 1045 1583 ².

458 1610 694 1658 (Excerpta
716 1622 771 1648 ex
789 1612 962 1657 litteris)

1003 1774 1100 1848 iiis

499 1943 551 1969 Ex
569 1943 694 1970 litteris
710 1943 866 1977 magistri
883 1943 1025 1971 Adriani
1040 1943 1185 1971 Lovanii
1200 1944 1338 1978 scriptis
1351 1944 1383 1970 ‘21
1400 1944 1519 1978 aprilis
1535 1944 1612 1972 1551.

298 2013 465 2047 Posquam
480 2013 520 2040 de
535 2013 744 2045 domesticis,
761 2021 845 2048 quae
862 2018 1024 2042 consueta
1038 2018 1115 2042 sunt
1135 2014 1351 2041 scholasticis
1373 2013 1553 2042 societatis
1568 2019 1791 2050 prosequutus
1806 2020 1869 2049 est,

247 2061 287 2087 de
305 2068 339 2087 56
355 2061 427 2095 ipso
443 2061 554 2088 subdit
570 2061 592 2088 5:

323 2180 475 2230 Pergo
503 2181 550 2220 in
578 2180 948 2221 confessionibus
977 2181 1239 2230 audiendis;
1272 2182 1361 2222 hac
1383 2188 1479 2221 tota
1507 2182 1869 2233 quadragesima

243 2262 359 2301 pene
382 2251 578 2302 singulis
599 2251 884 2302 integrisque
915 2252 1077 2291 diebus
1102 2252 1189 2292 hac
1220 2253 1525 2303 occupatione
1548 2253 1784 2303 distineor,
1807 2253 1870 2292 fa-

245 2327 460 2372 ctumque
482 2327 550 2361 est
572 2322 869 2372 (cooperante
891 2321 1107 2372 Domino)
1129 2328 1178 2362 ut
1200 2334 1257 2362 ne
1279 2334 1398 2363 unus
1421 2323 1606 2374 quidem
1634 2336 1661 2363 a
1680 2336 1753 2364 me
1784 2324 1868 2364 dis-

245 2392 456 2441 cesserit,
486 2392 673 2442 quinon
700 2392 897 2432 libenter
924 2393 983 2432 sit
1004 2393 1236 2447 pollicitus
1259 2405 1307 2433 se
1329 2394 1387 2433 ad
1410 2394 1749 2434 confessionem
1775 2406 1870 2434 cre-

244 2461 370 2500 brius
390 2461 667 2512 rediturum;
691 2462 831 2512 aliqui
860 2463 1000 2502 etiam
1030 2463 1433 2514 conquerebantur
1462 2464 1584 2515 quod
1604 2476 1698 2504 non
1724 2471 1869 2505 matu-

244 2532 340 2572 rius
363 2544 416 2571 ea
439 2532 749 2583 audivissent,
780 2544 897 2583 quae
919 2539 1029 2573 tunc
1059 2533 1294 2574 audivisse
1316 2546 1364 2574 56
1390 2534 1562 2574 utiliter
1589 2535 1866 2576 sentiebant.

245 2602 501 2654 Sequutum
527 2608 597 2642 est
627 2609 670 2643 et
700 2604 803 2653 hoc,
836 2604 957 2655 quod
991 2609 1202 2654 pastores
1233 2610 1276 2644 et
1304 2605 1659 2644 concionatores
1692 2605 1750 2645 ad
1784 2606 1869 2645 fre-

298 2737 307 2758 ¹
349 2737 403 2765 Sic
425 2745 484 2772 pro
508 2737 731 2770 thdovicusf
753 2738 812 2765 sed
836 2738 1040 2765 excusabilis
1064 2745 1160 2765 error
1184 2742 1245 2765 est.
1271 2737 1493 2765 Caecutiebat
1516 2739 1600 2765 enim
1626 2739 1819 2767 Ludovicus
1836 2745 1867 2766 et

245 2789 359 2812 tamen
373 2785 482 2812 veloci
497 2785 676 2812 admodum
692 2786 823 2812 calamo
838 2786 974 2812 litteras
994 2785 1172 2819 pingebat,
1189 2785 1275 2812 unde
1300 2785 1341 2812 ad
1366 2792 1483 2812 earum
1508 2785 1769 2820 intelligentiam
1786 2795 1868 2821 qua—

251 2832 329 2862 dam
341 2832 437 2866 quasi
454 2831 671 2859 divinationis
687 2836 762 2859 arte
777 2833 912 2865 saepius
928 2836 979 2859 est
995 2840 1086 2866 opus.

297 2880 310 2898 2
349 2879 509 2906 Historia
524 2880 640 2911 varia,
655 2880 720 2906 vol.
737 2887 756 2911 1,
773 2879 829 2906 fol.
853 2880 903 2906 214
928 2883 960 2906 et
984 2880 1044 2906 215.
1068 2879 1333 2914 Transumptum
1356 2879 1463 2907 Roma
1488 2879 1726 2915 Ulyssiponem
1748 2882 1871 2908 missus

244 2926 342 2954 Patri
358 2926 532 2953 Ludovieo
550 2926 717 2953 Gonzalez
733 2927 772 2953 de
790 2926 946 2954 Camara.

297 2973 312 2993 3
352 2973 532 3006 Hucusque
547 2973 724 3000 Polancus.
