1987 3260
205 238 274 275 320
713 237 937 273 LlT'sERAE
965 245 1321 278 QUADRIMESTRES

204 345 261 373 ne
297 333 363 372 sic
392 332 576 384 quidem
606 332 817 372 omnibus
844 331 1033 381 satisfit,
1068 331 1178 382 quin
1205 331 1361 382 plures
1392 336 1551 382 optent
1579 336 1625 371 et
1650 336 1824 382 petant.

202 403 358 454 Auget
392 403 531 442 etiam
564 414 658 442 non
692 413 857 453 parum
890 401 1089 441 fratrum
1119 406 1313 441 externa
1341 402 1665 452 conversatio,
1697 401 1828 441 multi

204 473 431 524 siquidem
453 474 561 513 hinc
578 472 816 524 juvantur,
840 478 884 512 et
911 471 1126 523 quamvis
1152 472 1302 522 primo
1330 472 1443 511 satis
1472 473 1736 523 pertinaces
1762 472 1827 511 vi-

204 544 415 592 deantur,
445 544 583 595 paulo
611 548 716 594 post
742 548 898 582 tamen
927 542 1064 582 unius
1090 542 1282 581 horulae
1311 542 1461 593 spatio
1491 542 1652 582 mirari
1678 542 1829 593 possis

205 627 345 665 quam
366 615 500 654 facile
521 620 772 663 mutentur,
796 619 840 653 et
862 614 980 653 alius
1002 613 1186 664 quidem
1206 613 1360 662 ludos,
1385 613 1503 652 alius
1524 625 1636 653 vero
1664 624 1828 652 concu—

205 686 361 725 binam
382 686 428 725 in
450 691 686 736 posterum
706 696 755 724 se
777 684 1076 724 dimissurum
1096 683 1337 735 promittat
1358 689 1402 723 et
1430 683 1488 723 ad
1519 683 1829 723 confitendum

205 755 500 807 perducatur.
522 755 637 795 Sunt
657 767 772 795 vero
793 755 870 806 qui
890 756 977 795 hoc
998 755 1208 795 fecerunt
1229 766 1320 794 non
1341 754 1492 805 pauci,
1512 754 1589 805 qui
1611 759 1654 793 et
1676 765 1828 805 perse-

208 833 371 866 verant
396 838 534 877 saepe
563 825 787 865 confiteri.
817 826 1089 866 Inimicitiae
1116 826 1204 865 hac
1235 825 1312 864 via
1342 826 1460 865 inter
1486 825 1734 864 nonnullos
1765 836 1830 864 se-

210 897 359 936 datae.
390 896 510 937 Aliis
537 896 697 936 datum
731 897 975 936 consilium
1008 903 1079 947 ut,
1117 896 1279 947 positis
1308 895 1450 935 armis
1475 895 1660 944 ferreis,
1691 906 1832 934 unum

205 968 386 1007 hostem
407 967 775 1018 impugnandum
797 968 885 1007 sibi
906 967 953 1007 in
983 967 1188 1006 animum
1217 966 1507 1016 inducerent,
1541 966 1830 1005 daemonem.

207 1038 255 1077 [n
277 1049 471 1087 summa,
496 1038 667 1088 singuli
690 1038 847 1077 divina
868 1038 1023 1089 gratia
1045 1038 1091 1076 in
1114 1037 1262 1077 officio
1285 1042 1405 1076 sunt.

285 1108 381 1148 Nec
402 1109 476 1148 ille
499 1109 700 1160 quidem,
720 1109 797 1159 qui
819 1109 1002 1148 emendi
1019 1108 1286 1148 necessaria
1303 1108 1449 1147 victui
1470 1118 1633 1147 curam
1649 1106 1787 1146 habet
1807 1105 1831 1156 ¹,

207 1185 410 1230 vagatur
444 1191 526 1230 per
559 1180 721 1219 urbem
756 1179 1000 1228 inutiliter,
1030 1179 1112 1219 sed
1141 1184 1185 1218 et
1212 1179 1391 1229 aliquos
1419 1177 1606 1217 adducit
1635 1177 1682 1216 in
1718 1182 1829 1216 rete.

209 1249 440 1300 Planeque
468 1250 532 1289 ita
559 1250 657 1289 noti
687 1250 782 1302 jam
817 1261 970 1290 mores
997 1250 1147 1289 nostri
1177 1250 1389 1289 omnibus
1415 1255 1479 1299 ut,
1510 1248 1692 1300 quoties
1722 1247 1834 1287 urbe

207 1321 489 1371 egredimur,
508 1321 546 1360 si
564 1321 641 1372 qui
660 1321 779 1360 forte
801 1321 847 1360 in
863 1321 1011 1372 pratis
1027 1321 1202 1369 ludant,
1223 1321 1357 1359 nobis
1376 1319 1652 1370 conspectis,
1676 1318 1835 1358 statim

210 1404 259 1431 se
279 1391 326 1430 in
346 1391 506 1441 fugam
529 1397 738 1442 vertant,
763 1403 1113 1443 nonnumquam
1134 1391 1274 1430 etiam
1295 1391 1477 1430 omissis
1498 1389 1717 1439 nummis,
1740 1389 1833 1440 pal-

214 1463 287 1502 liis
308 1469 352 1502 et
376 1463 575 1513 ensibus,
600 1463 720 1502 unde
742 1469 785 1502 et
806 1463 1053 1502 redeuntes
1075 1463 1335 1513 capiuntur.

290 1533 473 1584 Quanta
497 1534 555 1573 sit
576 1534 650 1573 hic
671 1533 920 1574 Societatis
941 1533 1196 1573 auctoritas
1217 1539 1533 1584 quantumque
1555 1531 1837 1582 integritatis

213 1615 401 1654 nomen,
422 1603 519 1655 jam
540 1610 648 1655 puto
671 1605 786 1644 alias
808 1604 1031 1655 scriptum
1053 1615 1168 1643 esse.
1194 1602 1423 1653 Quoniam
1442 1609 1597 1642 tamen
1627 1602 1715 1641 hoc
1746 1612 1838 1640 non

213 1682 309 1714 tam
330 1687 354 1714 e
375 1675 504 1725 vulgi
525 1676 754 1714 sententia
777 1686 915 1725 quam
937 1687 995 1714 ex
1015 1675 1317 1725 probatorum
1338 1674 1545 1713 virorum
1574 1671 1838 1712 testimonio

213 1745 323 1785 sciri
343 1745 573 1795 conducit,
595 1745 765 1785 addam
787 1745 909 1797 quod
930 1745 1091 1796 paucis
1114 1751 1219 1784 ante
1242 1745 1401 1784 diebus
1424 1743 1605 1783 accidit.
1626 1743 1840 1794 Quinque

216 1817 304 1856 viri
323 1817 551 1867 religiosi,
572 1822 667 1856 tres
690 1816 996 1866 dominicani,
1022 1816 1110 1855 duo
1133 1815 1439 1865 franciscani,
1464 1826 1555 1854 una
1586 1814 1839 1864 eademque

213 1888 286 1927 die
309 1893 352 1927 et
373 1888 487 1928 hora
509 1888 568 1927 ad
589 1900 674 1927 nos
695 1894 944 1936 venerunt,
970 1887 1260 1938 postulantes
1282 1886 1370 1925 sibi
1389 1885 1480 1936 legi
1501 1885 1688 1936 aliquid.
1712 1884 1835 1924 Pete·

213 1960 323 1997 bant
344 1964 499 1998 autem
520 1959 598 1998 alii
618 1958 863 1998 hebraicas
880 1958 1073 2008 litteras,
1097 1958 1174 1997 alii
1190 1957 1490 2007 theologiam.
1508 1955 1663 1995 Multis
1685 1960 1842 1994 autem

214 2029 334 2068 ultro
356 2029 565 2080 citroque
587 2029 745 2068 mixtis
768 2029 1073 2078 sermonibus,
1105 2036 1212 2067 tunc
1240 2027 1642 2067 franciscanorum
1671 2025 1840 2075 senior,

215 2100 512 2150 septuaginta
534 2100 679 2139 ferme
703 2111 852 2139 annos
873 2105 1031 2148 natus,
1055 2098 1318 2149 theologiae
1349 2098 1561 2137 doctrina
1589 2103 1633 2137 et
1661 2096 1843 2136 concio—

215 2170 356 2209 nandi
376 2170 597 2210 facultate
617 2171 882 2221 insignitus,
911 2171 1110 2210 “nullum
1131 2180 1231 2220 ego,
1253 2170 1414 2220 inquit,
1439 2168 1677 2208 hominum
1696 2178 1844 2218 genus

218 2241 289 2279 his
321 2241 417 2280 vidi
452 2241 629 2281 melius.
669 2241 861 2281 Utinam
888 2252 1218 2292 repuerascere
1249 2240 1362 2279 mihi
1391 2240 1550 2279 liceret
1578 2250 1668 2289 quo
1698 2238 1845 2277 Vitam

220 2323 311 2350 una
340 2323 444 2350 cum
474 2312 545 2351 his
580 2312 887 2362 transigerem
903 2344 936 2361 „.
974 2311 1116 2350 Paulo
1144 2316 1250 2362 post
1279 2322 1413 2360 vero,
1444 2309 1845 2349 dominicanorum

221 2382 352 2432 alter,
378 2382 587 2432 “censeo,
612 2382 777 2433 inquit,
807 2381 1070 2432 hujusmodi
1099 2382 1309 2421 homines
1335 2381 1497 2420 beatos
1524 2391 1647 2430 esse,
1683 2379 1846 2430 quibus

222 2452 337 2491 nihil
371 2452 499 2492 deest
536 2453 595 2492 ad
628 2453 883 2503 perfectam
917 2452 1267 2503 disciplinarum
1302 2451 1641 2501 cognitionem,
1678 2450 1846 2500 quique

223 2522 374 2562 Deum
401 2523 589 2572 docent,
620 2523 696 2574 qui
726 2529 794 2562 est
822 2523 923 2574 ipsa
951 2522 1189 2573 perfectio.
1218 2522 1403 2573 Nosque
1434 2522 1695 2561 fortunatos
1728 2519 1845 2558 arbi—

224 2599 336 2643 tror,
361 2593 526 2644 quibus
548 2593 741 2643 contigit
762 2592 1023 2643 hujusmodi
1044 2592 1207 2632 Patres
1228 2593 1274 2632 in
1294 2598 1455 2632 nostra
1476 2591 1647 2631 habere
1676 2589 1845 2629 vicinia

227 2672 352 2711 <nam
390 2664 508 2703 inter
542 2669 752 2703 nostram
787 2664 1061 2714 illorumque
1097 2663 1285 2703 domum
1319 2663 1419 2702 sola
1457 2660 1700 2701 intercedit
1734 2660 1843 2709 via),

226 2745 422 2784 quorum
449 2746 630 2774 summa
651 2740 719 2774 est
741 2733 1007 2778 affabilitas.
1039 2733 1244 2773 charitas
1275 2739 1318 2773 et
1345 2732 1630 2781 humanitas,
1663 2736 1705 2770 et
1734 2741 1847 2781 erga

227 2816 386 2845 omnes
406 2811 648 2855 promptus
666 2810 949 2856 paratusque
970 2804 1152 2844 animus
1173 2815 1395 2855 semper„.
1415 2803 1502 2842 Hic
1525 2814 1636 2842 vero
1658 2807 1703 2841 et
1723 2802 1847 2841 theo-

284 2979 293 2998 ¹
335 2979 404 3006 Nec
419 2981 628 3014 arpemlitor
644 2982 720 3015 ipse
736 2981 920 3015 scripserat
936 2980 1111 3013 Vinckius,
1129 2981 1185 3007 scd
1203 2980 1327 3006 rec1ius
1350 2980 1530 3006 Ir‘olancuz:
1556 2978 1614 3004 ille
1635 2977 1775 3011 quidem
1791 2977 1851 3009 qui

230 3028 373 3053 emmzdi
391 3030 595 3054 necessaria
611 3029 721 3055 ‘vistim'
736 3036 857 3055 curcum
874 3028 985 3054 habel.
