1987 3260
230 221 301 257 412
737 222 963 258 LITTERAE
990 233 1070 264 oca
1081 233 1347 259 DRIMESTREs

228 328 255 355 a
284 316 496 356 faucibus
532 317 770 357 daemonis
805 317 985 356 animas
1014 317 1202 367 eripuit;
1232 318 1351 357 inter
1378 318 1493 357 alios
1526 318 1612 358 fuit
1644 319 1848 370 quidam,

228 388 327 438 qui,
359 399 460 427 cum
494 388 541 427 in
567 394 755 438 gutture
783 388 951 427 vulnus
980 388 1257 439 accepisset,
1289 389 1502 439 quamvis
1530 401 1612 440 per
1643 391 1849 430 vulneris

229 458 482 509 spiramina
504 459 709 498 sibilaret
730 458 996 509 eisdemque
1023 464 1234 509 sumptus
1264 459 1392 498 cibus
1419 460 1692 511 elaberetur,
1723 462 1848 500 nullo

227 529 378 580 modo,
401 534 449 568 ut
471 529 658 569 inimico
677 528 900 568 offensam
917 529 1218 580 condonaret,
1243 529 1515 581 persuaderi
1535 536 1734 581 poterat.
1759 531 1848 571 Ve-

228 611 330 639 rum
351 599 479 639 illum
500 599 707 639 invisens
728 605 772 639 et
794 599 852 638 ad
874 600 1216 639 confessionem
1236 600 1443 639 alliciens
1472 599 1518 639 Ρ.
1552 600 1848 652 Paschasius,

227 668 323 720 ejus
359 671 562 710 animam
596 669 781 709 Christo
816 682 898 721 per
934 670 1078 721 ipsius
1112 670 1315 720 gratiam
1346 671 1606 722 acquisivit.
1647 671 1848 721 Quidam

225 741 344 780 alius
362 740 598 790 sacerdos,
619 752 723 780 cum
741 741 798 779 ob
816 747 1119 791 peccatorum
1135 741 1402 791 congeriem
1420 741 1475 780 de
1492 742 1682 792 propria
1700 743 1848 782 salute

225 812 516 862 desperaret,
539 811 686 862 deque
706 811 796 851 Dei
816 811 1138 851 misericordia
1161 823 1305 862 usque
1330 811 1445 851 adeo
1467 811 1719 863 diffideret,
1752 819 1801 852 ut
1821 826 1847 852 a

224 882 377 921 multis
399 882 444 921 id
471 882 755 922 tentantibus
782 883 829 922 in
855 894 987 933 spem
1014 882 1132 933 erigi
1159 894 1253 921 non
1283 883 1507 933 potuerit,
1539 883 1850 923 invisentibus

222 964 327 992 eum
347 952 587 1001 Patribus,
612 952 771 992 divino
794 952 958 993 favore
987 953 1181 1004 resipuit
1212 965 1265 992 ac
1297 965 1472 1004 paucos
1493 960 1595 1004 post
1626 953 1724 993 dies
1752 955 1846 993 ani—

224 1035 348 1063 mam
366 1023 553 1063 efflavit.

303 1094 377 1133 Ad
397 1094 714 1134 confessiones
736 1092 907 1145 magno
928 1106 1121 1134 numero
1144 1100 1187 1134 et
1205 1095 1449 1134 devotione
1467 1085 1775 1145 concurritur,
1801 1101 1845 1134 et

225 1165 344 1204 inter
367 1177 460 1211 eos,
485 1166 562 1216 qui
589 1166 751 1205 crebro
781 1166 839 1205 ad
865 1177 946 1205 eas
973 1178 1027 1205 ac
1056 1166 1402 1205 sanctissimum
1422 1166 1747 1205 Eucharistiae
1776 1177 1844 1205 sa-

225 1242 513 1275 cramentum
541 1237 790 1286 accedunt,
820 1237 1024 1276 maxima
1050 1248 1161 1287 pars
1188 1248 1349 1276 eorum
1375 1243 1465 1286 est,
1497 1237 1575 1287 qui
1602 1248 1713 1276 vere
1740 1248 1842 1288 pos—

225 1311 330 1344 sunt
353 1306 617 1357 spirituales
638 1307 883 1358 appellari,
908 1319 1017 1347 nam
1034 1306 1222 1347 Domini
1242 1307 1443 1357 vestigia
1465 1318 1644 1346 summo
1660 1306 1845 1347 fervore

224 1383 581 1427 prosequuntur.
606 1377 666 1417 Hi
689 1389 790 1418 sese
811 1378 858 1418 in
876 1378 1208 1430 componendis
1226 1378 1590 1418 dissensionibus
1607 1384 1841 1423 exercent,

222 1454 265 1485 et
286 1447 516 1498 mulieres,
541 1448 852 1498 perniciosam
868 1449 1015 1489 vitam
1031 1455 1240 1500 agentes,
1263 1449 1322 1488 ad
1338 1448 1508 1488 bonam
1526 1455 1728 1488 mentem
1744 1449 1841 1488 red—

221 1518 390 1557 ducere
444 1518 650 1569 student,
700 1531 958 1571 pauperum
999 1520 1045 1559 in
1090 1520 1396 1571 hospitalibus
1442 1531 1603 1559 curam
1648 1519 1841 1568 habent,

221 1587 405 1628 demum
432 1589 619 1640 pietatis
655 1595 699 1629 et
733 1590 977 1630 charitatis
1026 1589 1338 1629 functionibus
1373 1601 1421 1630 se
1466 1590 1670 1629 studiose
1707 1601 1841 1629 occu-

222 1664 349 1708 pant.

299 1729 348 1769 P.
373 1729 654 1770 Paschasius
675 1731 828 1771 multis
850 1732 895 1771 in
916 1732 1182 1782 praesentia
1203 1731 1460 1783 spiritualia
1490 1730 1569 1770 dat
1594 1730 1838 1779 exercitia,

221 1807 263 1839 et
286 1800 403 1840 inter
426 1801 541 1841 alios
563 1801 840 1853 quibusdam
860 1802 1176 1842 nobilissimae
1206 1801 1407 1841 familiae
1437 1801 1676 1841 foeminis:
1710 1801 1835 1841 dedit

221 1871 360 1909 etiam
381 1871 614 1922 plurimis,
638 1873 850 1922 proxime
873 1872 1042 1924 elapsis
1064 1872 1244 1921 diebus,
1278 1884 1334 1911 ex
1356 1872 1522 1923 quibus
1544 1872 1726 1923 aliquae
1748 1872 1839 1911 Vir-

220 1941 353 1990 gines
384 1942 646 1993 ingressae,
672 1943 855 1994 aliquae
876 1943 1175 1993 ingressurae
1196 1949 1303 1983 sunt
1324 1943 1569 1993 coenobia,
1593 1948 1638 1982 et
1664 1942 1842 1982 Doctor

220 2012 407 2063 quidam
437 2013 483 2052 in
509 2019 706 2065 utroque
730 2013 853 2064 jure,
881 2014 1045 2054 iisdem
1066 2014 1304 2053 exercitiis
1325 2019 1588 2064 promotus,
1627 2013 1686 2053 ad
1720 2012 1841 2052 idem

222 2083 554 2133 praestandum
584 2089 801 2135 paratum
822 2096 870 2123 se
892 2095 993 2124 esse
1014 2084 1269 2135 profitetur.
1302 2084 1362 2123 Hi
1393 2084 1604 2123 homines
1631 2084 1695 2123 ita
1726 2094 1839 2134 erga

222 2153 504 2193 Societatem
527 2160 631 2194 sunt
654 2153 823 2205 affecti,
848 2161 897 2194 ut
917 2166 1169 2206 numquam
1190 2167 1216 2194 a
1238 2155 1386 2205 nobis,
1411 2155 1519 2194 dum
1540 2160 1747 2205 possunt,
1772 2166 1837 2194 re-

219 2224 383 2264 cedere
405 2226 523 2264 velle
545 2225 816 2276 videantur;
841 2232 884 2265 et
905 2226 1119 2277 quamvis
1141 2226 1332 2266 audiant
1360 2226 1520 2265 diebus
1546 2225 1675 2265 festis
1703 2237 1840 2265 mane

219 2295 504 2346 concionem,
530 2302 573 2335 et
595 2308 621 2335 a
643 2295 839 2347 prandio
862 2296 1106 2336 lectionem
1128 2297 1182 2336 de
1205 2296 1457 2336 christiana
1480 2296 1708 2346 doctrina,
1732 2307 1835 2335 nec-

218 2377 311 2404 non
347 2365 468 2405 domi
503 2367 761 2406 orationem
796 2378 823 2405 a
858 2367 1079 2407 fratribus
1114 2368 1320 2407 habitam
1355 2368 1519 2418 (quam
1555 2374 1711 2406 tamen
1745 2379 1838 2406 non

223 2447 384 2475 omnes
405 2437 703 2488 intelligunt),
728 2450 820 2478 non
850 2439 938 2478 illis
960 2438 1005 2478 id
1032 2438 1218 2488 sufficit3
1243 2439 1394 2478 adhuc
1422 2439 1592 2478 vellent
1623 2449 1649 2477 a
1677 2437 1724 2477 P.
1756 2437 1836 2476 Pa-

222 2507 406 2546 schasio
427 2507 662 2558 privatam
684 2509 1074 2559 exhortationem,
1095 2515 1357 2549 asserentes
1374 2521 1423 2548 se
1444 2520 1536 2548 non
1558 2508 1682 2547 aliud
1711 2514 1836 2558 opta-

218 2589 268 2616 re
290 2589 428 2629 quam
450 2579 683 2629 integrum
705 2580 825 2619 diem
846 2580 893 2619 in
914 2580 1072 2619 divino
1103 2580 1295 2620 servitio
1319 2580 1593 2630 transigere.

294 2647 369 2688 Ad
385 2660 472 2688 nos
495 2649 681 2689 deducti
712 2650 841 2690 fuere
870 2651 1055 2700 (nostro
1083 2651 1242 2690 audito
1266 2650 1489 2699 adventu)
1513 2650 1776 2700 complures
1808 2662 1835 2689 a
1893 2673 1897 2677 ·

212 2719 450 2769 spiritibus
468 2720 716 2760 immundis
737 2722 911 2769 vexati,
936 2734 993 2760 ex
1014 2721 1177 2772 quibus
1195 2721 1358 2761 mulier
1375 2721 1605 2771 quaedam
1623 2732 1649 2759 a
1666 2719 1834 2760 duode-

213 2789 303 2828 cim
323 2790 597 2830 milliaribus
619 2797 687 2830 est
710 2791 926 2831 adducta.
950 2791 1160 2831 Alteram
1183 2792 1424 2840 sacerdos,
1449 2791 1526 2842 qui
1547 2791 1663 2830 alias
1685 2803 1788 2830 eam
1809 2803 1836 2830 a

212 2860 454 2899 daemonio
472 2861 668 2901 liberare
684 2868 878 2901 conatus
896 2861 1060 2913 suerat,
1081 2861 1286 2912 deduxit,
1307 2862 1385 2913 qui
1402 2860 1603 2913 quadam
1621 2862 1833 2913 simplici—

213 2937 306 2970 tate
322 2931 370 2970 P.
391 2931 643 2971 Paschasio
662 2933 843 2972 dicebat
859 2932 1132 2972 daemonem
1149 2933 1195 2972 in
1214 2933 1346 2984 digiti
1366 2933 1546 2984 apicem
1562 2944 1612 2972 se
1629 2933 1837 2983 recipere

213 3002 438 3051 coegisse,
463 3002 543 3042 sed
560 3004 829 3053 neutiquam
850 3003 955 3043 inde
973 3003 1217 3043 detrudere
1236 3004 1363 3043 illum
1378 3003 1599 3054 potuisse.
1623 3003 1753 3043 Haec
1775 3003 1833 3042 ab
