1987 3260
851 174 933 211 AN.
965 174 1057 212 1550
1693 175 1765 214 241

145 283 264 324 quae
285 277 381 311 tum
411 271 469 311 ad
494 277 724 320 nostram,
756 275 853 310 tum
883 270 942 310 ad
969 270 1167 310 aliorum
1197 269 1396 309 salutem
1421 271 1770 320 procurandam.

146 342 341 391 faciunt,
365 348 491 381 recte
513 341 848 392 intelligamus,
872 346 916 380 et
936 346 1123 380 strenue
1143 338 1455 391 perficiamus.

226 411 326 451 Hoc
355 423 497 451 unum
524 410 696 450 addere
731 410 919 450 tandem
952 410 1106 450 visum
1127 416 1217 460 est,
1255 415 1300 450 et
1333 410 1492 460 magni
1527 421 1638 450 sane
1673 422 1766 450 mo-

146 482 287 522 menti
310 481 435 532 illud,
459 481 675 532 dignetur
696 488 746 521 ut
767 481 820 522 R.
844 480 894 521 P.
917 481 968 521 T.
988 481 1172 532 precari
1190 492 1274 532 pro
1291 480 1559 531 Germania,
1577 480 1770 532 eiusque

144 558 316 592 statum
337 553 462 592 omni
483 564 542 592 ex
562 558 695 603 parte
715 552 1040 603 miserabilem,
1070 558 1114 592 et
1144 551 1240 592 suis
1268 557 1313 591 et
1339 551 1537 592 fratrum
1563 551 1769 591 omnium

144 623 357 674 precibus
379 622 566 663 Christo
589 622 897 663 commendet.

226 694 521 745 Ingolstadii,
543 694 595 734 28
615 694 889 734 Decembris
910 705 1033 733 anno
1059 693 1172 734 1550.

223 764 446 816 Indignus
466 765 513 805 in
534 765 720 805 Christo
740 764 963 805 Servulus

1099 905 1283 946 PETRUs
1313 906 1542 947 CAlequ.

223 1153 906 1239 Superscmptzb.—IITIS-R.d0
934 1190 1184 1230 admodum
1215 1191 1262 1230 in
1281 1189 1484 1230 Domino
1504 1189 1627 1241 patri
1648 1201 1769 1234 meo.

143 1258 202 1298 M.
226 1258 406 1309 Ignatio
428 1258 484 1298 de
504 1258 704 1310 Loyola,
728 1258 1002 1311 Praeposito
1023 1259 1271 1301 Societatis
1290 1261 1422 1313 Jesu,

1315 1401 1499 1446 ROMAE.

230 1617 338 1658 Alia
360 1628 528 1657 manu:
553 1615 667 1656 1550.
691 1616 763 1655 Ex
783 1615 1084 1666 ingolstadio,
1106 1614 1158 1654 28
1182 1612 1316 1654 X.bris

224 1689 287 1729 Et
307 1688 403 1729 alia
414 1687 571 1739 juxta
591 1686 812 1737 sigillum
834 1697 965 1725 cerae
983 1685 1154 1725 rubrae
1175 1685 1486 1735 snspraesum:
1504 1683 1571 1726 50.

195 1929 368 1957 Habemus
383 1928 486 1955 etiam
502 1929 533 1955 in
548 1927 707 1954 Historia
724 1927 842 1957 varia!
854 1926 922 1952 vol.
938 1932 958 1957 1,
973 1925 1029 1952 sol.
1045 1926 1106 1959 195,
1123 1925 1335 1959 hispanicam
1349 1925 1471 1953 harum
1486 1926 1680 1953 litterarum
1694 1934 1772 1954 ver-

141 1978 269 2005 sionem
284 1976 420 2003 saeculo
435 1982 494 2002 xvl
509 1975 648 2008 factam,
664 1981 765 2008 quam
778 1973 832 2000 hic
850 1973 1011 2005 inserere,
1030 1973 1062 1999 in
1077 1980 1193 1999 eorum
1214 1972 1366 2006 gratiam
1386 1972 1506 2006 quibus
1527 1973 1634 2000 latina
1652 1973 1770 2007 lingua

141 2028 200 2052 aut
215 2022 360 2051 difficilis
375 2026 434 2049 aut
455 2022 572 2056 ignota
596 2025 664 2055 est,
689 2025 722 2048 et
745 2028 785 2047 ne
809 2024 909 2047 vetus
931 2019 994 2046 hoc
1017 2024 1155 2047 nostrae
1179 2019 1343 2046 historiae
1368 2024 1619 2047 monumentum
1643 2020 1774 2048 diutius

145 2073 252 2099 lateat
269 2073 301 2096 et
318 2068 452 2103 penitus
466 2069 624 2101 intereat,
641 2074 764 2101 operae
778 2067 925 2101 pretium
937 2066 1048 2093 visum
1063 2070 1125 2093 est.

880 2266 1058 2320 JESUS

656 2391 695 2417 de
711 2389 928 2426 yngolstadio
950 2389 984 2416 ‘28
1005 2390 1043 2415 de
1061 2388 1156 2416 Dez.e
1172 2388 1250 2416 1550.

214 2534 315 2576 R.d0
336 2546 394 2574 en
414 2534 533 2585 Xpo.
557 2540 623 2585 p.e

212 2607 258 2646 la
284 2606 445 2656 gracia
481 2604 537 2644 de
570 2615 670 2644 nro.
706 2603 751 2644 S.
788 2604 976 2656 ihuxpo.
1009 2617 1041 2655 y
1068 2609 1294 2655 perpetua
1324 2614 1412 2654 paz
1438 2615 1518 2643 sea
1545 2615 1635 2644 con
1660 2616 1765 2645 nos-

134 2682 275 2717 otros.
299 2676 512 2727 Despues
533 2686 620 2726 que
642 2675 749 2715 vino
772 2676 879 2726 aqui
899 2675 940 2714 el
960 2674 1061 2714 R.d⁰
1088 2681 1156 2726 pe
1182 2681 1265 2713 m.e
1286 2673 1471 2725 njcolao
1491 2674 1710 2725 goudano
1732 2689 1763 2727 y

135 2759 188 2787 su
218 2750 499 2798 compafiero
529 2752 611 2785 m.e
638 2745 782 2797 pedro
812 2745 1045 2785 scorichio
1073 2756 1186 2785 aora
1215 2751 1381 2796 quatro
1412 2755 1577 2796 meses,
1601 2757 1686 2797 por
1716 2747 1762 2786 la

135 2828 267 2857 suma
293 2816 479 2857 bondad
512 2816 568 2856 de
602 2815 718 2857 Dios
753 2822 957 2856 estamos
991 2816 1168 2856 buenos
1197 2828 1227 2866 y
1254 2827 1339 2855 nos
1367 2816 1678 2856 exercitamos
1704 2828 1764 2857 en

135 2899 232 2928 nro.
257 2887 390 2927 oficio
411 2887 467 2927 de
487 2888 597 2937 leer3
620 2898 680 2926 no
703 2890 803 2927 esta
823 2888 954 2927 lexos
974 2887 1030 2927 de
1052 2888 1159 2938 aqui
1180 2887 1220 2926 el
1240 2885 1341 2926 R.<¹0
1362 2885 1434 2926 Re
1456 2885 1665 2938 Claudio,
1689 2887 1763 2927 del

136 2958 242 3009 qual
261 2957 456 2998 muchas
477 2969 615 2997 vezes
636 2969 764 2998 emos
786 2957 921 2997 dicho
943 2963 1116 3008 quanta
1138 2957 1293 3005 avuda
1315 2968 1394 2996 sea
1417 2959 1485 2996 asi
1516 2968 1630 3007 para
1658 2969 1763 2998 nos-

323 3032 373 3068 T.
398 3043 423 3066 1.
1533 3033 1573 3068 16
