1987 3260
278 229 348 265 418
783 229 1005 265 LITTERAE
1033 240 1387 272 QUADRIMESTRES

1041 679 1135 732 CV

349 908 395 944 P.
418 905 580 943 Paulus
600 907 642 943 d’
663 905 848 942 Achillis

398 971 519 1007 Patri
537 970 706 1018 Ignatio
726 971 778 1007 de
794 970 975 1017 Loyola.

442 1035 673 1081 Panormo,
695 1035 718 1071 8
736 1034 1010 1081 Septembris
1032 1034 1118 1071 1551
1143 1035 1166 1069 ¹.

856 1224 1032 1278 jesus
1060 1227 1087 1272 ψ
1117 1224 1318 1265 MARIA

354 1386 517 1427 Gratia
540 1392 583 1426 et
603 1398 697 1437 pax
718 1385 906 1425 Domini
925 1384 1083 1424 Nostri
1103 1384 1213 1436 Jesu
1235 1384 1408 1425 Christi
1429 1396 1612 1435 semper
1634 1385 1834 1424 abundet
1852 1386 1898 1424 in

274 1457 495 1497 cordibus
516 1456 703 1496 nostris.
726 1455 893 1496 Amen.

351 1527 442 1567 Pro
469 1538 598 1567 more
630 1539 655 1566 a
685 1527 841 1566 multis
867 1526 1103 1565 mensibus
1126 1538 1153 1565 a
1174 1531 1238 1575 te,
1273 1525 1595 1565 colendissime
1623 1525 1774 1576 Pater,
1803 1537 1895 1565 non

272 1598 423 1638 minus
449 1598 522 1649 pie
549 1609 688 1648 quam
708 1597 959 1648 prudenter
987 1596 1211 1646 instituto,
1239 1608 1416 1646 eorum,
1440 1608 1557 1647 quae
1584 1596 1630 1635 in
1651 1596 1739 1636 hac
1766 1596 1893 1647 urbe,

272 1680 352 1720 per
381 1680 475 1719 eOS‚
509 1668 587 1719 qui
614 1680 662 1708 se
689 1673 811 1707 totos
837 1667 1169 1708 Sanctissimae
1195 1667 1306 1720 Jesu
1340 1666 1562 1706 Societati
1588 1667 1894 1717 devoverunt,

272 1739 397 1778 Deus
419 1739 630 1790 Optimus
650 1738 885 1778 Maximus
905 1738 976 1777 his
1004 1743 1203 1788 quatuor
1224 1738 1402 1777 exactis
1422 1738 1635 1789 proxime
1658 1738 1893 1777 mensibus

271 1810 454 1860 operari
475 1809 693 1860 dignatus
711 1814 800 1857 est,
823 1808 1051 1848 rationem
1072 1807 1352 1858 redditurus,
1374 1820 1399 1847 a
1420 1808 1631 1859 profectu
1652 1808 1893 1859 discipulo·

270 1891 386 1930 rum,
410 1880 539 1931 cujus
560 1891 644 1919 nos
664 1880 902 1930 poenitere
924 1891 1013 1918 non
1037 1885 1202 1930 potest,
1227 1878 1565 1930 auspicandum
1583 1879 1756 1918 censui.

349 1950 521 2002 Omne-s
548 1950 779 2001 discipuli,
810 1961 1007 2001 quorum
1041 1949 1259 2000 frequens
1296 1961 1478 2001 semper
1511 1956 1579 1989 est
1615 1950 1673 1989 ad
1706 1956 1896 1989 nostras

270 2022 453 2061 scholas
475 2027 519 2061 et
536 2032 812 2061 numerosus
833 2032 1103 2071 concursus,
1128 2032 1212 2060 sex
1233 2020 1472 2060 ordinibus
1495 2032 1549 2060 ac
1570 2020 1714 2060 veluti
1736 2021 1893 2060 classi-

268 2093 352 2132 bus
373 2091 619 2141 distributi,
642 2091 731 2130 Dei
753 2090 927 2142 Optimi
948 2090 1141 2130 Maximi
1167 2102 1374 2140 munere,
1397 2091 1456 2130 ad
1477 2102 1612 2130 omne
1632 2090 1819 2130 virtutis
1839 2102 1898 2130 ae

268 2163 541 2202 eruditionis
575 2173 724 2213 genus
758 2172 956 2212 magnos
994 2172 1276 2212 progressus
1311 2161 1513 2212 quotidie
1548 2160 1737 2201 faciunt.
1774 2160 1893 2200 Nam

269 2239 596 2285 praeceptores
631 2233 755 2273 omni
791 2232 932 2272 animi
967 2232 1261 2272 contentione
1292 2232 1507 2272 laborant
1537 2238 1586 2272 ut
1616 2244 1709 2272 non
1743 2234 1892 2272 solum

268 2305 513 2357 doctrinae
527 2304 719 2354 semina,
743 2303 824 2343 sed
845 2303 1048 2354 pietatis,
1074 2303 1198 2342 omni
1219 2314 1401 2342 morum
1427 2303 1665 2354 pravitate
1688 2303 1821 2354 (quae
1843 2303 1889 2342 in

268 2375 499 2415 nonnullis
516 2375 699 2414 radices
719 2374 855 2413 altius
872 2374 1049 2424 egerat)
1067 2373 1277 2424 stirpitus
1290 2374 1465 2423 evulsa,
1483 2374 1598 2413 bene
1611 2374 1747 2413 cultis
1764 2385 1891 2413 man-

269 2446 375 2485 dent
398 2445 580 2485 animis.
604 2445 670 2484 Ita
693 2444 741 2484 fit
761 2450 811 2484 ut
830 2456 924 2484 non
944 2444 1080 2484 modo
1104 2444 1335 2495 corruptis
1363 2455 1544 2494 semper
1566 2444 1737 2494 aliquid
1759 2444 1887 2483 dece-

269 2517 346 2556 dat
368 2516 585 2564 moribus,
612 2515 693 2554 sed
713 2515 772 2554 ad
794 2515 1011 2554 virtutem
1032 2520 1076 2554 et
1097 2514 1404 2554 eruditionem
1431 2525 1602 2565 magna
1635 2514 1714 2553 fiat
1736 2525 1887 2553 acces-

269 2587 350 2626 sio.
363 2585 611 2625 Potissima
625 2590 779 2624 tamen
795 2583 1074 2636 impenditur
1092 2596 1234 2635 opera
1252 2585 1297 2623 in
1315 2585 1486 2624 teneris
1501 2595 1750 2635 puerorum
1768 2595 1890 2624 men-

269 2657 388 2696 tibus
406 2656 530 2695 omni
546 2666 718 2705 genere
734 2654 919 2705 pietatis
937 2660 979 2693 et
997 2654 1236 2704 religionis
1253 2654 1523 2703 imbuendis;
1544 2665 1628 2693 nec
1647 2660 1742 2693 tam
1757 2665 1888 2704 prae-

269 2727 532 2778 ceptoribus
547 2725 764 2765 videntur
780 2725 1084 2775 promovisse,
1104 2725 1182 2775 qui
1199 2725 1475 2764 dexteritate
1491 2724 1663 2774 ingenii
1680 2724 1888 2764 celeriter

322 2884 332 2904 ¹
370 2883 616 2917 Autographae
634 2883 728 2909 Pauli
744 2883 772 2908 d'
785 2882 929 2909 Achillis
944 2881 1081 2909 litterae
1096 2886 1172 2909 sunt
1189 2883 1219 2909 in
1235 2882 1313 2909 folio
1329 2882 1452 2916 duplici
1467 2881 1545 2908 olim
1556 2882 1608 2908 369
1622 2886 1654 2909 et
1668 2882 1729 2915 370,
1743 2886 1828 2910 nunc
1842 2884 1889 2910 30.

269 2931 393 2965 Aliqua
415 2931 447 2957 in
471 2931 519 2956 eis
544 2930 738 2956 emendavit
763 2932 821 2956 aut
846 2929 1060 2956 oblitteravit
1083 2928 1258 2955 Polancus.
1279 2929 1407 2955 Earum
1426 2933 1539 2955 autem
1563 2929 1609 2956 sic
1632 2930 1886 2958 emendatarum

269 2978 468 3011 exemplum.
483 2984 503 3003 a
520 2976 553 3003 P.
571 2976 744 3002 Bernardo
761 2974 910 3002 Oliverio
926 2975 1123 3007 confectum,
1141 2975 1302 3002 habemus
1318 2974 1348 3001 in
1366 2975 1453 3002 foliis
1475 2975 1510 3001 36
1524 2979 1556 3002 et
1576 2976 1609 3002 37
1625 2976 1756 3004 Codicis
1771 2978 1889 3005 1551.—

270 3024 336 3050 Nos
351 3025 404 3051 hic
419 3023 652 3057 autographas
668 3023 802 3049 litteras
817 3023 1092 3049 transcribemus.
