1987 3260
837 167 918 204 AN.
949 166 1036 203 1551
1673 166 1738 202 421

199 266 281 306 His
316 265 475 305 diebus
510 265 749 317 proximis,
786 276 892 305 cum
926 275 1044 304 unus
1077 276 1100 303 e
1129 264 1301 303 nostris
1333 263 1391 303 ad
1414 263 1548 303 unius
1571 263 1739 302 infirmi

117 336 396 377 audiendam
417 336 758 376 confessionem
780 347 828 375 se
851 334 1142 384 contulisset,
1166 345 1271 374 eum
1299 346 1326 374 a
1346 334 1494 373 tribus
1522 333 1655 373 annis
1678 334 1737 372 al-

117 407 203 447 teri
225 406 409 447 cuidam
429 406 640 457 graviter
668 406 898 449 infensum
925 405 1250 456 deprehendit;
1273 410 1317 444 et
1339 404 1553 455 quamvis
1575 403 1740 443 horum

115 478 367 518 familiares
389 477 518 517 multi
537 477 610 516 vel
632 477 821 527 cognati
841 483 975 516 vetus
998 475 1108 515 illud
1129 475 1285 515 odium
1312 475 1586 525 extinguere
1614 476 1738 514 nullo

114 560 207 588 non
227 555 350 588 moto
367 547 521 599 lapide
541 554 814 598 tentassent,
838 553 882 587 et
903 558 982 586 eos
1003 547 1048 586 in
1069 547 1272 597 gratiam
1293 546 1531 595 reducere,
1554 557 1735 584 necnon

116 619 303 671 quidam
324 619 540 658 doctores
561 619 768 669 theologi
789 619 877 658 hac
900 618 946 657 in
967 629 1016 657 re
1047 619 1241 657 multum
1272 617 1577 656 desudassent
1595 648 1602 666 ,
1627 616 1739 655 nihil

116 697 271 730 tamen
292 700 482 741 prorsus
510 701 660 741 neque
681 689 727 729 hi
748 700 896 740 neque
924 688 987 728 illi
1017 687 1197 727 efficere
1225 693 1490 738 potuerunt.
1519 686 1609 727 Sed
1631 698 1738 737 quo-

118 761 242 800 niam
263 760 453 811 spiritus
473 760 550 799 ubi
577 761 676 800 vult
705 760 871 811 spirat,
905 765 948 798 et
977 757 1152 809 majore
1180 757 1381 809 quodam
1411 757 1569 797 afflatu
1597 757 1736 807 vires,

117 831 282 882 quibus
317 830 414 881 ipse
446 831 656 880 voluerit,
687 830 870 870 divinas
904 829 1117 875 infundit,
1154 829 1231 868 ubi
1256 829 1458 880 primum
1487 834 1645 868 noster
1666 828 1740 867 ille

117 901 349 949 sacerdos,
385 902 462 951 qui
492 901 748 952 spiritualis
775 901 983 940 medicus
1016 900 1075 939 ad
1105 906 1350 949 aegrotum
1383 899 1571 938 morbos
1599 898 1740 938 animi

114 978 365 1011 sanaturus
399 972 634 1023 profectus
667 972 832 1022 fuerat,
869 978 1108 1022 tamquam
1141 970 1230 1010 Dei
1258 970 1469 1010 minister
1495 981 1601 1009 eum
1635 981 1741 1009 cum

115 1042 299 1082 Christo
321 1043 683 1092 reconciliasset,
707 1042 805 1093 ejus
826 1042 1149 1082 adversarium
1173 1041 1404 1091 convenit,
1429 1039 1618 1092 ejusque
1642 1051 1738 1079 cor-

114 1125 251 1153 neam
283 1113 445 1153 fibram
479 1121 733 1165 pectusque
769 1113 1145 1161 adamantinum,
1174 1124 1266 1152 non
1296 1112 1464 1152 hircini
1497 1111 1742 1162 sanguinis

116 1184 404 1235 aspersione,
436 1185 518 1224 sed
539 1185 594 1224 de
629 1184 953 1236 pretiosissimi
983 1184 1226 1234 sanguinis
1255 1183 1354 1223 veri
1381 1189 1424 1222 et
1454 1183 1739 1222 immaculati

116 1255 248 1305 agni,
280 1254 540 1295 Salvatoris
565 1255 722 1295 Nostri
749 1255 859 1307 Jesu
887 1254 1080 1305 Christi,
1116 1255 1358 1304 effusione,
1392 1254 1448 1294 de
1476 1253 1739 1294 condonata

114 1326 406 1365 inimicorum
434 1325 622 1377 injuria,
647 1326 702 1366 de
723 1326 839 1365 fusis
866 1326 924 1366 ad
952 1325 1138 1366 Patrem
1168 1326 1215 1365 in
1243 1325 1614 1376 crucifigentium
1635 1335 1737 1374 gra-

112 1397 225 1436 tiam
253 1397 483 1448 precibus,
520 1396 754 1437 mentione
789 1396 929 1447 facta,
960 1397 1199 1447 perfregit,
1230 1396 1428 1447 disrupit
1459 1403 1504 1435 et
1531 1394 1733 1435 emolliit:

111 1468 198 1506 hoc
219 1467 342 1507 enim
361 1478 510 1518 genus
533 1467 795 1507 adamantis
816 1468 941 1507 nulla
967 1467 1057 1507 alia
1087 1467 1259 1506 virtute
1280 1473 1360 1506 aut
1387 1467 1553 1506 robore
1574 1466 1737 1505 melius

110 1538 394 1577 dissolvitur.
432 1537 532 1578 Hoc
566 1543 705 1589 pacto
740 1538 1068 1587 inveteratum,
1102 1542 1146 1577 et
1176 1537 1350 1577 intimis
1379 1537 1516 1577 altius
1546 1537 1735 1577 insitum

109 1609 408 1659 praecordiis,
434 1609 685 1660 extirpavit
707 1609 877 1660 odium,
902 1621 986 1648 nec
1008 1609 1241 1648 hominem
1261 1608 1391 1659 prius
1412 1609 1606 1648 missum
1627 1607 1735 1648 fecit

109 1678 246 1718 Pater
263 1691 402 1730 quam
419 1686 717 1730 extorqueret
738 1680 796 1719 ab
818 1692 869 1720 eo
891 1686 940 1719 ut
958 1691 1141 1719 omnem
1159 1678 1384 1719 offensam
1402 1679 1658 1719 remitteret
1675 1681 1737 1719 al-

108 1749 193 1789 teri
212 1756 255 1788 et
277 1750 387 1789 illud
408 1750 501 1790 odii
518 1751 647 1790 virus
668 1751 715 1790 in
735 1750 989 1790 amicitiam
1010 1757 1054 1789 et
1085 1749 1343 1789 fraternam
1363 1750 1737 1790 benevolentiam

107 1827 428 1861 commutaret.
454 1820 531 1861 Sic
554 1833 671 1872 quos
694 1822 923 1861 diabolica
951 1821 1101 1871 fraus,
1131 1821 1445 1861 disseminatis
1465 1821 1732 1871 inimicitiis,

106 1890 416 1942 disjunxerat,
457 1892 617 1932 divina
658 1893 807 1932 virtus
849 1892 1057 1932 unanimi
1100 1892 1342 1932 eharitatis
1382 1892 1568 1931 vinculo
1599 1903 1735 1943 copu-

105 1963 237 2004 lavit.

185 2032 275 2074 Sed
296 2041 345 2073 ut
366 2034 425 2074 ad
448 2040 633 2074 caetera
655 2035 919 2084 veniamus,
950 2046 1044 2074 non
1070 2035 1207 2086 pauci
1239 2034 1426 2074 domum
1445 2041 1656 2074 nostram
1678 2034 1734 2073 de

106 2105 201 2144 suis
222 2116 306 2144 nos
328 2105 582 2145 consulturi
603 2105 742 2145 rebus
763 2106 1005 2155 accedunt;
1032 2118 1135 2145 eam
1157 2106 1326 2157 quippe
1349 2105 1404 2145 de
1425 2105 1558 2145 nobis
1580 2105 1734 2145 existi—

105 2175 356 2216 mationem
374 2176 531 2227 (quam
546 2176 674 2216 Deus
691 2176 904 2228 Optimus
921 2176 1155 2216 Maximus
1171 2182 1221 2216 ut
1242 2175 1300 2216 ad
1322 2174 1422 2226 ejus
1442 2176 1642 2227 gloriam
1658 2188 1732 2215 ex-

106 2247 231 2297 pedit
261 2250 466 2295 tueatur)
496 2254 831 2298 conceperunt,
854 2254 903 2287 ut
932 2259 957 2286 a
980 2247 1113 2287 nobis
1133 2248 1247 2287 nihil
1267 2247 1357 2287 nisi
1378 2253 1577 2297 rectum,
1607 2247 1734 2298 pium

107 2324 243 2368 atque
265 2318 510 2357 honestum
530 2317 847 2369 profecturum
868 2318 954 2357 sibi
974 2318 1302 2369 persuadeant;
1326 2329 1415 2369 quo
1437 2318 1485 2357 fit
1506 2323 1556 2357 ut
1571 2323 1732 2357 nostra

104 2389 296 2428 consilia
317 2389 532 2429 libentius
554 2391 897 2440 amplexentur,
922 2390 1100 2441 illisque
1120 2390 1305 2441 penitus
1331 2390 1652 2441 acquiescant3
1676 2402 1733 2429 ex

103 2460 267 2509 quibus
289 2460 430 2499 animi
448 2460 830 2511 tranquillitatem
851 2472 899 2500 se
921 2461 1142 2511 consequi
1159 2461 1340 2511 publice
1360 2460 1649 2512 profitentur.

180 2524 378 2571 Fructus
401 2543 513 2570 vero
535 2531 826 2581 concionum,
850 2543 968 2582 quae
989 2543 1016 2570 a
1037 2531 1235 2572 diversis
1256 2531 1500 2581 fratribus,
1524 2531 1727 2571 diversis

105 2601 149 2640 in
182 2602 316 2652 locis,
355 2601 515 2641 haberi
551 2602 725 2652 solent,
758 2602 939 2641 silentio
970 2602 1414 2653 praetermittendus
1445 2613 1538 2641 non
1573 2608 1656 2642 est.
1689 2602 1733 2641 Α

104 2672 259 2711 multis
285 2672 540 2722 mensibus,
564 2679 613 2712 ut
641 2673 783 2712 semel
810 2679 947 2724 atque
978 2673 1144 2712 iterum
1173 2673 1361 2723 scripsi,
1391 2672 1622 2712 Dominus
1653 2672 1732 2712 Pe-

102 2750 198 2782 trus
229 2742 541 2783 Rivadeneira
569 2744 615 2783 in
644 2744 702 2783 D.
735 2743 928 2784 Antonii
957 2744 1203 2784 dominicis
1232 2743 1394 2784 diebus
1423 2750 1467 2783 et
1499 2744 1630 2783 festis
1661 2755 1732 2783 50-

100 2813 398 2853 lemnioribus
419 2814 688 2854 concionari
718 2821 991 2865 perseverat
1022 2820 1152 2854 tanto
1181 2815 1323 2854 animi
1351 2814 1559 2865 fervore,
1584 2814 1733 2854 erudi-

101 2884 224 2923 tione
246 2891 289 2923 et
311 2891 576 2935 venustate,
601 2893 650 2925 ut
672 2885 910 2925 auditores
934 2886 1027 2937 (qui
1054 2886 1253 2936 plurimi,
1278 2897 1370 2925 non
1392 2886 1542 2925 solum
1564 2897 1622 2925 ex
1642 2886 1731 2937 ple—

103 2953 215 3004 bejis
237 2962 279 2994 et
309 2956 533 2996 tenuioris
563 2956 799 3006 fortunae,
832 2956 911 2995 sed
942 2957 1083 2996 etiam
1113 2956 1415 2996 nobilioribus
1446 2962 1490 2996 et
1520 2968 1612 2996 non
1643 2968 1734 2995 me-
