1987 3260
878 219 961 256 AN.
993 218 1082 255 1552
1726 218 1792 254 651

169 329 316 368 aequo
337 328 385 357 se
405 315 546 356 fuisse
568 316 654 366 ipsi
676 327 858 367 quoque
879 321 923 355 et
951 322 1212 366 agnoscunt
1241 320 1284 354 et
1312 314 1530 354 fatentur.
1565 314 1792 353 Paulatim

168 395 321 428 tamen
339 386 434 438 jam
456 386 670 426 meliores
691 398 843 426 mores
865 386 1068 425 induere.
1089 384 1302 425 Accessit
1320 384 1379 424 ad
1397 389 1606 434 caetera,
1626 384 1794 434 quibus

170 458 292 509 apud
330 457 427 508 ejus
461 457 668 507 regionis
705 458 881 496 incolas
916 455 1015 496 Deo
1049 456 1240 506 gratiae*
1273 455 1556 505 agebantur,
1599 454 1793 494 evidens

168 529 307 568 etiam
328 528 617 568 miraculum.
644 528 759 568 Cum
780 528 901 567 enim
922 538 947 565 a
966 526 1122 566 multis
1143 525 1305 565 diebus
1322 525 1434 565 nihil
1451 526 1634 577 penitus
1655 525 1794 576 pluis-

170 605 252 643 set.
273 599 458 650 jamque
479 598 730 649 desperare
753 597 914 637 rustici
936 597 991 636 de
1015 597 1252 647 segetibus
1271 596 1556 646 viderentur,
1581 596 1655 635 die
1685 608 1793 647 quo-

168 671 290 716 dam,
315 669 598 709 circumacta
622 681 703 720 per
726 680 866 719 agros
889 681 913 707 a
937 667 1098 708 R.d0P.
1117 668 1297 720 Joanne
1315 667 1526 718 Philippo
1545 678 1683 706 cruce
1700 668 1795 718 pul-

168 741 424 789 cherrima,
455 751 572 791 quae
600 751 658 779 ex
688 740 814 790 ligno
843 739 995 779 crucis
1027 737 1301 778 Dominicae
1330 737 1543 777 confecta
1573 737 1792 785 creditur,

166 802 619 862 pretiosissimusque
655 822 747 849 non
778 810 1009 849 immerito
1045 807 1142 859 ejus
1173 809 1263 848 loci
1298 808 1495 848 habetur
1528 808 1792 855 thesaurus,

165 882 415 921 comitante
437 882 575 930 longa
598 881 837 920 hominum
858 880 977 919 serie
998 879 1236 930 utriusque
1259 890 1413 929 sexus,
1439 879 1607 918 devote
1629 885 1674 918 et
1691 889 1796 918 cum

165 952 388 1003 lacrymis
423 951 782 1002 supplicantium
818 950 1118 1001 divinamque
1154 949 1503 1000 implorantium
1540 949 1797 989 miseri-cor—

166 1023 314 1070 diam,
339 1023 500 1062 eodem
522 1033 739 1073 vespere,
764 1033 854 1073 quo
878 1021 924 1061 in
947 1020 1199 1061 Abbatiam
1220 1032 1335 1060 crux
1358 1026 1521 1060 sancta
1543 1020 1689 1059 relata
1711 1028 1794 1066 est,

168 1094 289 1133 misit
309 1094 436 1133 Deus
457 1094 659 1132 clemens
681 1104 735 1131 ac
757 1093 1025 1132 misericors
1054 1091 1400 1143 copiosissimos
1428 1091 1622 1141 imbres,
1646 1102 1795 1142 neque

167 1175 402 1215 nunquam
441 1169 603 1214 postea
648 1163 913 1213 pluviarum
953 1162 1191 1202 affluentia
1237 1173 1320 1202 suo
1367 1168 1574 1211 tempore
1620 1161 1794 1201 deside-

170 1241 273 1275 rata
295 1240 378 1275 est.

246 1305 453 1346 Catanae
475 1318 502 1345 a
523 1305 624 1345 R.<¹0
650 1305 697 1344 P.
722 1305 886 1344 Natale
911 1305 1013 1352 (hoc
1035 1305 1157 1344 enim
1178 1310 1358 1344 tantum
1380 1310 1593 1354 superest
1616 1310 1664 1343 ut
1686 1304 1793 1343 huic

166 1377 345 1416 muneri
368 1376 674 1425 satisfaciam)
698 1376 787 1415 tria
808 1376 1057 1426 praecipue
1078 1375 1203 1416 facta
1234 1381 1360 1423 sunt,
1385 1386 1503 1426 quae
1532 1375 1795 1414 scribantur

165 1460 257 1487 non
278 1448 485 1498 indigna.
508 1447 551 1487 Is
572 1447 800 1498 siquidem
830 1447 993 1497 paucis
1015 1446 1199 1495 diebus,
1224 1446 1386 1497 quibus
1415 1446 1476 1485 ibi
1507 1445 1658 1485 fuerat
1689 1457 1794 1485 cum

164 1519 407 1569 Pro-rege,
433 1525 703 1569 antequam,
727 1516 925 1557 Romam
946 1517 1259 1568 profecturus,
1284 1517 1552 1556 Messanam
1570 1516 1792 1564 venisset,

163 1590 362 1641 primum
384 1589 506 1629 mille
527 1600 670 1640 prope
693 1599 861 1628 aureos
877 1593 1127 1627 coronatos
1144 1587 1306 1627 haberi
1323 1587 1507 1627 curavit
1524 1586 1583 1626 ad
1600 1586 1793 1626 erectio-

165 1673 269 1701 nem
289 1660 454 1700 domus
475 1660 812 1711 orphanorum,
837 1659 988 1710 qualis
1010 1664 1078 1698 est
1094 1658 1355 1698 Messanae.
1375 1657 1554 1697 Deinde
1572 1668 1794 1708 magnum

164 1732 465 1782 pecuniarum
502 1742 745 1771 numerum
784 1731 843 1770 ad
882 1729 1275 1770 reaedificandum
1305 1729 1668 1780 capuccinorum
1702 1728 1793 1768 fra-

163 1811 285 1842 trum
306 1802 639 1842 monasterium
660 1803 798 1852 paulo
820 1801 877 1840 ab
900 1801 1012 1840 urbe
1033 1800 1239 1851 longius,
1265 1800 1416 1839 diruto
1448 1800 1628 1851 priore,
1669 1800 1794 1850 quod

165 1873 302 1913 nimis
324 1873 563 1912 imminere
586 1873 827 1912 moenibus
849 1872 1109 1919 videbatur,
1135 1871 1221 1911 hoc
1243 1871 1520 1921 praesertim
1543 1881 1729 1910 rumore
1750 1876 1795 1910 et

164 1944 378 1984 incendio
398 1944 636 1983 bellorum.
661 1942 902 1982 Postremo
925 1943 971 1982 in
1000 1943 1158 1982 varios
1184 1953 1414 1993 pauperes
1444 1948 1629 1981 centum
1661 1952 1790 1980 coro-

166 2022 301 2054 natos
325 2014 533 2066 dispergi
555 2014 752 2054 curavit.

245 2085 402 2125 Habes
423 2085 542 2133 fere,
565 2084 614 2124 P.
641 2085 687 2124 in
707 2084 892 2124 Christo
922 2082 1371 2129 observandissime,
1402 2094 1520 2134 quae
1548 2082 1794 2123 scribenda

166 2157 299 2197 nobis
321 2162 596 2206 occurrunt,
628 2156 673 2195 in
696 2155 859 2207 quibus
887 2161 935 2194 ut
961 2155 1190 2194 fateamur
1220 2154 1394 2206 aliquid
1421 2166 1523 2194 esse
1550 2154 1660 2194 boni
1690 2154 1794 2205 (tibi

165 2228 286 2267 enim
307 2228 395 2267 hoc
416 2227 718 2278 relinquimus
742 2225 1090 2277 judicandum),
1121 2236 1296 2276 negare
1324 2231 1481 2266 tamen
1508 2237 1602 2265 non
1632 2237 1793 2276 possu-

166 2310 266 2338 mus
289 2300 431 2338 multo
453 2299 585 2349 plura
608 2309 708 2337 esse
738 2296 973 2345 debuisse,
1004 2297 1094 2336 nisi
1120 2297 1302 2347 gratiae
1330 2296 1418 2336 Dei
1446 2297 1792 2336 occasionibus-

165 2381 253 2420 que
274 2369 394 2408 datis
421 2376 582 2408 nostra
610 2368 806 2418 segnitie
833 2367 1154 2407 defuissemus.
1186 2366 1390 2407 Petimus
1418 2368 1574 2419 itaque
1606 2368 1793 2408 veniam

166 2441 412 2491 supplices,
436 2447 571 2490 teque
593 2450 753 2478 omnes
774 2445 947 2489 quanto
977 2450 1225 2490 possumus
1255 2438 1425 2479 affectu
1455 2438 1641 2479 Patrem
1667 2439 1792 2490 pien‹

166 2511 394 2551 tissimum
415 2511 494 2550 filii
516 2511 821 2561 deprecamur
848 2515 898 2549 ut
927 2509 1144 2560 precibus
1174 2509 1264 2549 tuis
1292 2510 1692 2560 sanctissimisque
1722 2521 1791 2549 sa-

165 2582 352 2621 crificiis
379 2582 423 2621 id
450 2592 755 2632 assequamur
782 2591 871 2631 quo
898 2580 1019 2620 hanc
1048 2578 1058 2598 ¹
1088 2592 1113 2619 a
1144 2580 1278 2620 nobis
1304 2581 1535 2631 expellere
1563 2581 1792 2631 longeque

165 2651 364 2703 abjicere
404 2654 635 2703 possimus
658 2684 664 2695 ,
713 2662 766 2690 ac
810 2650 997 2691 tandem
1040 2651 1288 2702 aliquando
1339 2651 1562 2691 sollicitos
1605 2650 1790 2691 Christo

166 2735 250 2762 nos
283 2723 586 2763 exhibeamus
615 2722 867 2762 ministros.
893 2721 982 2772 Qui
1011 2734 1130 2762 unus
1157 2722 1326 2772 dignus
1354 2728 1423 2762 est
1451 2734 1555 2761 cum
1578 2721 1715 2761 Patre
1747 2730 1791 2762 et

164 2793 338 2845 Spiritu
376 2793 562 2837 Sancto,
607 2793 679 2833 cui
719 2793 835 2841 laus,
878 2792 1026 2832 honor
1061 2799 1103 2832 et
1140 2794 1291 2843 gloria
1327 2793 1385 2832 sit
1421 2793 1468 2832 in
1498 2800 1787 2844 perpetuum.

166 2865 331 2905 Amen.

221 3028 226 3039 “
268 3027 463 3061 Segnitiem.
