1987 3260
896 175 976 212 AN.
1008 174 1098 211 1540
1744 177 1811 214 165

185 273 261 324 pio
289 272 440 324 quella
469 278 630 323 gente,
659 282 740 322 per
777 272 971 322 impedis
998 271 1042 311 la
1075 271 1413 322 predicatione,
1447 271 1663 312 tiravano
1693 272 1810 312 delle

184 344 332 394 pietre
354 343 441 382 alle
461 347 593 393 porte
613 342 733 382 della
754 342 925 381 chiesa.
951 341 1026 381 Ma
1046 341 1215 381 stando
1235 341 1265 380 il
1281 340 1433 381 Padre
1454 342 1655 382 tuttavia
1676 342 1806 382 saldo

184 420 229 454 et
252 412 565 453 continuando
587 424 615 452 a
633 413 878 464 predicare
900 424 982 463 per
1010 417 1106 452 otto
1135 411 1310 462 giomi,
1340 423 1434 451 non
1463 412 1562 452 solo
1598 411 1808 452 andarno

186 484 290 524 tutti
319 484 586 534 volentieri,
621 484 763 524 male
800 483 927 533 genti
960 482 1277 523 circunvieine
1306 482 1352 521 vi
1389 493 1665 533 eorrevano,
1700 494 1799 522 sen-

186 555 324 595 tendo
346 566 433 594 con
453 554 689 594 divotione
711 559 755 593 et
773 554 1028 593 attentione
1047 552 1381 604 grandissima.

264 625 474 665 Essendo
511 636 704 665 oceorso
740 629 1139 664 ammazzamento
1174 623 1221 663 di
1253 623 1332 674 piu
1366 622 1413 662 di
1451 622 1502 662 45
1534 634 1747 674 persone,
1785 636 1809 663 e

185 695 315 736 molti
335 695 459 735 feriti
479 702 552 735 tra
573 695 661 735 due
681 695 880 740 fauloni,
905 695 934 734 il
957 694 1130 746 Capit.⁰
1151 693 1194 734 d'
1218 705 1312 733 una
1332 692 1378 733 di
1399 704 1501 733 esse
1522 693 1602 745 piu
1622 699 1808 745 potente

184 767 222 806 si
245 766 451 816 humilia,
475 766 693 806 dimanda
715 766 760 806 di
782 765 1081 815 confessarsi,
1100 764 1303 804 doventa
1325 764 1702 804 mansuetissimo
1719 776 1809 804 eon

185 838 466 888 maraviglia
494 837 772 877 universale.
806 836 869 876 Le
897 836 1021 887 parti
1047 836 1086 875 si
1116 846 1231 875 sono
1262 835 1455 875 rimesse
1477 847 1504 874 a
1526 840 1699 886 quanto
1721 835 1807 874 dis-

184 911 325 958 porra
347 908 376 947 il
397 907 498 947 Pre.
523 907 649 947 circa
670 908 714 947 la
734 919 865 958 paee.

263 977 368 1018 Non
384 979 483 1018 solo
499 979 573 1018 nel
589 978 843 1029 spirituale,
864 990 939 1017 ma
961 989 1079 1017 anco
1100 978 1175 1017 nel
1197 977 1451 1029 temporale
1473 976 1512 1016 si
1533 976 1803 1025 rit‘ormant),

182 1049 309 1089 eirca
338 1048 522 1089 l’essere
543 1048 763 1088 ubidienti
792 1049 835 1088 ai
857 1048 1065 1099 prencipi
1087 1054 1131 1088 et
1157 1048 1305 1088 unirsi
1325 1047 1400 1088 nei
1428 1047 1707 1099 parlamenti
1729 1058 1807 1097 pu·

182 1119 324 1159 bliehi
346 1126 389 1159 et
410 1119 596 1171 privati.

263 1191 297 1230 Il
318 1190 420 1230 Pre.
443 1194 467 1230 e
488 1196 643 1230 amato
671 1202 695 1230 e
723 1191 915 1230 riverito
943 1190 1335 1230 universalmente
1363 1189 1422 1229 da
1449 1189 1557 1229 laici
1586 1202 1610 1228 e
1632 1189 1805 1238 cleriei,

181 1267 227 1301 et
249 1265 273 1301 e
296 1261 526 1301 ricercato
547 1260 606 1301 da
627 1261 734 1300 altri
754 1261 928 1311 luoghi.

268 1332 341 1372 Un
362 1332 605 1372 sacerdote
626 1331 665 1371 si
687 1331 850 1371 dedica
873 1332 963 1370 alla
986 1330 1292 1382 Compagnia.

265 1475 437 1514 Servat
475 1474 627 1514 adhuc
665 1474 951 1525 impressum
987 1473 1036 1512 in
1076 1483 1181 1512 cera
1229 1473 1374 1512 rubra
1413 1472 1655 1523 sigillum,
1685 1473 1809 1524 qnod

183 1585 251 1621 est
274 1546 385 1622 IIfIS.
