1987 3260
894 169 976 206 Ax.
1007 168 1097 207 1552
1712 191 1713 194 =
1730 171 1802 208 529

170 278 342 315 genere
363 266 598 328 prognati,
622 265 724 306 aliis
741 265 952 305 stimulus
972 271 1109 316 atque
1127 266 1389 316 exemplum
1406 265 1563 306 futuri.
1586 266 1781 318 Reliquo

174 349 275 377 rum
295 347 515 376 numerus
541 335 676 376 facile
703 335 924 386 brevique
951 341 1099 375 totum
1125 336 1372 386 occupabit
1398 336 1577 386 ludum,
1601 337 1640 376 si
1662 338 1799 377 modo

174 407 478 458 recipiantur;
501 406 566 457 id,
591 406 714 458 quod
741 406 902 446 abnuit
931 405 1160 446 Dominus
1190 405 1420 457 Antistes,
1450 406 1650 446 fortasse
1678 407 1800 447 insu-

173 489 254 528 per
275 477 452 517 veritus
473 477 538 527 (ut
560 476 823 528 conjectare
843 476 964 526 licet)
986 488 1042 516 ne
1064 482 1160 516 tam
1181 476 1336 516 multis
1362 477 1505 527 probe
1532 466 1800 518 erudiendis

173 549 287 588 satis
309 559 410 587 esse
432 559 592 588 omnes
614 559 705 588 non
738 547 989 599 possimus,
1022 547 1192 587 nedum
1222 546 1335 597 duo,
1368 548 1443 587 vel
1469 548 1610 588 etiam
1630 560 1687 588 ne
1709 560 1799 600 qua

174 619 329 659 multis
349 619 627 670 praebeatur
646 618 982 669 ludimagIStris
1003 617 1228 667 invidiae,
1253 617 1500 658 simultatis
1521 619 1799 659 calumniae-

173 702 260 741 que
281 690 481 729 occasio.
506 688 695 730 Praeest
716 701 966 741 puerorum
987 689 1126 729 classi
1147 688 1195 728 P.
1221 688 1395 729 Caesar
1413 690 1422 710 ¹
1445 689 1673 740 doctrina,
1697 701 1802 741 gra-

175 761 338 806 vitate,
362 760 590 800 industria
611 766 654 800 et
675 760 913 811 diligentia
930 759 1066 799 valde
1084 759 1140 799 ab
1156 759 1226 809 iis,
1251 760 1327 810 qui
1345 771 1450 799 eum
1469 766 1655 807 norunt,
1679 772 1802 801 com-

175 831 434 871 mendatus.
458 829 655 871 Scholae
676 831 830 880 alteri,
855 842 973 881 quae
995 836 1091 870 tum
1112 842 1169 870 ex
1190 829 1412 870 fratribus
1428 831 1602 871 nostris
1622 837 1720 871 tum
1743 845 1801 871 cx

174 902 398 951 externis,
441 901 712 952 disciplinae
750 901 1095 952 capacioribUS,
1137 901 1388 952 conflatur,
1430 901 1696 952 praefectus
1733 909 1802 942 est

173 974 378 1025 Joannes
400 973 684 1021 Gambarus,
717 972 862 1012 Teuto
890 972 917 1022 ⁶²,
948 973 1026 1024 qui
1053 973 1264 1012 omnibus
1291 973 1517 1012 hactenus
1548 973 1718 1013 charus
1738 974 1803 1012 vi-

175 1057 254 1084 sus
275 1051 344 1084 est
366 1051 503 1095 atque
525 1050 759 1095 acceptus.
781 1043 1153 1083 Praelectionum
1175 1050 1313 1095 atque
1331 1044 1804 1085 exercitamentorum

177 1116 383 1155 omnium
405 1122 533 1155 certa
554 1114 674 1154 ratio
705 1114 996 1166 praescripta
1027 1115 1327 1161 observatur,
1360 1127 1445 1154 nec
1472 1126 1587 1155 cura
1618 1116 1803 1155 modica

176 1195 219 1226 ct
236 1186 361 1238 jugis
383 1186 650 1235 adhibetur,
675 1192 723 1225 ut
744 1192 839 1224 tam
866 1197 1047 1225 morum
1075 1197 1214 1236 quam
1241 1186 1503 1238 litterarum
1530 1186 1577 1226 in
1605 1187 1703 1226 dies
1726 1199 1802 1226 au-

174 1263 336 1306 gescat
362 1256 618 1308 profectus,
649 1267 785 1307 quem
815 1262 859 1295 et
890 1256 1191 1307 conspicuum
1216 1256 1371 1296 facere
1401 1257 1621 1308 dignatur
1647 1258 1802 1308 gratia

162 1327 407 1373 >coelestis
431 1338 525 1366 non
546 1327 662 1366 citra
697 1326 921 1375 omnium,
953 1326 1030 1377 qui
1056 1327 1236 1377 vident,
1268 1327 1638 1368 aedificationem
1659 1334 1702 1368 et
1725 1341 1802 1380 ap-

176 1400 389 1449 plausum
411 1398 662 1447 ingentem.

253 1469 348 1509 Nec
378 1468 516 1519 friget
550 1468 757 1517 interim,
788 1473 1012 1518 quantum
1038 1468 1145 1507 licet
1172 1479 1253 1519 per
1285 1470 1694 1521 opportunitatem,
1732 1482 1802 1510 sa-

175 1551 363 1580 crorum
391 1539 754 1579 ministeriorum
780 1550 912 1587 usus;
942 1550 1027 1578 nec
1050 1538 1277 1579 obscurus
1302 1539 1409 1579 inde
1435 1541 1803 1591 poenitendusve

175 1617 244 1650 est
264 1616 535 1662 proventus.
561 1609 916 1650 Confessionum
943 1608 1254 1661 frequentiam
1281 1611 1379 1649 sola
1408 1610 1803 1653 confessariorum

174 1682 386 1732 paucitas
416 1680 639 1730 excludit,
670 1691 776 1720 cum
804 1680 998 1720 accedat
1027 1692 1376 1731 nonnumquam
1402 1687 1452 1721 ut
1482 1682 1631 1733 major
1652 1684 1803 1724 audiri

172 1759 370 1803 nequeat
392 1751 746 1802 efflagitantium
765 1762 899 1801 pars,
932 1750 1013 1790 sed
1039 1756 1118 1790 aut
1145 1762 1194 1790 re
1224 1751 1394 1791 infecta
1422 1759 1501 1792 aut
1529 1760 1653 1793 certe
1681 1766 1802 1794 com-

173 1823 497 1874 perendinata,
522 1834 614 1862 non
641 1822 795 1872 aliquo
822 1821 942 1861 forte
970 1822 1069 1861 sine
1099 1822 1397 1872 detrimento,
1430 1824 1563 1874 quasi
1589 1824 1802 1865 frustrati

173 1906 256 1934 suo
287 1894 538 1943 desiderio,
569 1894 652 1933 vsub
686 1898 871 1932 noctem
899 1891 1151 1932 abscedere
1178 1893 1377 1943 cogitur.
1407 1892 1611 1945 Singulis
1639 1896 1802 1936 diebus

173 1965 416 2005 dominicis
451 1972 529 2004 aut
559 1964 674 2004 alias
704 1964 834 2004 festis
861 1964 991 2003 multi
1020 1975 1157 2003 sacra
1185 1976 1347 2004 mensa
1378 1957 1798 2017 communicantur,

173 2037 296 2087 quod
322 2036 491 2076 facturi
519 2041 650 2075 erant
683 2036 837 2086 plures
865 2042 909 2074 et
936 2035 1244 2086 frequentius,
1275 2036 1461 2086 pietatis
1489 2049 1582 2076 non
1616 2039 1802 2089 vulgari

173 2107 326 2147 studio
357 2107 565 2155 accensi,
593 2106 682 2145 nisi
710 2106 848 2145 certis
877 2105 931 2144 de
968 2105 1122 2145 causis
1157 2106 1246 2145 alio
1276 2106 1616 2156 pertinentibus
1645 2109 1800 2149 mode-

176 2178 309 2218 randi
331 2178 616 2217 viderentur.

251 2250 344 2289 Illis
365 2249 529 2288 iisdem
546 2247 706 2288 diebus
723 2247 972 2287 conciones
988 2246 1043 2286 de
1066 2259 1193 2287 more
1215 2248 1354 2288 habet
1376 2249 1423 2288 P
1448 2249 1666 2290 Andreas
1685 2251 1798 2291 Fru-

172 2322 286 2371 sius,
312 2332 427 2371 quas
448 2320 619 2370 populo
639 2324 888 2371 pergratas
908 2329 993 2358 nec
1014 2318 1165 2358 minus
1187 2319 1322 2358 utiles
1343 2331 1444 2359 esse
1466 2322 1667 2361 ostendit
1684 2323 1800 2362 satis

171 2392 368 2431 celebris
398 2390 651 2439 hominum,
683 2401 800 2441 quos
828 2389 1049 2440 templum
1084 2389 1164 2428 vix
1191 2390 1316 2441 capit
1343 2402 1717 2443 nonnumquam,
1756 2400 1801 2433 et

173 2464 292 2503 inter
312 2474 392 2502 eos
422 2461 672 2501 celebrium
701 2472 883 2511 quoque
914 2466 957 2499 et
987 2460 1238 2510 insignium
1266 2467 1363 2500 tum
1388 2461 1588 2502 fortunis
1617 2470 1715 2503 tum
1736 2465 1799 2504 di·

172 2534 351 2584 gnitate
372 2545 465 2572 non
496 2543 774 2583 paucorum,
805 2542 1082 2579 concursus;
1112 2543 1294 2571 necnon
1322 2532 1525 2573 liberalis
1547 2534 1798 2586 eleemosy-

173 2616 353 2653 narum,
374 2604 418 2643 in
436 2614 665 2655 pauperes
681 2614 763 2653 per
779 2614 883 2642 eum
900 2602 1273 2651 commendatos,
1294 2604 1505 2654 erogatio
1524 2604 1622 2644 fieri
1643 2606 1794 2657 solita,

172 2683 267 2715 tum
296 2676 451 2726 palam
477 2686 531 2714 co
559 2674 657 2725 ipso
685 2673 757 2713 die
793 2680 836 2712 et
872 2674 987 2717 loco,
1022 2679 1117 2712 tum
1153 2674 1332 2713 occulte
1363 2681 1407 2713 et
1442 2676 1582 2714 aliubi
1619 2683 1795 2727 postea,

171 2744 426 2796 cujusmodi
449 2757 539 2784 una
561 2744 677 2784 haec
698 2744 896 2783 tacenda
918 2755 1009 2782 non
1039 2743 1236 2783 videtur.
1273 2743 1389 2784 Cum
1416 2746 1581 2786 nobilis
1609 2748 1799 2798 quidam

171 2829 341 2867 genere
364 2828 421 2856 ex
449 2815 608 2867 pingui
630 2814 817 2854 fortuna
853 2826 905 2853 co
944 2814 1163 2853 reductus
1196 2821 1317 2854 esset
1348 2818 1586 2867 egestatis,
1617 2824 1666 2858 ut
1698 2820 1799 2858 reli-

228 2927 234 2946 ¹
277 2927 313 2953 P.
331 2926 459 2953 Cacsar
477 2926 598 2953 Helmi.

225 2976 238 2993 ἕ
280 2974 364 3001 vide
382 2981 494 3008 supra,
508 2982 586 3008 pag.
602 2974 664 3004 51&
683 2979 750 3001 not.
768 2975 791 3000 1.

363 3033 396 3046 ,Γ

376 3047 411 3066 ι.
444 3045 465 3067 1.
1570 3047 1614 3080 134
