1987 3260
257 201 328 238 382
766 203 990 239 IATTERAE
1017 214 1372 246 QUADRmEsrREs

259 297 413 337 omnia
432 298 692 349 perducere
713 303 860 338 curat.
884 297 950 337 Ibi
974 309 1096 338 nunc
1117 297 1255 339 Pater
1274 299 1487 341 Bautista
1508 313 1613 342 cum
1640 303 1742 342 aliis
1773 303 1879 343 duo-

261 369 346 408 bus
368 369 516 409 adest.
540 370 716 409 Eodem
738 369 970 409 credimus
991 375 1168 419 septem
1183 371 1259 410 vel
1276 376 1381 411 octo
1402 383 1459 411 ex
1475 372 1551 412 hic
1571 374 1878 425 manentibus,

260 440 335 478 vel
356 440 394 479 si
415 440 571 490 plures
591 439 795 489 licuerit,
820 439 1083 479 mittendos.
1106 439 1244 479 Pater
1265 440 1476 481 Bautista
1502 442 1565 482 ibi
1592 443 1882 483 concionabi-

259 516 347 560 tur,
372 509 509 549 Pater
529 521 643 549 vero
671 509 1021 550 Maximilianus
1048 510 1319 551 dialecticae
1350 523 1538 552 cursum
1563 513 1880 564 interpretabi—

258 587 333 621 tur
371 582 477 621 illuc
515 582 750 631 euntibus,
789 582 1193 633 conscientiaeque
1235 583 1375 622 etiam
1413 583 1551 622 dubia
1589 586 1882 624 occurrentia

258 653 543 703 explanabit.
573 653 859 703 Theologiae
889 653 1013 692 enim
1040 665 1228 693 cursum
1256 653 1441 693 audivit
1462 654 1710 705 integrum.
1747 655 1884 696 Pater

259 723 490 772 Bautista,
521 728 767 774 postquam
789 723 896 763 hinc
918 723 1153 774 discessit,
1178 723 1338 764 diebus
1360 724 1603 764 dominicis
1623 725 1669 764 in
1691 724 1787 776 ejus
1807 738 1865 777 po

259 794 353 844 puli
376 794 545 844 templo
573 794 827 844 praecipuo
857 794 1160 834 concionatus
1183 801 1271 845 est,
1295 807 1566 846 summaque
1586 795 1659 835 X.i
1686 797 1862 836 clemen

258 864 322 903 tia
344 865 559 903 videntur
580 865 779 904 multum
800 865 1058 915 profecisse
1081 865 1224 905 cives.

339 934 491 985 Quum
512 935 663 974 adhuc
684 939 929 974 manerent
949 935 1197 985 nundinae,
1217 936 1465 987 inquisitor
1483 937 1670 988 quidam
1687 937 1883 977 Valliso-

258 1006 337 1044 leti
355 1017 408 1044 eo
427 1017 475 1044 se
494 1006 701 1055 contulit,
715 1006 930 1045 librarios
947 1007 1277 1057 voluminaque
1294 1007 1434 1046 etiam
1450 1009 1671 1047 nonnulla
1687 1008 1884 1048 visurus
1909 997 1912 999 Δ

259 1076 468 1115 haeresis
489 1082 720 1126 suspecta,
745 1078 1058 1127 populumque
1080 1082 1228 1117 totum
1249 1077 1295 1117 in
1325 1078 1494 1128 templo
1522 1078 1725 1118 maximo
1751 1078 1885 1130 jungi

259 1146 529 1197 imperavit,
550 1152 594 1186 et
615 1158 640 1186 a
668 1146 804 1186 Patre
837 1147 1049 1187 Bautista
1076 1159 1168 1187 non
1194 1149 1356 1199 parvis
1378 1148 1651 1199 efflagitavit
1671 1150 1886 1200 precibus

250 1222 305 1256 vut
333 1217 394 1256 ibi
421 1217 793 1257 concionaretur.
828 1218 1111 1258 Concionem
1139 1219 1300 1258 habuit
1327 1225 1457 1259 tanta
1489 1231 1595 1259 cum
1622 1220 1885 1260 auditorum

258 1288 397 1327 turha
418 1294 466 1327 ut
488 1299 573 1339 par
594 1288 697 1327 visa
720 1300 974 1339 numquam
994 1289 1146 1340 fuerit,
1172 1290 1520 1341 incredibilique
1537 1291 1675 1330 ctiam
1697 1291 1885 1342 spiritus

259 1358 442 1407 ardore,
467 1359 681 1398 concioni
702 1359 791 1398 fine
810 1359 906 1410 jam
928 1360 1160 1411 imposito,
1184 1360 1239 1400 de
1260 1361 1426 1411 gratiis
1447 1363 1628 1401 locutus
1649 1367 1731 1411 est,
1766 1373 1882 1413 quas

259 1429 359 1468 Deo
386 1430 664 1469 tenebantur
694 1441 858 1480 agere,
896 1442 1001 1470 cum
1030 1442 1134 1470 eum
1169 1431 1394 1471 haberent
1428 1432 1768 1483 Inquisitorem,
1805 1433 1883 1483 qui

259 1505 388 1539 tanta
412 1511 524 1539 cura
546 1500 604 1539 ab
626 1500 680 1539 iis
703 1512 838 1540 omne
860 1501 1069 1541 haeresis
1088 1513 1237 1552 genus
1265 1502 1487 1542 radicitus
1514 1503 1716 1542 avellere
1746 1514 1881 1542 cona-

258 1576 385 1610 retur
420 1571 652 1621 librosque
685 1571 825 1611 etiam
854 1573 1141 1622 perscrutari
1174 1579 1222 1612 ut
1257 1573 1323 1612 sic
1351 1573 1607 1613 christiano
1644 1573 1882 1613 conmzodo

260 1641 440 1680 mederi
467 1642 625 1692 possit.
663 1641 957 1681 Rescivimus
997 1642 1055 1682 ad
1091 1643 1207 1683 11300
1241 1643 1579 1683 Dominicauos
1614 1644 1884 1694 monachos,

259 1723 363 1752 cum
384 1712 655 1752 timuissent
674 1712 1003 1763 Inquisitorem
1025 1714 1084 1753 ad
1105 1714 1151 1753 id
1170 1715 1239 1753 rei
1264 1715 1473 1765 venisse,
1502 1715 1717 1766 precibus
1746 1715 1883 1754 ratio-

259 1783 483 1834 nibusque
505 1783 561 1822 ab
583 1795 637 1823 eo
659 1784 704 1823 id
725 1795 868 1823 unum
891 1784 1183 1824 contendisse
1212 1791 1261 1824 ut
1289 1786 1375 1836 ipsi
1405 1797 1506 1825 eam
1534 1786 1755 1825 haberent
1781 1796 1882 1825 con-

259 1854 451 1904 cionem,
474 1853 741 1904 objicientes
766 1855 824 1894 ad
847 1866 895 1894 se
916 1856 1069 1905 potius
1091 1867 1229 1906 quam
1253 1856 1311 1895 ad
1333 1857 1452 1896 ullos
1473 1857 1589 1896 alios
1616 1857 1671 1896 de
1691 1856 1885 1907 Inquisi-

259 1925 396 1964 tionis
430 1925 626 1975 fideique
654 1925 793 1964 rebus
826 1936 966 1976 agere
993 1931 1226 1977 spectare3
1264 1927 1429 1977 quibus
1457 1939 1733 1978 responsum
1759 1927 1880 1966 hunc

259 1995 363 2045 (sic)
384 1996 597 2046 praebuit
617 1996 890 2046 inquisitor:
921 1997 1321 2047 concionatorem,
1351 2009 1486 2048 quem
1514 1998 1611 2049 ipse
1639 1998 1884 2037 constitue-

259 2073 353 2116 rat,
389 2078 483 2106 non
510 2067 662 2106 minus
700 2067 913 2106 doctrina
941 2079 1080 2119 quam
1107 2068 1417 2108 sanctimonia
1444 2080 1545 2108 esse
1573 2069 1882 2120 praeclarum3

259 2137 451 2187 proinde
473 2149 529 2176 ne
551 2137 627 2176 illa
651 2137 706 2176 de
726 2149 776 2177 re
787 2137 899 2188 jam
920 2137 1175 2189 ullafieret
1195 2140 1382 2189 menti03
1407 2151 1462 2179 ac
1485 2140 1547 2179 ita
1571 2139 1710 2179 Pater
1730 2139 1884 2190 Bapti-

260 2214 331 2247 sta
353 2208 658 2248 concionatus
681 2214 763 2248 est.

340 2278 427 2328 Qui
449 2285 605 2318 autem
627 2279 701 2318 1110
725 2278 1040 2318 Salmanticae
1061 2286 1270 2330 manent,
1295 2291 1456 2319 omnes
1483 2280 1529 2320 in
1556 2281 1722 2331 spiritu
1751 2281 1884 2332 profi-

261 2349 402 2399 ciunt;
421 2350 613 2389 multum
630 2355 789 2389 mutuo
807 2361 856 2389 se
874 2361 1034 2389 omnes
1051 2361 1106 2389 30
1123 2350 1327 2390 maximo
1344 2357 1688 2401 prosequuntur
1707 2363 1882 2403 amore,

261 2430 421 2458 omnes
443 2419 689 2459 naturales
710 2432 819 2460 suas
840 2421 1105 2460 voluntates
1127 2432 1182 2460 30
1203 2421 1450 2472 appetitus,
1474 2433 1567 2461 non
1587 2422 1736 2461 solum
1763 2422 1885 2462 intra

260 2489 541 2530 domesticos
561 2491 777 2542 parietes,
808 2502 972 2531 verum
999 2497 1042 2530 et
1069 2492 1295 2542 exterius,
1327 2492 1365 2531 si
1391 2503 1474 2543 per
1502 2491 1689 2532 Patrem
1716 2492 1882 2532 Docto-

262 2572 359 2600 rem
379 2561 558 2611 liceret,
583 2562 831 2611 refrenare
852 2561 1129 2612 omninoque
1150 2562 1423 2612 extinguere
1445 2569 1692 2603 conantur:
1716 2567 1886 2603 curant

262 2631 402 2670 etiam
436 2643 573 2671 suam
608 2643 767 2671 omues
795 2631 1185 2682 humiliationem,
1206 2632 1469 2672 voluntatis
1488 2638 1712 2684 propriae
1732 2633 1883 2673 extin-

263 2702 476 2742 ctionem:
496 2708 729 2754 superque
756 2703 867 2743 haec
895 2703 1052 2743 Omnia
1081 2704 1127 2744 in
1154 2705 1292 2744 rebus
1320 2704 1530 2744 omnibus
1560 2716 1788 2744 summam
1816 2716 1884 2744 35-

261 2774 390 2823 sequi
411 2774 737 2814 obedientiam:
760 2775 954 2826 quisque
981 2775 1155 2825 corrigi
1182 2787 1237 2815 30
1265 2786 1374 2815 51105
1401 2775 1442 2815 01
1463 2775 1656 2815 enodari
1678 2774 1885 2815 defectus

262 2844 462 2883 maxime
485 2845 629 2895 cupit,
654 2850 703 2884 ut
722 2845 770 2884 in
797 2845 961 2885 melius
990 2851 1143 2885 vertat
1170 2857 1338 2885 mores.
1370 2845 1630 2897 Unicuique
1658 2852 1765 2885 sunt
1789 2845 1884 2896 jam

263 2914 476 2965 orationi,
514 2914 692 2966 studiis,
729 2914 1150 2966 certaminibusque
1184 2916 1463 2955 constitutae
1497 2916 1654 2966 horae;
1692 2915 1884 2968 quisque

263 2985 457 3035 singulis
479 2986 751 3036 septimanis
778 2986 1104 3026 conclusiones
1131 2986 1387 3038 componit,
1419 2997 1590 3037 easque
1617 2986 1811 3026 sustinet
1841 2992 1883 3026 et
