1987 3260
213 199 283 235 552
720 196 946 233 LITTERAE
974 206 1328 238 QUADRlMESTRES

214 299 307 344 tes,
336 293 505 333 fratres
534 292 702 342 nostri,
731 291 941 331 vicissim
961 301 1010 330 se
1038 291 1101 330 ita
1131 291 1312 341 publice
1345 297 1565 332 exercent
1591 298 1636 332 et
1668 293 1834 332 exhor-

215 371 393 414 tantur,
417 363 604 415 quidam
624 362 869 414 prolixius,
895 361 1082 412 quidam
1112 361 1414 411 succinctius,
1443 367 1580 412 prout
1606 361 1835 402 Dominus

216 434 295 473 dat
314 434 517 484 gratiam
544 440 587 473 et
615 433 839 481 occurrit;
869 438 913 472 et
939 437 1051 483 puto
1081 444 1140 472 ex
1165 432 1253 472 hac
1281 432 1634 472 mortificatione
1661 438 1704 472 et
1730 433 1832 473 sim-

214 503 419 554 plicitate
444 515 536 543 non
563 514 762 554 parvum
786 502 988 542 fructum
1017 503 1196 553 sperari
1229 514 1380 554 posse.
1412 503 1654 543 Faciemus
1679 503 1834 554 itaque

215 579 353 625 prout
372 574 422 613 P.
445 574 503 614 V.
527 574 697 613 bonum
719 573 962 613 videbitur.

297 643 554 684 Occasione
580 642 788 694 ejusdem
814 643 954 683 edicti
981 642 1214 683 modicum
1247 644 1495 695 perplexus
1528 655 1649 694 sum;
1683 645 1833 696 prohi-

217 715 349 753 betur
371 714 491 753 enim
519 714 602 753 sub
623 725 775 765 poena
796 714 1290 754 excommunicationis
1317 721 1477 755 votum
1496 716 1753 766 privatum,
1790 722 1836 756 et

217 792 374 824 noster
394 796 544 824 novus
571 784 819 835 confrater,
848 784 999 824 dictus
1026 785 1251 835 Magister
1280 784 1463 836 Petrus,
1495 785 1689 825 libenter
1715 785 1834 825 face-

218 861 286 894 ret
325 862 481 895 votum
515 855 711 906 simplex
746 855 1012 906 Societatis,
1051 867 1144 895 non
1170 856 1383 896 obstante
1414 856 1537 907 quod
1569 855 1836 907 frequenter

217 926 413 966 dixerim
447 927 508 976 ei,
539 937 631 966 non
658 933 814 966 tamen
840 927 1054 978 prohibui
1083 927 1285 977 omnino,
1322 932 1370 966 ut
1398 931 1707 977 exspectaret.
1745 924 1836 965 Sed

219 998 486 1038 consolatur
520 1009 592 1037 me
623 998 849 1049 imprimis
879 999 1000 1050 quod
1030 1010 1165 1038 nemo
1194 998 1340 1049 possit
1372 990 1618 1048 prohibere
1646 997 1835 1037 bonum.

218 1067 283 1106 20
310 1067 427 1117 Quia
454 1073 564 1117 puto
592 1067 732 1107 etiam
765 1069 882 1108 tales
909 1069 1169 1119 studentes,
1206 1070 1270 1108 ita
1305 1069 1582 1109 deliberatos
1611 1069 1745 1120 plene
1780 1067 1838 1108 ad

218 1137 498 1178 Societatem
526 1144 570 1178 et
592 1137 688 1189 jam
709 1139 948 1179 nobiscum
974 1139 1260 1189 habitantes,
1290 1139 1504 1189 quamvis
1530 1139 1734 1178 nondum
1761 1150 1838 1177 vo-

218 1214 373 1259 veant,
395 1221 488 1248 non
508 1220 610 1249 esse
630 1216 786 1249 tamen
807 1210 896 1249 hac
918 1209 964 1248 in
985 1221 1034 1249 re
1055 1210 1139 1249 sub
1153 1209 1473 1261 jurisdictione
1495 1208 1837 1249 Universitatis.

219 1280 274 1319 Et
294 1280 377 1320 Vix
398 1280 554 1320 dubito
577 1281 687 1332 quin
709 1281 831 1332 apud
852 1292 901 1320 se
921 1280 1054 1320 brevi
1074 1279 1213 1320 faciet
1232 1286 1406 1320 votum.

297 1349 426 1390 Haec
460 1357 589 1401 sunt,
622 1349 760 1390 Pater
795 1350 921 1401 Rde,
961 1362 1079 1402 quae
1114 1351 1160 1390 in
1193 1351 1565 1402 praesentiarum
1596 1349 1843 1390 scribenda

219 1427 483 1460 occurrunt.
514 1420 647 1471 Rogo
676 1427 719 1460 et
746 1427 852 1471 peto
879 1421 1133 1461 humillime
1162 1434 1188 1461 a
1218 1421 1267 1461 P.
1298 1421 1357 1462 V.
1388 1421 1560 1472 corripi
1589 1428 1632 1461 et
1659 1421 1840 1460 instrui.

298 1490 383 1530 His
402 1492 558 1530 valeat
579 1491 626 1530 in
646 1491 846 1531 Domino
866 1492 977 1544 Jesu
997 1491 1045 1531 P.
1070 1492 1129 1532 V.
1154 1498 1197 1532 et
1218 1504 1303 1533 nos
1319 1493 1414 1532 suis
1431 1492 1720 1532 orationibus
1739 1502 1842 1531 san-

219 1561 396 1612 ctisque
418 1562 660 1602 sacrificiis
682 1562 1031 1602 commendatos
1052 1563 1237 1603 habeat.

297 1631 499 1683 Raptim.
522 1633 733 1682 Lovanii,
756 1633 825 1684 pf1
844 1633 999 1672 Martii
1021 1645 1142 1673 anno
1165 1634 1351 1673 Domini
1376 1634 1489 1673 1552.

302 1702 354 1741 R.
378 1702 436 1742 V.
460 1714 626 1742 servus
648 1703 693 1742 in
710 1703 924 1744 Domino.

1176 1846 1420 1886 ADRIANUS
1450 1846 1676 1897 ADRIANI,

1296 1951 1339 1977 ab
1361 1950 1551 1984 Antuerpia

298 2058 519 2109 Indignus
540 2058 760 2098 sacerdos
782 2057 1029 2098 Societatis
1050 2058 1175 2110 Jesu.

300 2201 675 2252 Superscrtptios
701 2199 802 2240 R.d0
827 2200 873 2239 in
903 2199 984 2239 Χ.Ο
1012 2199 1140 2239 Patri
1172 2199 1320 2250 Mgro.
1352 2198 1534 2249 Ignatio
1561 2199 1617 2238 de
1647 2198 1843 2250 Loyola,

220 2272 492 2323 Praeposito
518 2271 764 2311 Societatis
793 2271 927 2324 Jesu,
958 2270 1081 2322 apud
1108 2268 1332 2310 Sanctum
1359 2269 1569 2310 Marcum
1596 2269 1643 2309 in
1671 2268 1846 2309 Sancta

222 2343 371 2383 Maria
391 2343 446 2382 de
467 2342 649 2382 strada.
681 2342 871 2382 Romae.

302 2412 412 2453 Alia
432 2425 602 2453 manu:
634 2413 747 2452 1552.
771 2413 831 2453 Di
850 2412 1075 2453 Lovanio.
1100 2412 1173 2452 Da
1195 2412 1420 2452 Adriano.
