1987 3260
869 199 949 236 ΑΝ.
983 199 1070 236 1551
1711 202 1781 239 1³89

153 298 248 341 tro,
275 292 464 341 scilicet,
490 292 744 333 Assonseca
766 300 809 333 et
832 293 890 333 D.
915 294 1109 345 Ignatio,
1133 296 1210 347 qui
1232 296 1277 335 in
1305 296 1390 345 his,
1417 302 1461 335 ut
1484 296 1530 336 in
1551 297 1668 345 aliis,
1693 298 1776 337 fer-

151 373 266 401 vens
287 373 468 413 semper
490 364 733 413 reperitur.
759 363 878 404 Cum
898 365 1131 405 hominem
1153 365 1398 417 quemdam
1424 366 1777 418 insequerentur

152 437 199 471 ut
221 443 324 471 eum
347 433 392 471 in
415 433 669 473 amicitiam
691 446 796 474 cum
818 435 1018 486 quodam
1042 436 1130 475 alio
1152 436 1438 487 redigerent,
1472 437 1518 476 in
1545 437 1774 478 Lazarum

149 502 395 552 quemdam
415 504 661 554 'leprosum
687 504 969 556 inciderunt,
1003 507 1081 557 qui
1106 507 1313 557 plaustro
1342 507 1612 554 vehebatur,
1646 507 1793 559 cujus..

148 583 313 611 manus
335 579 378 612 et
400 574 540 624 pedes
562 585 733 625 magna
755 588 813 615 ex
834 583 966 627 parte
994 583 1125 616 erant
1155 577 1281 617 exesi
1308 577 1641 629 putredineque
1671 590 1773 618 con-

149 643 332 694 sumpti,
358 656 415 683 ex
438 656 527 695 quo
550 650 707 685 tantus
728 646 876 686 foetor
896 647 1113 698 prodibat
1135 654 1183 687 ut
1205 648 1506 687 intolerabilis
1528 660 1628 688 esse
1650 649 1772 689 vide-

149 719 296 763 retur;
322 715 524 754 maxime
546 716 667 755 enim
689 717 796 767 quia
819 729 924 757 cum
952 729 1064 769 prae
1093 718 1326 758 debilitate
1352 719 1555 770 seipsum
1586 731 1774 759 movere

148 784 371 834 nequiret,
393 786 678 826 stercoribus
698 788 988 828 naturalibus
1004 790 1167 840 plenus
1188 795 1302 829 erat.
1319 789 1456 829 Hunc
1473 790 1561 840 ipsi
1576 790 1774 841 benigne

148 854 443 901 mundarunt,
465 856 784 897 absterserunt
803 864 845 898 et
863 859 908 898 in
926 860 1094 899 lectum
1116 860 1444 911 deposuerunt,
1468 871 1613 911 prope
1635 861 1774 912 quod-

144 924 254 964 dam
277 925 515 977 oppidum,
541 927 599 966 ad
621 928 741 978 quod
763 940 811 968 se
835 929 928 980 ille,
956 941 1092 980 quem
1109 931 1414 981 quaerebant,
1437 937 1694 982 receperat,
1728 931 1774 971 in

146 994 426 1036 domuncula
464 998 687 1048 quadam,
725 1011 842 1050 quae
879 1006 979 1039 erat
1005 1000 1268 1052 hujusmodi
1295 1002 1502 1052 aegrotis
1537 1002 1770 1053 deputata.

146 1065 326 1106 Deinde
348 1068 570 1118 oppidum
591 1068 813 1109 adeuntes
830 1076 874 1110 et
892 1070 938 1110 in
955 1082 1008 1110 eo
1031 1071 1363 1125 mendicanteS‚
1387 1085 1446 1112 ex
1467 1073 1773 1124 eleemosynis

145 1136 232 1187 ipsi
249 1139 514 1178 necessaria
534 1145 759 1190 emerunt,
780 1152 911 1190 vasa,
932 1141 1136 1192 inquam,
1156 1148 1199 1182 et
1217 1143 1357 1193 cibos,
1378 1149 1465 1182 etc.
1485 1143 1601 1184 Cum
1618 1151 1773 1184 autem

144 1205 292 1247 frusta
315 1209 469 1259 aliqua
492 1210 627 1260 panis
648 1210 848 1250 miliacei
870 1211 987 1251 inter
1009 1211 1107 1263 ejus
1133 1219 1289 1252 vestes
1321 1213 1628 1265 invenissent,
1653 1227 1771 1266 quae

143 1277 272 1317 sanie
293 1279 572 1319 videbantur
604 1279 844 1331 dealbata,
878 1293 933 1321 ea
964 1294 989 1321 a
1024 1283 1206 1334 leproso
1233 1284 1484 1335 petierunt,
1515 1290 1558 1324 et
1584 1285 1770 1325 domum

142 1347 297 1388 delata
325 1350 432 1400 quia
449 1349 721 1401 jejunabant
745 1350 777 1400 ¹,
803 1363 977 1402 magna
999 1365 1104 1393 cum
1125 1354 1301 1394 laetitia
1329 1355 1650 1396 comederunt:
1681 1356 1769 1396 fra-

141 1425 249 1469 tres,
274 1431 373 1459 rem
394 1428 749 1472 cognoscentes,
774 1423 990 1462 certatim
1011 1430 1191 1474 partem
1213 1426 1417 1477 aliquam
1432 1426 1565 1477 panis
1582 1428 1768 1479 assequi

138 1491 496 1539 contendebant,
517 1492 581 1531 ita
602 1497 652 1531 ut
672 1492 814 1531 etiam
834 1492 995 1544 micas,
1017 1505 1135 1545 quae
1157 1494 1212 1535 de
1234 1507 1395 1536 mensa
1412 1497 1656 1545 cadebant,
1677 1499 1766 1537 col-

140 1561 336 1610 ligerent
358 1567 496 1613 atque
517 1563 721 1603 ederent.

217 1630 447 1672 Dominus
467 1645 551 1684 pro
574 1635 819 1675 clementia
849 1648 934 1676 sua
967 1637 1041 1676 det
1070 1637 1204 1677 nobis
1232 1638 1279 1677 in
1304 1644 1579 1690 perpetuum
1606 1651 1765 1680 amare

136 1702 345 1742 laborem
373 1711 416 1743 et
446 1704 852 1746 mortificationem
882 1707 939 1746 ob
971 1706 1070 1758 ejus
1097 1719 1287 1759 nomen,
1324 1720 1415 1760 qua
1442 1710 1553 1762 Jesu
1582 1710 1765 1750 Christo

137 1773 356 1813 crucifixo
380 1775 534 1826 aliqua
556 1787 614 1816 ex
634 1783 780 1828 parte,
805 1789 890 1829 pro
911 1779 1136 1819 tenuitate
1157 1779 1376 1831 humana,
1399 1791 1551 1821 mores
1580 1788 1765 1821 nostros

136 1844 459 1885 assimilemus.

216 1915 342 1955 Tuus
363 1916 537 1956 inutilis
559 1917 696 1965 filius,

1003 2061 1279 2103 ALPHONSUS
1310 2064 1544 2105 BARRETO.

213 2270 581 2322 Superscm'pltb:
597 2272 668 2311 Ao
687 2272 829 2312 muito
847 2272 947 2312 R.d0
963 2284 1036 2313 em
1053 2273 1237 2315 Christo
1254 2275 1404 2315 Padre
1422 2288 1550 2327 noso,
1572 2289 1597 2316 0
1614 2278 1758 2328 padre

133 2340 303 2380 Mestre
340 2341 537 2392 IgnatiO,
575 2341 817 2394 Preposito
853 2345 984 2394 geral
1019 2345 1076 2385 da
1105 2346 1393 2397 Companhia
1429 2348 1483 2387 de
1511 2347 1635 2400 Jesu.
1673 2349 1757 2389 Em

135 2411 296 2452 Roma.

213 2482 324 2522 Alsa
346 2495 507 2523 mmm:
530 2483 701 2534 Quadr.
728 2484 915 2537 Portug.
941 2487 1039 2527 sine
1061 2499 1197 2528 anno.

186 2664 195 2683 ¹
235 2665 376 2692 domum
389 2667 509 2693 delata
525 2668 840 2702 quiajejmmlmnt,
852 2671 912 2697 hoc
925 2675 986 2698 est:
1000 2671 1133 2699 domum
1146 2680 1186 2699 ea
1199 2673 1399 2705 deserentes,
1416 2679 1449 2701 et
1463 2683 1524 2701 non
1540 2677 1668 2706 statimv
1679 2678 1757 2710 quia

133 2711 340 2747 jejunabant,
359 2714 506 2741 edentes.
