1987 3260
240 145 309 183 424
747 148 973 184 L1TTERAE
999 158 1354 190 QUADRIMESTRES

238 242 322 282 bus
343 243 563 293 obnoxia,
588 243 723 283 simul
744 255 849 283 cum
868 243 1153 294 Imperatore
1174 250 1334 284 nostro
1354 245 1464 297 Jesu
1485 244 1668 284 Christo
1686 256 1850 285 secura

238 312 455 353 felicitate
476 320 521 354 et
541 313 663 354 felici
683 314 932 354 securitate
953 314 1262 365 perfruamur.

317 383 450 435 Quod
469 390 518 424 ut
542 384 723 424 facilius
753 396 1114 436 consequamur,
1144 397 1229 424 nos
1257 396 1418 425 omnes
1448 385 1494 425 in
1520 387 1610 426 tuis
1637 386 1854 438 precibus

235 456 500 507 sanctisque
521 455 763 495 sacrificiis
779 456 1130 495 commendatos
1150 462 1200 496 ut
1221 455 1396 496 habeas
1418 457 1732 497 obsecramus.

314 525 553 577 Panormi,
578 534 709 566 sexto
732 525 834 565 idus
856 524 1142 576 Septembris
1163 525 1332 566 MDLl.

315 596 669 648 Indignissimus
689 597 808 636 filius
830 603 872 636 et
895 608 1058 636 servus
1080 597 1126 636 in
1148 596 1333 637 Christo
1354 598 1480 650 Jesu.

1154 738 1344 778 PAULUs
1369 739 1637 778 ACHILEIUS.

312 950 421 989 Alia
455 961 597 989 mann
633 949 680 988 in
721 949 884 1000 infima
919 954 1118 999 quartae
1152 949 1365 1000 paginae
1399 961 1510 990 ora:
1549 950 1662 989 1551.
1699 949 1848 1001 Quad.

232 1020 379 1061 Paler.
403 1020 429 1060 8
449 1021 494 1060 di
516 1020 650 1061 Sett.e

976 1446 1106 1499 CVI

298 1671 344 1708 Ρ.
365 1671 627 1710 Benedictus
643 1673 835 1710 Palmius

344 1736 464 1774 Patri
482 1737 651 1784 Ignatio
671 1737 723 1775 de
744 1737 925 1785 Loyola.

392 1802 610 1848 Messana,
635 1803 678 1839 15
695 1803 966 1851 Septembris
988 1804 1073 1841 1551
1097 1804 1122 1839 ¹.

999 1978 1096 2053 nis

302 2154 402 2194 Pax
422 2161 465 2194 et
486 2155 744 2194 benedictio
766 2154 953 2194 Domini
974 2153 1131 2194 Nostri
1152 2155 1262 2207 Jesu
1284 2153 1457 2194 Christi
1477 2158 1700 2204 perpetuo
1722 2152 1780 2191 sit
1801 2152 1848 2191 in

225 2225 442 2265 cordibus
462 2225 649 2265 nostris.
673 2225 838 2265 Amen.

305 2294 502 2335 Omnino
523 2297 765 2345 laetamur,
789 2295 888 2335 Rde
901 2296 947 2335 in
970 2295 1155 2336 Christo
1172 2295 1325 2345 Pater,
1350 2307 1455 2335 cum
1471 2295 1527 2335 de
1544 2295 1615 2334 his
1637 2307 1756 2346 quae
1772 2295 1847 2335 hic

225 2365 352 2415 fiunt,
382 2366 513 2405 nobis
541 2372 610 2406 est
636 2366 951 2406 scribendum:
983 2365 1135 2406 Deum
1163 2366 1333 2406 etenim
1362 2365 1620 2416 laudamus,
1659 2376 1764 2405 cum
1793 2377 1848 2405 ea

223 2436 515 2487 proferimus,
540 2448 657 2487 quae
679 2437 800 2476 illius
819 2437 1004 2477 bonitas
1024 2437 1070 2476 in
1091 2436 1191 2476 dies
1223 2436 1358 2476 efficit
1388 2442 1523 2487 atque
1546 2436 1591 2475 in
1620 2436 1718 2475 dies
1740 2447 1844 2486 ope—

223 2512 368 2546 ratur.
392 2506 513 2556 Quid
533 2507 655 2546 enim
676 2514 744 2546 est
765 2514 993 2557 sanctum,
1020 2507 1129 2558 quid
1149 2507 1290 2558 pium,
1314 2507 1437 2558 quod
1458 2507 1644 2546 divinae
1664 2506 1847 2556 gratiae

277 2666 287 2685 ¹
326 2666 574 2700 Autographae
589 2666 761 2692 Benedicti
776 2665 897 2692 Palmii
913 2666 1050 2692 litterae
1066 2666 1206 2700 implent
1223 2670 1297 2693 octo
1313 2666 1403 2700 folia,
1426 2673 1510 2700 quae
1534 2665 1715 2699 designata
1738 2663 1847 2698 primo

224 2714 357 2740 fuerant
371 2721 424 2740 nn.
441 2713 568 2748 193-‘200‚
585 2713 660 2740 dein
677 2721 729 2739 nn.
744 2713 872 2746 354-361,
889 2720 974 2739 nunc
990 2713 1127 2741 tandem
1141 2713 1270 2740 52-59.-
1280 2713 1390 2740 Terna
1405 2714 1507 2740 etiam
1522 2712 1685 2739 habemus
1701 2718 1845 2745 apogra-

226 2760 306 2795 pha,
329 2768 469 2795 quorum
488 2761 581 2794 prius
605 2760 694 2788 foliis
712 2768 771 2787 sex
792 2759 990 2794 contiinetur
1004 2767 1057 2787 nn.
1080 2760 1158 2787 olim
1178 2760 1306 2794 342-347,
1328 2768 1413 2788 nunc
1432 2761 1528 2793 46-51;
1551 2760 1707 2792 alterum,
1729 2766 1749 2786 a
1769 2758 1848 2785 Ber-

223 2809 327 2835 nardo
345 2807 497 2835 Oliverio
513 2808 714 2841 consectum,
737 2808 770 2834 in
792 2807 881 2834 foliis
901 2807 935 2834 24
954 2807 1017 2839 v.⁰,
1040 2807 1083 2841 25,
1107 2807 1141 2834 26
1162 2812 1194 2834 et
1210 2808 1253 2838 27,
1277 2807 1410 2835 Codicis
1431 2807 1513 2839 1551;
1530 2806 1669 2833 tertium
1692 2805 1845 2839 denique,

225 2856 330 2883 Roma
346 2856 388 2883 ad
403 2855 588 2890 Hispaniae
605 2856 713 2882 socios
728 2856 866 2882 missum
881 2859 913 2881 et
928 2855 960 2882 in
975 2854 1136 2881 Historia
1152 2856 1268 2887 varia,
1282 2856 1348 2882 vol.
1371 2862 1391 2886 1.
1414 2855 1468 2882 fol.
1492 2854 1607 2881 234-237
1627 2857 1846 2880 servatum.—

224 2903 261 2929 In
276 2903 499 2937 autographis
514 2903 639 2930 litteris
654 2907 686 2930 et
703 2903 733 2930 in
749 2902 856 2937 primo
880 2902 1077 2936 apographo
1100 2909 1234 2929 manum
1254 2902 1392 2929 Polanci
1414 2902 1581 2929 cernimus
1602 2901 1715 2934 aliqua
1739 2907 1847 2927 emen-

224 2950 346 2985 dantis,
363 2950 504 2977 delentis
520 2954 552 2977 et
569 2951 781 2985 exponentis.
