1987 3260
215 209 287 246 328
722 209 949 246 LITTERAE
975 220 1330 250 QUADRIMESTRES

296 305 661 356 Superscrzptz'o.
694 305 725 356 †
754 305 854 344 R.d0
876 305 922 345 in
941 305 1125 345 Christo
1145 306 1192 345 P.
1212 307 1391 357 Ignatio
1409 307 1464 346 de
1486 305 1680 356 Loyola,
1698 305 1837 344 Prae—

218 376 369 426 posito
392 375 611 416 Generali
630 375 878 416 Societatis
898 375 1022 428 Jesu.
1048 376 1239 416 Romae.

297 445 346 496 J.
367 446 458 486 Ple.
489 446 586 485 Vz'to
607 446 655 485 in
677 450 843 485 octava
857 446 1064 497 pagina:
1086 446 1302 486 Messina.
1329 446 1476 497 Quad.
1500 447 1535 486 F
1540 453 1633 487 atte
1655 452 1771 486 tutte
1795 452 1839 484 et

221 515 453 556 mandate.
481 517 527 555 19
547 517 592 556 di
614 516 820 567 Maggio.
852 516 904 567 Q.
929 517 989 557 V.

852 852 1222 905 LXXXVIII

297 1097 343 1133 P.
367 1097 534 1135 Caesar
553 1097 696 1133 Helmi

345 1161 392 1198 P.
413 1161 580 1208 Ignatio
600 1161 653 1198 de
673 1161 855 1207 Loyola.

394 1226 605 1273 Venetii5‚
622 1226 668 1263 ‘23
686 1226 789 1274 Maji
811 1227 895 1264 1551
921 1227 944 1262 ².

1001 1382 1098 1458 iiis

309 1576 451 1616 Molto
474 1576 590 1616 Rclo.
614 1577 661 1615 in
682 1575 867 1616 Christo
888 1576 1050 1616 Padre.

309 1648 376 1686 La
397 1647 551 1697 gratia
572 1652 615 1686 et
636 1658 751 1697 pace
773 1647 817 1686 di
835 1647 1022 1687 Christo
1039 1647 1093 1687 N.
1114 1647 1312 1698 Signore
1334 1648 1401 1688 sia
1424 1660 1606 1699 sempre
1628 1656 1671 1688 et
1693 1660 1854 1688 6Γ656ει

232 1718 277 1757 in
301 1717 405 1757 tutti
425 1717 516 1756 noi.
540 1716 706 1756 Amen.

310 1787 397 1827 Per
426 1787 497 1827 far
522 1788 550 1826 l’
575 1787 827 1827 ubedienza
849 1789 1086 1839 quanto'al
1116 1789 1295 1828 scriver
1323 1789 1432 1840 ogni
1459 1795 1644 1840 quattro
1672 1789 1786 1829 mesi
1815 1790 1857 1829 le

230 1870 338 1898 cose
359 1858 443 1898 che
464 1870 554 1909 qua
576 1858 618 1897 ci
638 1869 753 1898 sono
774 1870 968 1898 occorse
990 1860 1032 1899 d’
1053 1859 1343 1900 edificatione
1359 1860 1612 1911 spirituale,
1633 1861 1789 1900 scrivo
1812 1861 1857 1900 la

230 1935 444 1980 presente
465 1929 555 1968 alla
575 1928 628 1968 R.
657 1928 711 1968 V.
742 1930 1016 1969 avisandola
1038 1930 1122 1970 che
1144 1930 1297 1970 inanzi
1318 1936 1362 1970 et
1383 1930 1502 1982 dopo
1523 1932 1566 1970 la
1588 1938 1763 1971 venuta
1785 1931 1856 1972 del

230 1999 282 2039 R.
307 1999 355 2039 P.
379 1999 571 2039 Andrea
592 2000 628 2039 F
632 2000 758 2040 rusio
779 2012 862 2051 per
891 2001 1045 2051 gratia
1073 2001 1118 2040 cli
1148 2000 1289 2041 Giesu
1320 2001 1520 2051 Christo,
1550 2001 1749 2052 signore
1779 2014 1857 2042 no-

230 2076 343 2121 sti-0,
373 2070 411 2110 si
439 2074 463 2110 e
492 2070 609 2110 fatto
636 2071 774 2110 alcun
800 2070 943 2111 frutto
971 2072 1212 2122 spirituale
1238 2084 1319 2123 per
1349 2073 1428 2112 noi
1454 2073 1631 2112 minimi
1665 2073 1857 2123 figliuoli

230 2142 349 2181 della
381 2141 435 2181 R.
471 2141 528 2181 V.
567 2143 644 2192 qui
672 2141 718 2180 in
745 2141 945 2181 Venetia
974 2148 1017 2182 et
1048 2143 1378 2193 specialmente
1405 2144 1523 2182 nelle
1558 2143 1857 2192 confessioni,

230 2212 448 2252 massime
488 2212 534 2251 in
570 2224 662 2251 uno
702 2212 951 2263 hospitale,
989 2212 1074 2252 che
1110 2213 1356 2253 chiamano
1392 2214 1498 2253 delli
1532 2214 1777 2253 incurabili
1813 2215 1857 2253 di

164 2277 170 2282 ’
233 2282 405 2322 Sancto
422 2281 607 2333 Spirito,
627 2281 746 2322 dove
764 2283 960 2322 essendo
974 2283 1206 2323 ricercato
1223 2283 1254 2322 il
1266 2283 1316 2323 P.
1331 2283 1390 2323 M.
1408 2283 1595 2324 Andrea
1612 2283 1860 2324 Galvanel—

234 2354 302 2402 lo,
333 2356 357 2391 e
386 2352 556 2392 andato
585 2364 744 2403 spesse
771 2353 896 2392 volte
927 2353 985 2392 ad
1013 2353 1117 2392 udis
1143 2354 1185 2392 le
1216 2354 1499 2394 confessioni
1528 2354 1634 2394 delli
1661 2354 1859 2403 infermi,

233 2423 439 2462 huomini
461 2429 504 2462 et
526 2423 697 2474 donne,
721 2423 805 2463 che
833 2424 897 2463 ivi
924 2435 1061 2473 sono3
1095 2430 1138 2463 et
1166 2425 1439 2464 essortando
1469 2424 1526 2464 M.
1560 2424 1712 2465 Gioan
1741 2425 1859 2464 della

235 2493 384 2542 Setta‚
409 2493 494 2532 che
515 2493 701 2532 andava
723 2505 849 2544 seco,
876 2494 1028 2533 alcuni
1050 2493 1093 2532 di
1115 2494 1226 2533 detti
1247 2494 1430 2534 infermi
1450 2495 1539 2534 alla
1569 2494 1861 2534 confessione

291 2675 300 2694 ¹
340 2674 469 2701 Harum
485 2674 644 2702 Caesaris
659 2674 770 2701 Helmi
787 2675 979 2702 litterarum
1003 2676 1070 2702 tria
1094 2676 1185 2702 nacti
1214 2683 1326 2702 sumus
1351 2677 1515 2710 exempla.
1530 2676 1688 2706 Primum.
1706 2680 1865 2710 autogra-

238 2722 322 2755 phas
338 2722 474 2749 litteras
489 2723 531 2748 ab
546 2722 616 2755 ipso
632 2721 779 2748 Caesare
795 2722 941 2755 scriptas
957 2722 988 2748 in
1004 2722 1082 2749 folio
1100 2723 1233 2756 duplici,
1259 2724 1311 2749 cui
1335 2724 1413 2750 olim
1437 2724 1498 2750 fuit
1523 2731 1681 2750 numerus
1695 2724 1760 2757 269,
1777 2731 1861 2750 nunc

239 2773 352 2796 autem
375 2769 409 2795 62
429 2776 461 2795 et
485 2769 529 2795 63.
551 2769 724 2797 Alterum.
742 2769 936 2795 earumdem
958 2769 1168 2801 litterarum,
1197 2774 1375 2804 postquam
1399 2778 1457 2797 eas
1482 2770 1647 2797 Polancus
1670 2771 1861 2798 decurtavit

241 2816 513 2849 emendavitque,
529 2820 780 2849 transumptum
795 2817 968 2850 exemplar
980 2824 999 2842 a
1012 2816 1047 2842 P.
1062 2816 1188 2849 joanne
1201 2817 1354 2851 Philippo
1370 2817 1450 2844 Vito
1466 2818 1653 2844 contectum
1667 2822 1700 2844 et
1717 2817 1865 2845 Parisios

239 2863 455 2895 destinatum,
473 2863 598 2889 infolio
615 2863 695 2889 item
710 2862 846 2896 duplici,
862 2863 914 2890 cui
929 2870 981 2889 nn.
998 2863 1091 2896 prius
1113 2864 1175 2895 266,
1198 2871 1283 2890 nunc
1302 2871 1380 2890 vero
1401 2863 1435 2890 60
1455 2869 1487 2891 et
1511 2864 1555 2890 61.
1579 2864 1731 2891 Tertium
1744 2885 1750 2893 .
1773 2869 1864 2891 tran-

240 2909 362 2942 sumpti
376 2909 517 2935 latinam
528 2910 719 2936 versionem
734 2917 834 2943 quam
846 2909 878 2935 in
894 2909 1091 2943 Hispaniam
1105 2910 1194 2936 misit
1208 2910 1277 2943 ipse
1292 2910 1465 2943 Polancus‚
1479 2915 1511 2938 et
1523 2912 1554 2938 in
1572 2911 1728 2938 Historia
1743 2911 1859 2942 varia„

241 2957 307 2983 vol.
323 2963 344 2989 1,
361 2956 415 2982 fol.
431 2956 493 2989 239,
509 2956 681 2982 asservari
697 2957 832 2983 curavit
846 2956 880 2982 P.
898 2956 1162 2990 Christophorus
1179 2957 1217 2982 de
1236 2956 1367 2984 Castro.
1392 2958 1503 2991 Atque
1520 2958 1603 2985 haec
1621 2958 1688 2985 tria
1709 2959 1863 2992 exempla

243 3011 302 3030 suo
317 3003 371 3029 hie
385 3003 499 3029 ordine
514 3003 736 3036 subjiciemus.
