1987 3260
915 180 996 216 ΑΝ.
1029 179 1119 216 1552
1761 176 1833 214 635

287 277 506 330 Superest
528 284 577 318 ut
597 289 758 318 omnes
783 277 948 318 Patres
974 274 1276 315 Reverendos
1302 279 1346 314 et
1373 273 1542 313 fratres
1569 273 1615 313 in
1643 272 1829 313 Christo

209 349 510 389 charissimos
530 360 622 388 uno
650 360 729 389 ore
760 347 850 388 tuis
879 346 1199 388 commendem
1228 345 1443 397 precibus
1471 344 1732 395 divinisque
1762 354 1831 383 sa-

209 419 416 469 crifieiis,
438 420 608 470 quibus
630 419 795 470 adjuti,
825 416 1040 458 stabilitis
1067 422 1111 456 et
1137 415 1424 456 confirmatis
1454 415 1606 465 magis
1636 414 1829 464 viribus,

209 490 427 542 quicquid
448 502 549 530 esse
566 490 781 541 proximo
803 488 1001 538 utilitati,
1027 487 1111 527 sibi
1134 487 1286 536 saluti,
1311 486 1410 526 Deo
1431 486 1607 536 optimo
1628 485 1834 525 maximo

208 561 373 601 honori
394 561 611 611 viderint,
635 567 938 612 exequantur.

289 631 422 671 Vale.
446 631 680 682 Panormi,
703 631 729 671 8
750 632 852 672 idus
872 629 982 681 Maji
1003 629 1116 669 1552.

289 702 416 742 Tuus
436 703 483 742 in
504 695 689 742 Christo
711 702 995 743 humillimus
1016 700 1148 747 filius,

1137 860 1342 912 JOANNEs
1373 858 1622 898 ROGERIUS.

869 1267 1177 1322 CXLVIII

280 1504 326 1540 Ρ.
349 1503 538 1540 Annibal
557 1503 610 1540 de
631 1502 867 1548 Coudreto,

326 1566 395 1604 Ex
412 1567 732 1605 commissione
752 1567 895 1605 Patris
915 1567 1094 1604 Antonii
1114 1566 1271 1603 Vinck.

375 1634 495 1670 Patri
513 1633 682 1680 Ignatio
709 1632 762 1670 de
787 1632 970 1679 Loyola.

421 1698 639 1745 Messana,
663 1699 707 1734 17
725 1697 827 1745 Maji
848 1697 941 1734 1552
959 1698 982 1734 ⁸.

966 1817 1062 1893 1315

291 1979 454 2019 Gratia
494 1978 682 2019 Domini
719 1980 866 2019 nostri
905 1979 1014 2030 Jesu
1054 1977 1227 2018 Christi
1266 1976 1324 2016 sit
1363 1975 1606 2015 nobiseum
1640 1985 1837 2025 semper.

212 2050 378 2090 Amen.

292 2121 422 2172 Quae
443 2121 668 2173 proximis
690 2127 889 2172 quatuor
910 2119 1146 2159 mensibus
1172 2118 1363 2158 Patrum
1390 2117 1678 2168 fratrumque
1700 2127 1842 2167 opera

212 2192 341 2233 Deus
363 2205 417 2232 ac
439 2192 666 2232 Dominus
688 2198 846 2231 noster
866 2191 1001 2243 Jesus
1022 2189 1237 2230 Christus
1268 2188 1513 2228 Messanae
1534 2187 1633 2228 fieri
1654 2199 1841 2227 conces-

213 2264 293 2313 sit,
324 2263 395 2303 his
421 2263 477 2303 ad
507 2270 551 2303 te
580 2263 746 2302 litteris
779 2262 1059 2312 scripturus,
1090 2259 1190 2300 R.de
1221 2260 1267 2299 in
1295 2259 1480 2300 Christo
1510 2258 1669 2308 Pater,
1702 2263 1841 2309 atque

215 2335 439 2385 imprimis
468 2333 780 2384 observande,
808 2344 901 2372 non
923 2331 1079 2371 dubito
1107 2331 1217 2382 quin
1238 2329 1349 2370 illud
1365 2329 1467 2381 jure
1494 2329 1576 2369 tibi
1606 2329 1764 2369 venire
1796 2329 1843 2367 in

215 2412 415 2445 mentem
437 2405 602 2456 possit:
627 2404 827 2443 alienam
847 2403 964 2453 legis
984 2413 1203 2452 messem,
1227 2400 1452 2451 Annibal,
1472 2406 1517 2440 et
1533 2400 1697 2439 alienis
1719 2401 1841 2439 exul-

214 2484 285 2516 tas
317 2476 492 2527 opibus.
525 2476 625 2525 Ego
654 2486 766 2514 vero
803 2474 846 2513 id
882 2473 1048 2523 fateor,
1087 2472 1246 2522 Pater,
1280 2477 1323 2511 et
1357 2472 1517 2511 dolens
1551 2471 1715 2510 fateor.
1753 2469 1840 2509 Sed

270 2662 277 2679 ¹
319 2660 566 2693 Autographae
581 2659 736 2692 litterae,
753 2658 933 2691 etquidem
949 2665 1047 2684 manu
1064 2662 1154 2683 totae
1172 2655 1368 2687 AnnibaHs,
1385 2660 1462 2682 sunt
1486 2656 1516 2681 in
1532 2654 1744 2688 quadruplici
1761 2653 1841 2680 solio

216 2717 268 2735 nn.
285 2707 455 2735 ‘spol—In
470 2707 520 2733 his
536 2707 604 2733 tria
619 2710 751 2733 tantum
766 2706 873 2732 verba
890 2704 1034 2731 mutavit
1046 2704 1224 2736 Polancus,
1240 2703 1369 2730 addidit
1387 2706 1542 2736 quatuor;
1558 2701 1615 2727 sed
1632 2701 1731 2734 plura
1746 2701 1845 2728 lineis

217 2761 274 2783 aut
290 2756 407 2782 subter
422 2760 479 2782 aut
495 2755 622 2781 circum
637 2754 747 2780 ductis
762 2752 907 2785 notavit,
924 2759 1008 2785 quae
1036 2759 1055 2778 a
1077 2751 1235 2781 librariis,
1259 2750 1337 2777 dum
1362 2749 1580 2783 apographas
1605 2748 1839 2779 conficiebant,

217 2808 314 2830 erant
337 2802 568 2830 transilienda.
592 2800 721 2827 Harum
736 2800 841 2827 etiam
857 2799 1134 2833 apographarum
1155 2798 1331 2831 exemplar
1352 2797 1515 2823 habemus
1537 2796 1569 2822 in
1591 2795 1678 2822 foliis
1693 2795 1727 2821 29
1742 2795 1845 2821 v.⁰-33

218 2851 350 2878 Codicis
366 2850 444 2877 1551.
461 2850 523 2876 Hic
539 2856 621 2875 vero
637 2847 872 2881 autographas
887 2846 1018 2881 integre
1036 2843 1526 2873 t1·anscribemus.——Habemus
1542 2844 1621 2870 item
1637 2847 1670 2869 et
1686 2843 1845 2869 adversa-

218 2899 312 2930 rium,
329 2899 361 2925 in
378 2898 465 2924 soliis
481 2897 559 2924 olim
574 2896 699 2923 278-281,
714 2903 798 2922 nunc
815 2895 930 2925 98-101,
956 2898 1062 2921 totum
1086 2893 1189 2920 etiam
1211 2900 1310 2920 manu
1334 2891 1439 2926 ipsius
1460 2891 1649 2918 Annibalis.
1676 2890 1711 2917 In
1737 2898 1774 2916 eo
1796 2894 1845 2916 tot

219 2946 342 2972 liturae
358 2948 507 2975 sunt‚tot
523 2943 775 2970 emendationes
799 2947 833 2969 ut
859 2943 949 2969 clare
975 2945 1141 2975 appareat
1166 2944 1327 2974 quantum
1351 2940 1382 2966 in
1406 2938 1459 2966 his
1483 2938 1607 2966 litteris
1630 2938 1846 2965 conficiendis

219 3000 319 3020 curae
337 2997 370 3019 et
388 2992 584 3025 diligentiae
601 2991 798 3025 ponebatur.
