1987 3260
204 211 288 246 4368-
718 208 944 245 LITTERAE
970 216 1324 248 QUADRIMESTRES

971 655 1135 710 CLII

288 868 335 904 P.
360 865 619 904 Leonardus
639 865 796 904 Kessel

338 931 459 968 Patri
476 931 644 978 Ignatio
664 931 717 968 de
740 931 921 978 Loyola.

383 995 577 1040 Colonia,
599 995 641 1032 31
664 995 767 1032 Maii
789 994 880 1032 1552
899 995 923 1030 ¹.

976 1123 1071 1188 iris
1122 1206 1124 1208 Ι

296 1293 461 1333 Gratia
485 1299 529 1332 et
548 1304 641 1343 pax
664 1291 737 1332 X.i
765 1293 823 1331 sit
845 1303 1026 1342 semper
1049 1303 1152 1331 cum
1175 1290 1386 1330 omnibus
1407 1290 1552 1329 nobis.

297 1363 492 1403 R dissime
520 1364 565 1403 jn
587 1363 669 1403 Xe
695 1362 764 1402 pff·

297 1435 413 1474 Cum
434 1435 578 1474 moris
595 1435 653 1474 sit
670 1442 713 1474 et
735 1440 959 1473 statutum
981 1433 1026 1472 in
1044 1438 1204 1471 nostra
1227 1430 1459 1471 Societate
1477 1438 1525 1471 ut
1542 1437 1708 1483 quarto
1731 1442 1842 1482 quo-

218 1517 306 1556 que
333 1516 491 1544 mense
518 1505 778 1544 scribamus
808 1516 885 1553 ea,
916 1515 1033 1554 quae
1061 1503 1288 1542 Dominus
1317 1502 1502 1553 operari
1529 1501 1748 1552 dignatus
1775 1507 1844 1541 est

216 1582 416 1626 quatuor
438 1576 672 1615 mensibus
692 1575 972 1626 praeteritis,
1007 1573 1065 1613 ad
1090 1573 1235 1624 ipsius
1261 1573 1460 1623 gloriam
1488 1578 1530 1612 et
1558 1572 1616 1612 ad
1646 1572 1844 1612 fratrum

219 1647 424 1685 omnium
448 1647 494 1685 in
521 1646 722 1685 Domino
754 1645 1135 1693 consolationem,
1169 1643 1330 1694 paucis
1364 1643 1680 1693 perstringere
1707 1655 1841 1682 cona-

215 1718 300 1756 bor
329 1728 402 1766 ea,
435 1728 551 1768 quae
587 1728 635 1756 se
671 1715 916 1756 scribenda
952 1714 1158 1763 offerent,
1197 1720 1245 1753 ut
1280 1713 1483 1752 omnium
1511 1724 1566 1752 ea
1593 1713 1845 1763 legentium

217 1787 433 1838 precibus
461 1787 613 1836 juvari
640 1787 899 1836 valeamus,
936 1791 1006 1835 ut,
1037 1785 1083 1824 in
1113 1784 1211 1824 dies
1239 1784 1558 1834 diligentiores
1585 1783 1717 1834 facti,
1742 1784 1844 1835 plus

217 1858 395 1898 fructus
417 1857 617 1898 Domino
638 1857 745 1910 jesu
769 1856 952 1896 adferre
973 1857 1228 1895 valeamus.

297 1928 386 1968 Sed
421 1934 670 1979 antequam
711 1926 976 1978 aggrediar,
1014 1926 1102 1965 hoc
1134 1926 1179 1965 in
1215 1925 1375 1977 primis
1411 1924 1658 1964 dicendum
1697 1925 1840 1974 venit,

217 1999 316 2039 Κ.ᾶο
334 1999 419 2045 P.¹·‚
445 1999 569 2048 quod
590 1999 859 2050 quotidiana
881 1996 1167 2048 experientia
1184 1995 1462 2035 edoceamur
1479 1995 1724 2034 verissima
1741 2006 1843 2034 esse

217 2070 294 2109 illa
316 2069 529 2119 Apostoli
551 2069 694 2109 verba
717 2069 932 2108 dicentis:
958 2067 1041 2118 qni
1058 2066 1136 2118 pie
1155 2066 1204 2105 sn
1226 2066 1303 2105 X.⁰
1322 2065 1443 2116 sesa
1475 2065 1634 2104 vivere
1658 2064 1843 2111 volunt,

215 2140 624 2191 preseqmttionem
650 2139 910 2190 patientur.
943 2138 1033 2178 Sed
1060 2138 1308 2189 plurimum
1335 2136 1381 2175 in
1408 2135 1610 2175 Domino
1638 2135 1843 2175 consola-

217 2223 322 2250 mur
352 2211 642 2250 attendentes
672 2222 757 2250 nos
784 2222 866 2261 per
886 2209 1044 2248 varias
1074 2207 1395 2247 tribulationes
1423 2212 1467 2246 et
1489 2206 1730 2257 angustias
1751 2212 1843 2245 ten-

219 2282 329 2320 dere
353 2282 411 2320 ad
439 2292 635 2331 regnum
662 2282 874 2320 coeleste.
905 2279 1007 2319 Non
1034 2290 1224 2330 possum
1252 2277 1487 2328 explicare
1510 2282 1731 2328 quantum
1753 2276 1843 2315 fru-

220 2359 323 2391 ctus
357 2358 401 2391 et
431 2351 590 2402 gaudii
624 2351 770 2391 nostri
805 2351 997 2401 spiritus
1028 2349 1240 2389 adferant
1271 2348 1316 2387 in
1345 2347 1547 2386 Domino
1577 2346 1775 2386 adversa
1798 2352 1842 2386 et

221 2422 596 2461 machinamenta
615 2422 769 2460 omnia
791 2421 984 2471 maligni
1000 2419 1204 2470 spiritus.

302 2491 428 2531 Odor
457 2492 604 2532 bonus
632 2491 878 2531 Societatis
905 2491 980 2530 hic
1009 2491 1149 2540 longe
1174 2490 1357 2539 lateque
1392 2488 1438 2527 in
1466 2487 1562 2527 dies
1588 2487 1841 2538 spargitur.

223 2563 411 2602 Plurimi
439 2563 497 2602 ad
525 2562 613 2602 hoc
640 2563 765 2602 vitae
797 2562 1056 2601 institutum
1085 2559 1331 2608 accedunt,
1360 2570 1417 2598 ex
1452 2558 1616 2609 quibus
1643 2557 1844 2609 quinque

221 2633 540 2672 adolescentes
575 2633 769 2672 studiosi
803 2633 905 2683 ipso
926 2632 998 2671 die
1020 2629 1401 2671 Circumcisionis
1429 2628 1618 2668 Domini
1646 2640 1695 2668 se
1723 2633 1844 2667 totos

221 2702 407 2742 Christo
439 2703 752 2753 resignarunt,
785 2703 1045 2742 emittentes
1073 2707 1233 2740 votum
1260 2699 1565 2749 scholarium;
1589 2699 1745 2749 plures
1766 2698 1844 2737 alii

223 2779 384 2823 postea
405 2774 525 2812 idem
547 2774 730 2813 facturi.
753 2773 884 2813 Multi
906 2772 1188 2821 sacerdotes,
1213 2770 1440 2819 canonici,
1466 2777 1510 2809 et
1530 2769 1725 2809 studiosi
1748 2769 1843 2819 plu-

223 2843 328 2881 rimi
356 2844 494 2882 aedes
522 2849 707 2883 nostras
738 2843 1046 2894 frequentant.
1076 2841 1274 2892 Quidam
1301 2851 1469 2890 regens
1496 2840 1673 2879 Bursae
1701 2839 1844 2878 Cuca-

279 3001 287 3019 ¹
332 3001 575 3035 Autographae
592 3003 623 3029 in
640 3003 693 3029 sol.
712 3003 770 3028 1¹23.
