1987 3260
894 156 976 192 Ax.
1009 155 1095 192 1551
1736 160 1805 197 425

184 250 542 290 adscribendum
561 236 654 291 non
675 252 752 292 sit?
772 252 831 293 Ut
853 253 994 303 igitur
1015 259 1294 303 arrogantes
1314 259 1358 293 et
1375 265 1580 294 essemus
1602 256 1738 296 nimis
1759 264 1803 297 et

178 318 508 371 judicaremur,
532 322 572 361 si
592 333 733 373 opera
756 321 955 374 Spiritus
977 321 1138 364 Sancti
1158 324 1292 363 nobis
1313 330 1392 364 aut
1415 325 1574 365 virtuti
1596 332 1799 378 nostrae,

182 401 299 441 quae
319 391 445 431 nulla
465 398 549 442 est,
574 393 959 443 adscriberemus;
979 394 1042 434 ita
1059 395 1199 434 etiam
1214 407 1241 435 a
1259 395 1428 446 pietate
1446 395 1710 436 videremur
1727 397 1800 437 de-

180 461 369 512 clinare,
393 462 432 502 si
453 474 572 514 quae
593 476 619 503 a
641 462 741 504 Deo
762 464 859 504 fieri
881 471 924 504 et
946 466 1275 515 cognoscimus
1297 471 1340 505 et
1361 465 1575 515 fatemur,
1606 480 1661 507 ea
1691 480 1800 519 quo-

179 542 266 583 que
288 537 560 573 taceremus.
587 534 649 574 At
669 546 819 587 pauca
841 535 918 574 illa
939 542 1060 575 sunt.
1086 535 1207 586 Quid
1228 536 1441 587 prohibet
1462 536 1612 577 Deum
1628 538 1675 577 in
1690 550 1801 589 pau-

177 602 244 641 cis
263 603 474 644 laudare?
495 616 600 645 cum
620 606 895 656 praesertim
916 606 974 646 ad
997 606 1041 646 id
1063 607 1203 647 etiam
1224 607 1513 647 obedientiae
1530 616 1797 660 praecepto,

176 684 294 723 quae
315 674 518 714 victimis
539 682 761 727 praestat,
786 677 1091 728 impellamur,
1116 684 1164 717 ut
1180 676 1219 717 si
1238 678 1373 718 nobis
1390 679 1685 719 scribendum
1706 692 1798 720 non

175 751 310 795 esset,
330 756 420 796 quo
438 745 524 786 Dei
543 747 806 798 benignitas
822 748 1092 788 laudaretur
1108 755 1151 788 et
1168 749 1594 790 misericordiarum
1610 762 1798 791 suarum

174 816 461 867 magnitudo,
477 829 616 868 quam
632 818 705 859 ille
721 819 1044 870 peccatoribus
1061 826 1281 870 praestat,
1297 826 1674 871 cognosceretur,
1695 822 1798 861 obc-

173 885 373 927 dientiae
394 893 550 928 tamen
570 889 778 929 instituto
800 889 845 930 id
866 890 998 930 nobis
1020 890 1206 930 omnino
1227 890 1491 930 faciendum
1512 892 1651 931 esset?

252 956 478 1007 Quamvis
498 965 542 999 et
563 960 708 999 altera
726 960 772 1000 in
789 961 923 1000 nobis
938 961 1058 1001 ratio
1077 961 1325 1012 invenitur,
1346 973 1437 1012 qua
1454 962 1544 1001 hoc
1561 962 1797 1002 scribendi

170 1038 335 1067 munus
365 1030 683 1070 necessarium
709 1030 842 1071 nobis
878 1039 922 1071 et
956 1032 1065 1071 utile
1100 1032 1326 1072 ducimus.
1363 1031 1426 1072 At
1461 1044 1691 1083 quaenam
1726 1040 1795 1073 est

168 1097 282 1138 haec
304 1099 443 1140 ratio?
464 1100 688 1151 desidiae,
707 1101 868 1151 Pater,
892 1108 1031 1153 atque
1049 1103 1252 1153 torporis
1272 1103 1423 1142 nostri
1440 1104 1693 1154 expositio,
1718 1105 1791 1144 de-

167 1168 374 1209 claratur
393 1170 530 1219 enim,
554 1172 737 1222 quoties
758 1172 1024 1223 scribimus,
1050 1172 1265 1213 Patribus
1287 1180 1332 1213 et
1358 1173 1580 1214 fratribus
1601 1175 1790 1224 nostris,

165 1251 190 1278 a
212 1239 377 1290 quibus
397 1240 549 1281 minus
570 1242 778 1282 locorum
800 1243 1020 1283 distantia
1042 1244 1396 1294 cognoscimur,
1422 1245 1584 1296 quales
1617 1245 1706 1296 ipsi
1737 1246 1793 1284 si-

162 1321 278 1349 mus.
302 1309 432 1350 Bona
453 1311 638 1362 quidem
660 1313 932 1363 scribemus,
957 1314 1038 1353 sed
1058 1326 1223 1365 pauca3
1248 1315 1295 1354 in
1311 1315 1444 1354 bonis
1460 1314 1612 1355 Deum
1633 1316 1792 1356 lauda-

162 1381 288 1431 bunt,
311 1393 338 1421 a
360 1393 450 1433 quo
475 1394 610 1422 omne
630 1383 817 1434 bonum;
842 1384 888 1424 in
908 1385 1092 1435 paucis,
1123 1392 1313 1425 nostrae
1340 1386 1684 1426 miserebuntur
1713 1399 1791 1427 ne—

159 1452 432 1503 gligentiae3
455 1452 677 1503 dicerem,
702 1455 1013 1506 accusabunt,
1038 1455 1082 1496 id
1104 1456 1226 1496 enim
1246 1457 1398 1507 magis
1420 1469 1673 1505 meremur3
1709 1459 1792 1498 sed

159 1534 216 1562 ne
237 1523 301 1563 ita
325 1524 503 1575 loquar,
536 1536 623 1575 me,
656 1531 748 1575 tua,
780 1526 918 1566 Pater
948 1527 995 1566 in
1024 1526 1211 1567 Christo
1242 1527 1366 1577 ΗΛΘ,
1401 1534 1786 1580 caeterorumque

158 1593 347 1634 Patrum
368 1600 413 1634 et
440 1594 662 1636 Fratrum
689 1597 896 1637 omnium
924 1597 1130 1637 charitas
1156 1598 1366 1649 impedit,
1398 1610 1515 1650 quae
1543 1600 1787 1650 pigrorum

157 1665 308 1715 magis
328 1666 538 1706 misereri
558 1679 699 1718 quam
726 1679 806 1707 eos
833 1680 1058 1708 accusare
1087 1670 1345 1709 consuevit.
1376 1669 1497 1720 Quid
1523 1670 1666 1720 igitur
1693 1682 1786 1710 non

155 1735 351 1776 libenter
371 1749 425 1777 ea
447 1738 723 1789 scribamus,
747 1751 865 1791 quae
883 1738 983 1779 Deo
1004 1741 1203 1790 gloriam
1220 1740 1404 1791 parient
1425 1747 1482 1790 et,
1509 1753 1614 1781 cum
1632 1742 1790 1781 vultus

152 1813 339 1846 nostros
359 1808 536 1858 pudore
556 1809 857 1861 perfuderint,
881 1810 1250 1851 misericordiam
1271 1823 1454 1863 quoque
1481 1812 1614 1851 nobis
1642 1812 1783 1862 impe-

154 1877 361 1917 trabunt?
382 1878 583 1919 Tantum
609 1880 731 1920 enim
759 1881 904 1929 abest,
934 1887 983 1920 ut
1010 1882 1118 1921 hinc
1146 1882 1330 1922 laudari
1358 1888 1436 1921 aut
1470 1882 1669 1922 velimus
1705 1888 1786 1922 aut

152 1958 406 1999 speremus,
430 1956 478 1989 ut
499 1951 799 1991 accusatione
821 1951 988 2002 dignos
1010 1964 1112 1992 esse
1133 1964 1218 1992 nos
1239 1952 1487 2004 fateamur,
1508 1954 1643 2004 plura
1659 1966 1786 1993 nam-

152 2029 239 2068 que
261 2018 388 2059 Deus
414 2019 622 2071 fecisset,
657 2022 696 2061 si
723 2022 769 2062 id
798 2022 885 2072 ipsi
913 2034 1182 2073 ageremus,
1212 2030 1261 2063 ut
1291 2035 1396 2063 cum
1424 2024 1653 2074 propheta
1682 2036 1782 2075 pos-

151 2089 295 2129 simus
316 2090 492 2131 dicere:
510 2096 742 2142 parcetmn
763 2104 842 2132 cor
873 2105 1047 2141 meum,
1071 2094 1202 2133 Deus
1218 2127 1229 2143 ,
1244 2098 1475 2144 paratum
1503 2105 1583 2134 cor
1616 2107 1787 2138 meum,

151 2161 399 2211 ntsacz'am
422 2162 716 2202 voluntatem
738 2167 883 2204 tuam.

228 2230 318 2272 Sed
334 2232 431 2283 jam
451 2233 703 2284 aggrediar
724 2246 843 2285 quae
864 2233 959 2274 dixi
982 2235 1154 2274 habere
1185 2242 1233 2274 ut
1266 2236 1535 2275 scriberem.
1568 2235 1721 2288 Atque
1752 2249 1779 2276 a

150 2302 250 2342 R.d0
277 2304 321 2342 in
344 2303 528 2344 Christo
551 2303 598 2344 P.
627 2311 788 2345 nostro
816 2305 971 2345 Natali
1001 2306 1243 2357 incipiam,
1275 2305 1404 2356 cujus
1434 2307 1597 2358 spiritu
1625 2313 1669 2347 et
1700 2309 1780 2348 ali-

149 2385 252 2413 mur
273 2380 316 2414 et
337 2376 568 2415 nutrimur
589 2387 750 2415 omnes
771 2376 817 2415 in
834 2375 1050 2417 Domino.
1072 2376 1307 2427 Quantum
1324 2378 1447 2417 enim
1464 2378 1610 2428 prosit
1626 2379 1778 2429 nobis,

147 2451 244 2484 tum
265 2445 467 2485 maxime
488 2446 712 2485 sentimus
734 2458 839 2486 cum
862 2447 938 2486 illo
961 2459 1189 2487 caremus.
1216 2447 1328 2498 Quis
1350 2448 1472 2487 enim
1503 2460 1556 2488 eo
1587 2448 1778 2500 diligen-

147 2515 249 2563 tior,
280 2523 357 2556 aut
384 2516 670 2557 ferventior?
699 2518 885 2568 quando
913 2519 1136 2569 quiescit?
1164 2530 1190 2558 a
1217 2518 1383 2569 quibus
1418 2519 1505 2558 sibi
1540 2520 1780 2560 laboribus

146 2587 315 2637 parcit?
336 2587 520 2638 quando
541 2587 628 2627 Dei
648 2589 826 2639 gloriae
848 2596 892 2628 et
913 2590 1237 2640 proximorum
1259 2590 1397 2630 saluti
1418 2602 1511 2629 non
1539 2590 1774 2641 invigilat?

148 2656 263 2697 Cum
286 2658 429 2708 igitur
451 2658 691 2698 audiretur
721 2660 920 2700 classem
950 2666 1189 2700 turcarum
1216 2661 1483 2700 Messanam
1503 2661 1775 2712 adventare,

145 2728 357 2779 cogitans
378 2729 453 2768 ille
474 2735 697 2780 quantum
718 2730 764 2770 in
786 2731 997 2771 oratione
1018 2732 1240 2783 praesidii
1260 2732 1465 2783 positum
1480 2738 1616 2779 esset,
1639 2744 1770 2772 cura-

147 2799 212 2838 vit
232 2811 285 2838 eo
307 2799 573 2851 diligentius
595 2807 642 2840 ut
663 2801 705 2840 ei
725 2801 1031 2852 insisteretur,
1055 2814 1146 2853 quo
1169 2803 1309 2842 etiam
1330 2801 1480 2852 majus
1495 2803 1602 2843 huic
1622 2815 1769 2854 regno

146 2874 190 2909 et
218 2870 466 2910 universae
494 2871 666 2911 Christi
694 2872 933 2912 Ecclesiae
961 2873 1219 2924 periculum
1252 2874 1491 2914 imminere
1519 2873 1772 2914 videretur.

146 2939 352 2992 Cumque
381 2949 542 2992 ageret
569 2943 625 2983 de
653 2943 724 2982 his
754 2944 892 2984 rebus
921 2944 1043 2995 apud
1074 2943 1345 2995 Pro-regem
1374 2944 1526 2996 (cujus
1553 2945 1773 2996 pietatem
