1987 3260
285 163 356 201 238
796 160 1023 197 LITTERAE
1051 170 1405 203 QUADRIMESTRES

286 265 463 309 ratum,
487 259 562 298 cui
581 258 697 298 nihil
717 258 984 298 dubitamus
1009 256 1279 307 propediem
1310 268 1607 297 accessurum
1637 258 1909 308 lngolstadii

287 331 509 380 alterum,
535 329 722 370 Christo
740 328 1008 368 adiuvante.

366 400 466 451 Quo
495 399 563 450 fit,
593 405 642 440 ut
669 398 853 450 precari
883 397 1043 438 sedulo
1074 397 1324 438 debeamus
1355 398 1541 439 Patrem
1570 399 1910 440 misericordia-

286 483 388 511 rum
419 476 463 511 et
488 482 573 522 pro
608 470 816 521 piissimo
850 468 978 519 Rege
1010 468 1329 517 Ferdinando,
1367 474 1410 508 et
1442 481 1527 520 pro
1561 481 1735 521 genero
1770 470 1904 520 illius,

287 542 419 582 Duce
450 542 539 581 hoc
568 540 865 590 Bavariensi,
901 551 1018 590 quos
1044 537 1209 578 deinde
1238 550 1323 578 ceu
1349 539 1489 579 duces
1517 541 1594 580 alii
1620 552 1802 592 quoque
1838 541 1908 590 (ut

287 613 388 664 ipsa
411 617 546 662 coget
562 611 834 660 necessitas)
852 611 899 649 in
916 609 1169 649 Germania
1185 610 1363 660 passim
1378 610 1693 651 imitabuntur.
1725 611 1808 652 Cui
1835 612 1901 651 rei

290 687 565 733 argumento
587 693 688 721 esse
708 686 860 732 potest
880 680 952 720 vir
973 691 1205 730 summm,
1237 681 1314 731 qui
1340 680 1681 721 Cancellarium
1710 682 1809 732 agit
1830 694 1909 722 cu-

285 752 467 792 iusdam
502 751 732 802 Principis
766 751 994 791 Electoris
1023 749 1049 799 ¹,
1086 761 1179 790 non
1215 751 1391 791 amicus
1425 751 1610 802 quidem
1641 751 1904 802 Societatis‚

286 823 367 862 sed
396 823 474 873 qui
501 834 693 862 causam
722 828 900 863 tantam
929 830 972 863 et
998 822 1201 865 fructum
1227 823 1421 863 istorum
1448 823 1752 873 collegiorum
1781 823 1906 862 intel-

286 894 450 944 ligens,
470 893 709 945 rescripsit
727 894 911 934 cuidam
927 895 973 934 in
989 895 1107 936 haec
1123 897 1282 937 verba:
1309 890 1540 936 “Litteras
1560 900 1664 934 tuas
1682 893 1793 933 RmO
1815 892 1907 933 Do-

284 964 408 1004 mino
430 970 589 1004 nostro
611 965 857 1005 commoda
878 967 1095 1017 quaesita
1117 968 1386 1018 occasione,
1411 972 1454 1005 et
1480 977 1583 1005 cum
1610 965 1768 1005 mollia
1797 970 1904 1004 tem-

283 1046 399 1086 pora
425 1034 598 1074 fuerint
624 1035 809 1086 affandi,
845 1037 1095 1077 exhibebo:
1119 1038 1345 1089 simulque
1376 1036 1587 1077 manibus
1622 1047 1677 1076 ac
1711 1035 1906 1086 pedibus

280 1111 407 1145 tuam
448 1106 728 1145 sententiam
765 1107 1047 1147 confirmabo
1084 1108 1174 1158 (De
1200 1107 1366 1148 litteris
1394 1107 1596 1158 loquitur
1625 1107 1671 1146 in
1697 1106 1901 1157 gratiam

281 1176 465 1226 collegii
485 1177 632 1216 nostri
653 1184 871 1217 accurate
892 1178 1112 1229 scriptis).
1138 1178 1431 1230 Quamquam
1446 1189 1521 1217 res
1537 1177 1638 1228 ipsa
1655 1189 1748 1216 non
1764 1183 1901 1227 egeat

286 1247 441 1298 aliqua
462 1248 784 1298 persuasione,
810 1260 915 1288 cum
935 1261 1029 1289 non
1050 1250 1200 1289 solum
1220 1250 1279 1290 sit
1301 1249 1505 1289 omnium
1532 1248 1829 1288 sanctissima
1859 1253 1903 1287 et

280 1317 629 1369 honestissima,
662 1319 743 1358 sed
778 1324 821 1358 et
855 1320 1058 1359 maxime
1088 1321 1211 1360 utilis
1238 1326 1280 1360 et
1308 1320 1595 1369 necessaria,
1625 1330 1834 1370 quaeque
1871 1330 1896 1357 a

280 1387 394 1427 RmO
416 1389 514 1428 sine
535 1389 739 1428 maximo
761 1390 1009 1441 dedecore,
1034 1391 1256 1431 scandalo
1281 1397 1325 1431 et
1355 1390 1628 1430 detrimento
1657 1390 1798 1429 etiam
1828 1401 1895 1428 sa—

280 1459 387 1498 lutis
408 1470 520 1499 suae
543 1459 692 1500 omitti
712 1460 898 1500 minime
920 1467 1099 1512 queat„
1124 1462 1360 1501 Hactenus
1381 1461 1469 1511 ille,
1493 1461 1623 1501 cuius
1643 1460 1788 1500 verba
1808 1471 1894 1499 nos

280 1530 339 1569 ad
359 1530 643 1570 laudandum
664 1530 817 1571 Deum
838 1532 912 1571 vel
936 1532 994 1571 ob
1014 1532 1059 1572 id
1081 1533 1259 1572 animos
1279 1543 1539 1583 provocare
1559 1538 1750 1583 queant,
1774 1531 1897 1582 quod

278 1601 323 1640 in
352 1601 468 1641 aulis
495 1602 757 1652 principum
788 1602 1130 1643 Germanorum
1159 1603 1223 1643 ita
1250 1603 1465 1653 cognitae
1493 1602 1628 1642 simul
1661 1608 1704 1641 et
1734 1602 1897 1653 proba-

278 1677 353 1711 tae
382 1672 473 1712 sint
503 1684 578 1712 res
609 1672 873 1724 SocietatiS,
903 1674 1092 1713 iuvante
1117 1674 1385 1725 plurimum,
1414 1680 1463 1713 ut
1489 1673 1605 1723 dixi,
1629 1673 1895 1724 praesentia

281 1741 334 1782 R.
357 1742 406 1782 Ρ.
431 1742 625 1792 Claudii,
645 1755 735 1794 quo
751 1755 835 1783 nec
852 1744 1081 1784 immerito
1098 1750 1340 1796 tantopere
1358 1744 1614 1784 delectatur
1635 1743 1767 1783 R.mus
1792 1742 1903 1783 Car-

283 1814 449 1853 dinalis
470 1813 791 1864 Augustanus,
816 1815 942 1854 illum
962 1826 1079 1866 pene
1100 1816 1248 1855 solum
1268 1815 1459 1863 habens,
1483 1826 1572 1866 quo
1594 1820 1747 1854 utatur
1764 1813 1896 1853 fami-

279 1884 545 1934 liarissime,
571 1884 792 1935 cuiusque
813 1886 1003 1925 ductum
1023 1892 1262 1936 sequutus,
1286 1886 1446 1934 vitam,
1470 1886 1578 1925 licet
1599 1885 1770 1936 alioqui
1794 1896 1897 1935 pro—

276 1956 433 1995 batam
455 1954 482 2006 ⁵²,
508 1961 552 1994 et
573 1956 727 1995 aulam
748 1967 881 1996 suam
901 1956 1182 1997 reformasse
1201 1968 1393 2008 prorsus
1413 1956 1720 1996 existimatur.

351 2024 400 2064 P.
424 2024 646 2066 Nicolaus
667 2027 714 2066 in
734 2026 1045 2078 praelegendo
1067 2027 1316 2067 admodum
1337 2033 1380 2067 et
1401 2027 1487 2066 sibi
1507 2032 1551 2066 et
1572 2026 1672 2066 aliis
1692 2025 1891 2077 proficit;

273 2096 488 2135 laudatur
524 2097 570 2136 in
597 2095 862 2147 disputandi
890 2098 1088 2148 ratione,
1125 2109 1264 2149 quam
1295 2109 1379 2137 sua
1414 2097 1598 2148 quidem
1630 2097 1895 2148 praesentia

275 2178 370 2207 non
402 2178 568 2218 parum
603 2167 732 2207 iuvat
772 2175 1120 2220 promovetque.
1154 2169 1292 2209 Brevi
1326 2174 1431 2219 post
1463 2168 1788 2219 auspicaturus
1827 2173 1897 2207 est

275 2237 541 2278 Aristotelis
563 2238 797 2289 Ethicam‚
818 2251 936 2290 quae
956 2240 1094 2279 lectio
1126 2241 1281 2290 plures
1309 2250 1448 2290 quam
1476 2238 1787 2289 Theologica,
1819 2250 1895 2277 no-

274 2309 344 2347 bis
365 2309 592 2359 promittit
608 2309 860 2349 auditores.

353 2379 470 2419 Tum
497 2379 626 2420 festis
661 2380 821 2420 diebus
848 2381 1084 2431 pergimus
1111 2381 1399 2431 concionari,
1432 2380 1513 2420 sed
1547 2380 1722 2420 maiore
1756 2390 1895 2430 quam

276 2455 434 2501 antea,
469 2461 575 2490 cum
601 2451 818 2491 auditorii
847 2457 890 2491 et
916 2451 1233 2503 professorum
1261 2451 1532 2503 frequentia.
1563 2451 1786 2491 Fructum
1818 2450 1894 2489 ali-

274 2532 411 2572 quem
431 2521 678 2560 ostendunt
700 2521 984 2573 confitentes,
1008 2534 1123 2573 quos
1145 2523 1260 2562 adeo
1283 2523 1450 2562 multos
1471 2533 1616 2572 nuper
1638 2520 1795 2560 divina
1816 2520 1891 2559 tri-

274 2592 371 2631 buit
393 2591 671 2642 benignitas,
695 2598 743 2631 ut
765 2592 898 2632 annis
919 2593 1086 2633 abhinc
1115 2593 1325 2644 plurimis
1353 2592 1495 2633 fuisse
1521 2593 1676 2644 plures
1703 2597 1888 2642 negent,

327 2776 337 2795 ¹
378 2776 457 2808 Quis
471 2776 524 2803 hic
538 2776 698 2810 Princeps
713 2776 851 2803 Elector
862 2777 974 2811 suerit,
986 2781 1018 2803 et
1033 2776 1105 2810 quis
1117 2777 1188 2811 ejus
1198 2776 1438 2809 Cancellarius,
1451 2776 1595 2810 inquiret
1609 2780 1699 2802 certe
1713 2778 1745 2801 et
1756 2774 1888 2801 docebit

274 2824 551 2857 diligentissimus
566 2824 600 2850 P.
618 2823 656 2850 O.
670 2824 937 2858 Braunsbeiger,
954 2823 984 2851 S.
998 2823 1037 2857 J.,
1054 2832 1127 2851 cum
1141 2824 1310 2858 ingentem
1332 2823 1590 2851 Canisianarum
1614 2823 1805 2849 litterarum
1822 2828 1889 2848 mo-

274 2872 338 2897 lem
354 2872 425 2897 luce
442 2871 577 2904 publica
594 2872 744 2898 donabit.

328 2920 341 2937 “-’
378 2919 494 2945 Verba
509 2919 591 2945 haec
608 2919 688 2946 licet
709 2919 1051 2953 alz'oquz'prohatam,
1065 2918 1160 2952 signo
1175 2918 1290 2946 addito
1315 2923 1349 2945 ut
1374 2918 1481 2945 textui
1497 2918 1737 2949 insererentur,
1756 2915 1887 2943 addidit

278 2966 309 2992 in
326 2966 477 2999 margine
494 2966 667 2992 Polancus.
