1987 3260
858 161 938 198 AN.
971 161 1054 198 1551
1703 164 1772 201 403

150 258 329 309 publice
352 270 456 298 cum
477 270 560 298 sua
584 259 841 298 concubina
862 258 1092 298 manebat.
1117 258 1336 298 Libenter
1361 269 1448 298 nos
1469 259 1647 299 audivit
1671 271 1769 310 pro-

150 329 363 379 misitque
385 328 757 368 emendationem
778 329 824 368 in
847 329 1072 368 omnibus.

228 398 337 438 Post
365 398 486 438 diem
514 410 655 438 unum
684 406 762 438 aut
793 400 1008 448 alterum,
1040 409 1144 438 cum
1172 410 1274 438 mea
1302 399 1491 450 negotia
1513 400 1771 450 expedivis-

151 480 263 517 sem,
287 468 344 508 ad
367 469 605 508 civitatem
633 470 903 520 quamdam,
927 468 1025 508 Tiel
1051 468 1059 487 ¹
1089 469 1284 519 dictam,
1314 469 1552 520 profectus
1581 470 1659 520 fui,
1695 471 1771 509 ubi

153 540 414 579 humaniter
435 552 460 579 a
483 539 683 590 quodam
704 540 905 591 primatu
933 539 1135 579 civitatis
1162 546 1376 590 receptus
1401 540 1491 590 fui,
1522 541 1600 591 qui
1630 541 1773 580 filium

149 622 283 649 suum
306 616 407 661 post
428 621 601 650 annum
622 622 763 650 unum
785 610 843 650 ad
863 622 950 650 nos
971 609 1222 650 destinavit
1243 610 1439 661 mittere;
1458 610 1547 650 nisi
1566 610 1773 650 defectus

152 692 380 720 annorum
401 681 669 730 obstitisset,
689 680 785 732 jam
808 692 987 720 mecum
1009 680 1244 732 profectus
1265 680 1442 720 fuisset.
1475 681 1526 721 In
1547 681 1634 721 hac
1663 682 1773 721 civi-

152 758 243 791 tate
266 753 459 791 multum
481 751 807 792 desiderabant
829 752 1008 803 aliquos
1036 752 1091 791 de
1118 750 1350 791 Societate
1377 751 1502 804 Jesu.

231 822 391 862 Altera
414 823 501 872 die,
522 823 724 873 negotiis
746 823 993 874 expeditis,
1018 822 1253 874 profectus
1286 834 1387 862 sum
1414 823 1772 874 Noviomagum,

153 893 228 932 ubi
250 904 275 931 a
298 893 500 944 quodam
531 894 756 933 canonico
786 894 921 933 valde
950 894 1089 933 etiam
1117 893 1395 933 charitative
1422 899 1667 945 susceptus
1693 894 1772 942 fui,

153 964 230 1014 qui
251 964 310 1003 ad
332 963 612 1004 Societatem
633 972 700 1004 est
727 964 860 1004 valde
882 964 1088 1004 affectus.
1115 964 1230 1004 Cum
1253 964 1327 1003 hic
1345 975 1509 1012 essem,
1531 965 1669 1004 amici
1689 964 1773 1004 Re-

155 1035 342 1074 verendi
367 1035 412 1074 1³.
437 1034 612 1075 Canisii
640 1035 834 1074 multum
860 1035 1094 1074 instabant
1122 1041 1172 1074 ut
1203 1035 1344 1074 semel
1367 1035 1425 1074 ad
1447 1047 1526 1075 eos
1547 1035 1771 1085 Venirem3

153 1105 246 1155 sed,
273 1106 493 1157 quoniam
515 1106 676 1145 eodem
693 1106 765 1145 die
784 1106 894 1145 mihi
911 1105 1298 1156 proficiscendum
1315 1112 1415 1145 erat
1434 1106 1624 1156 navigio
1643 1106 1773 1146 Colo-

153 1176 293 1225 niam,
318 1188 410 1216 non
433 1177 508 1216 diu
532 1177 726 1216 haerere
747 1177 888 1227 potui.
914 1176 1029 1216 Cum
1045 1175 1141 1227 jam
1165 1176 1223 1216 ad
1245 1188 1324 1216 eos
1345 1177 1594 1225 venissem,
1618 1177 1775 1217 inveni

151 1247 342 1286 fratrem
358 1247 449 1286 Rfli
470 1246 519 1286 P.
540 1246 730 1295 Canisii,
750 1247 828 1298 qui
844 1252 1034 1297 propter
1051 1246 1379 1297 infirmitatem,
1401 1248 1575 1287 relictis
1593 1248 1652 1287 ad
1668 1254 1778 1287 tem-

153 1330 238 1370 pus
259 1319 446 1368 studiis,
471 1319 528 1358 ad
550 1319 752 1369 patriam
781 1318 1014 1369 profectus
1035 1323 1155 1367 erat,
1185 1318 1266 1357 sed
1291 1317 1388 1368 jam
1416 1318 1532 1358 bene
1563 1319 1777 1359 habebat.

153 1390 302 1430 Valde
324 1390 382 1430 ad
412 1389 693 1430 Societatem
718 1390 830 1442 Jesu
857 1396 925 1429 est
954 1388 1162 1428 affectus.
1192 1387 1447 1440 Postquam
1475 1390 1595 1429 bona
1625 1391 1780 1441 aliqua

154 1462 271 1501 inter
291 1473 376 1500 nos
407 1461 785 1511 contulissemus,
816 1467 1039 1511 quantum
1067 1466 1249 1512 tempus
1276 1461 1562 1512 patiebatur,
1594 1461 1780 1501 tandem

153 1531 357 1571 valedixi
378 1532 420 1571 ei
440 1531 486 1571 in
508 1532 666 1571 osculo
687 1531 818 1582 pacis
840 1538 883 1571 et
905 1531 1163 1581 charitatis,
1186 1537 1230 1570 et
1247 1531 1432 1571 Christo
1450 1531 1560 1583 Jesu
1578 1531 1780 1572 Domino

152 1608 311 1642 nostro
333 1602 676 1653 commendavi3
700 1603 798 1654 ipse
818 1614 932 1642 vero
954 1614 1058 1642 cum
1081 1603 1329 1652 canonico,
1360 1614 1463 1642 meo
1495 1602 1700 1654 hospite,
1735 1603 1780 1643 in

149 1685 302 1725 genua
323 1674 612 1724 provolutus,
636 1673 1003 1713 benedictionem
1025 1685 1051 1713 a
1072 1685 1144 1713 me
1166 1673 1417 1724 petierunt,
1442 1673 1600 1713 tunica
1621 1685 1693 1713 me
1714 1681 1776 1713 te-

150 1751 312 1784 nentes
331 1756 388 1784 ne
410 1744 674 1794 evaderem3
698 1756 787 1795 quo
810 1745 1076 1795 spectaculo
1100 1745 1293 1783 multum
1314 1744 1361 1783 in
1382 1756 1454 1784 me
1472 1745 1692 1784 confusus
1709 1744 1774 1784 fui

151 1814 206 1855 de
242 1821 371 1855 tanta
406 1827 567 1855 eorum
597 1815 869 1854 humilitate.
905 1813 979 1854 Sic
1015 1821 1221 1863 coactus,
1259 1815 1373 1865 ipsis
1407 1815 1781 1855 benedictionem

152 1886 263 1925 dare
285 1886 434 1925 debui.

231 1957 280 1996 In
318 1957 443 2006 navi,
481 1956 722 1996 Coloniam
756 1956 1070 2007 proficiscens,
1109 1956 1460 1995 exhortationes
1500 1957 1642 1996 habui
1676 1969 1780 1996 cum

151 2037 323 2077 magna
341 2027 547 2066 omnium
563 2026 899 2076 aedificatione;
919 2026 1061 2065 multa
1075 2025 1383 2065 audiebantur
1395 2027 1612 2077 suspiria,
1631 2028 1783 2078 lacry-

152 2109 255 2137 mae
276 2097 588 2137 fundebantur
610 2109 715 2136 cum
743 2097 946 2136 melioris
973 2097 1098 2136 vitae
1126 2097 1388 2147 proposit03
1420 2097 1675 2148 lutherani,
1706 2099 1784 2149 qui

153 2174 425 2220 praesentes
462 2174 615 2217 erant,
664 2167 721 2206 ab
758 2178 918 2206 eorum
960 2167 1204 2206 calumniis
1246 2166 1554 2217 desistebant3
1595 2168 1784 2219 quidam

155 2239 294 2280 etiam
317 2237 567 2288 studiosus,
593 2238 669 2289 qui
692 2237 826 2277 nobis
848 2237 1024 2287 aderat,
1048 2237 1329 2288 promiserat
1351 2249 1399 2276 se
1420 2238 1708 2289 frequentius
1725 2239 1784 2279 ad

158 2321 243 2349 nos
264 2315 515 2348 venturum
536 2308 785 2348 confitendi
806 2308 974 2358 gratia.

235 2379 456 2420 Coloniae
475 2379 614 2418 etiam
632 2379 999 2418 confessionibus
1018 2378 1260 2418 audiendis
1280 2385 1536 2430 occupatus
1553 2379 1631 2420 fui:
1653 2381 1786 2420 multi

155 2451 296 2490 etiam
331 2450 527 2490 studiosi
563 2449 622 2490 ad
657 2461 744 2489 nos
779 2450 971 2489 Veniunt
1003 2450 1112 2489 boni
1147 2449 1323 2501 aliquid
1358 2450 1577 2490 audiendi
1611 2452 1779 2501 gratia.

155 2521 285 2561 Multi
307 2521 447 2561 etiam
470 2521 663 2560 studiosi
686 2520 940 2560 adveniunt
962 2532 1066 2560 cum
1087 2526 1221 2560 sexta
1248 2520 1364 2560 feria
1393 2533 1418 2561 a
1451 2522 1624 2561 nostris
1647 2522 1783 2562 habe—

155 2599 228 2632 tur
250 2593 400 2632 oratio
424 2591 745 2631 exhortatoria
768 2590 826 2631 ad
855 2591 1090 2631 virtutem.
1121 2591 1288 2631 Paucis
1318 2591 1487 2631 abhinc
1516 2592 1676 2632 diebus
1707 2605 1783 2643 pa-

155 2670 224 2703 ter
259 2663 508 2703 confratris
539 2662 685 2702 nostri
716 2662 881 2702 Erardi
911 2661 924 2679 ‘²
952 2661 1226 2701 Leodiensis
1258 2662 1451 2702 adduxit
1482 2663 1615 2703 nobis
1644 2663 1782 2703 filium

157 2745 290 2774 suum
311 2732 549 2784 majorem,
574 2745 710 2784 quem
731 2732 930 2772 habebat
951 2733 996 2772 in
1018 2732 1201 2782 studiis3
1227 2744 1364 2784 quem
1385 2745 1490 2773 cum
1519 2734 1786 2774 videremus

212 2870 220 2889 ¹
261 2869 346 2896 Vide
363 2869 529 2902 Pouxxco,
555 2868 685 2901 Cltrmz„
707 2873 728 2894 t.
753 2875 785 2899 ιι,
807 2875 884 2902 pag.
906 2868 960 2894 5:33
979 2872 1012 2895 et
1036 2868 1067 2894 in
1089 2868 1205 2895 eodem
1232 2872 1322 2894 tomo
1346 2869 1612 2902 geographicum
1629 2869 1783 2902 indicem,

158 2925 234 2951 pag.
250 2918 314 2944 815.

214 2966 226 2983 ³
264 2965 385 2992 Erardi
405 2965 561 2992 Dawant.
