1987 3260
207 178 279 215 476
717 177 942 215 LITTERAE
969 188 1323 221 QUADRIMESTRES

204 278 456 325 antequam
477 273 673 314 Pro—rex
695 272 911 313 Messana
943 273 1222 313 Cathaniam
1248 272 1642 324 proficisceretur,
1671 273 1828 314 Ferdi·

206 344 411 384 nandum
445 350 662 396 nepotem
696 337 830 383 suum
864 343 1130 395 conjunxit,
1168 354 1261 383 non
1295 343 1479 394 quidem
1506 355 1559 383 eo
1588 343 1742 383 animo
1779 350 1828 384 ut

204 420 430 466 perpetuo
454 426 559 454 cum
580 409 751 454 nostris
771 420 982 454 maneret
1002 413 1083 454 sed
1103 419 1166 463 ut,
1190 414 1457 465 aliquandiu
1478 425 1583 453 cum
1607 414 1695 453 illis
1723 426 1828 454 con-

207 490 443 536 versatus,
467 486 600 525 bonis
624 485 830 524 moribus
850 496 1009 524 eorum
1028 485 1239 535 exemplo
1261 484 1592 524 institueretur.
1622 484 1709 523 Hic
1730 490 1828 524 tan-

208 560 306 596 tum
339 556 535 608 profecit
562 562 611 595 ut
640 567 831 607 prorsus
861 555 1010 595 fastus
1037 555 1193 595 curiae
1220 555 1434 594 videatur
1465 555 1646 594 oblitus.
1674 554 1831 595 Primo

207 618 330 666 enim
351 639 456 666 cum
477 627 686 666 venisset
707 626 765 665 ad
786 638 885 676 nOS,
906 626 1041 677 jussit
1062 626 1110 665 P.
1134 625 1313 666 Natalis
1334 632 1382 665 ut
1402 625 1449 665 in
1469 626 1620 675 capite
1642 637 1830 666 mensae

206 690 517 745 recumberet,
555 697 687 747 eique
726 708 914 746 servus,
959 708 1094 747 quem
1132 696 1352 746 habebat,
1395 695 1656 735 inserviret.
1698 695 1831 735 Nunc

207 760 392 818 praeter
415 767 557 817 illum,
584 767 661 817 qui
683 767 916 806 communi
933 778 1121 806 mensae
1143 766 1393 816 ministrat,
1424 766 1561 805 habet
1583 765 1832 817 neminem,

207 845 251 877 ct
271 850 363 877 non
384 839 534 877 solum
556 837 602 876 in
633 837 782 888 primo
810 838 912 877 loco
940 849 1032 877 non
1061 837 1305 886 recumbit,
1335 848 1499 876 verum
1524 836 1832 878 novissimum

206 920 311 948 cum
329 907 580 958 juvenibus
601 908 856 959 praeelegit
877 914 920 947 et
942 908 1001 947 ad
1022 908 1108 947 hoc
1130 908 1354 947 instanter
1377 919 1656 946 consensum
1677 907 1832 947 Patris

208 978 497 1030 impetravit;
522 984 567 1017 et
586 984 635 1017 ut
656 978 818 1029 paucis
841 978 1097 1028 absolvam,
1121 979 1167 1017 in
1189 978 1400 1017 omnibus
1421 978 1490 1025 iis,
1516 978 1561 1016 in
1583 977 1747 1028 quibus
1767 977 1832 1023 illi

207 1050 478 1100 probantur,
502 1049 643 1088 etiam
665 1049 763 1099 ipse
783 1060 876 1088 non
897 1049 1033 1088 modo
1056 1049 1184 1099 sequi
1201 1048 1282 1088 sed
1303 1055 1347 1088 et
1368 1059 1590 1098 superare
1610 1059 1695 1087 nos
1726 1059 1831 1087 con-

208 1120 369 1160 tendit.
393 1119 538 1159 Simul
564 1131 669 1159 cum
696 1120 784 1158 illis
811 1120 856 1158 in
884 1119 1129 1159 refectorio
1157 1120 1462 1159 concionatur
1494 1125 1556 1167 et,
1592 1119 1705 1169 ipsis
1733 1130 1832 1158 coev

208 1191 442 1241 nantibus,
466 1191 600 1241 legit:
624 1190 765 1230 horas
782 1190 1071 1240 singulorum
1088 1190 1342 1230 officiorum
1359 1191 1591 1230 observat:
1615 1190 1838 1230 scutellas⁴

210 1261 377 1301 abluit:
415 1261 617 1312 qualibet
647 1267 804 1309 nocte,
835 1261 952 1300 sicut
987 1267 1029 1300 et
1057 1261 1248 1311 caeteri,
1281 1261 1329 1300 P.
1361 1260 1576 1301 Cornelio
1604 1260 1834 1300 rationem

214 1332 364 1372 reddit
402 1343 589 1382 eorum,
627 1343 744 1382 quae
771 1331 865 1382 egit
892 1332 938 1371 in
967 1331 1060 1380 die,
1090 1338 1184 1371 tam
1212 1331 1491 1371 tentationes
1521 1341 1660 1381 quam
1687 1331 1834 1369 bonas

209 1403 542 1453 inspirationes
564 1402 827 1453 explicans,
851 1402 968 1442 haec
989 1402 1110 1442 enim
1138 1403 1201 1442 illi
1228 1409 1271 1442 et
1298 1403 1388 1442 alia
1421 1402 1649 1453 quaedam
1681 1401 1830 1440 obser-

210 1485 324 1512 vare
348 1474 510 1512 solent.
535 1473 734 1512 Demum
755 1473 801 1512 in
822 1473 909 1512 hac
932 1480 1094 1513 sancta
1115 1472 1346 1513 Societate
1368 1472 1468 1512 Deo
1490 1478 1712 1523 perpetuo
1741 1483 1831 1511 ser-

210 1532 310 1583 vire
332 1544 508 1583 statuit.
537 1543 627 1582 Det
648 1543 712 1582 illi
733 1542 961 1583 Dominus
980 1544 1315 1594 perseverandi
1336 1544 1551 1593 gratiam.

289 1614 339 1653 In
361 1613 734 1653 confessionibus
756 1620 799 1653 et
822 1614 1253 1653 conversationibus
1276 1614 1522 1653 continuus
1551 1625 1635 1652 nec
1664 1611 1834 1653 medio-

213 1685 306 1724 cris
338 1684 387 1724 fit
419 1684 617 1724 fructus.
648 1683 823 1723 Diebus
849 1684 978 1723 festis
1004 1691 1047 1724 et
1076 1685 1321 1724 dominicis
1350 1684 1440 1724 duo
1471 1696 1529 1723 ex
1556 1683 1762 1734 Collegio
1793 1689 1838 1723 et

214 1755 304 1794 duo
326 1768 385 1794 ex
406 1754 545 1794 domo
568 1755 854 1804 probationis
875 1755 1010 1794 simul
1031 1755 1089 1794 ad
1110 1755 1337 1806 hospitale
1359 1755 1606 1803 accedunt,
1632 1754 1841 1794 infirmos.

214 1826 420 1866 invisunt
455 1831 498 1865 et
525 1826 839 1865 consolantur.
869 1825 943 1865 Ad
969 1837 1183 1865 carceres
1213 1826 1353 1865 etiam
1380 1825 1627 1876 aliquando
1657 1825 1761 1874 itur,
1794 1830 1837 1864 et

214 1897 466 1947 interdum,
502 1897 540 1936 si
560 1897 638 1947 qui
660 1897 750 1936 sint
771 1897 846 1947 qui
873 1908 1021 1947 parvo
1050 1909 1157 1936 aere
1188 1897 1498 1946 detineantur,
1530 1896 1841 1947 eleemosynis

215 1979 433 2007 curamus
457 1968 663 2016 liberari,
688 1979 746 2007 ex
769 1968 931 2018 quibus
953 1968 1041 2007 duo
1063 1968 1189 2007 hisce
1212 1967 1372 2007 diebus
1392 1967 1572 2006 liberati
1600 1973 1727 2016 sunt,
1763 1966 1842 2017 qui

215 2038 417 2089 alioquin
444 2039 657 2078 morituri
678 2038 955 2078 videbantur
976 2039 1022 2077 in
1041 2038 1320 2078 carceribus.
1347 2038 1401 2077 Et
1424 2037 1469 2077 hi
1486 2037 1627 2087 igitur
1645 2038 1839 2077 multum

221 2108 558 2148 consolationis
579 2115 886 2160 perceperunt
908 2120 966 2148 ex
992 2108 1253 2159 hujusmodi
1283 2108 1642 2148 visitationibus.
1672 2107 1835 2147 Faten-

217 2185 292 2219 tur
326 2179 449 2219 enim
488 2179 575 2230 ipsi
609 2185 653 2218 et
687 2185 844 2219 custos
881 2180 1108 2229 carceris,
1147 2186 1396 2230 antequam
1426 2179 1718 2219 venissemus
1751 2190 1839 2217 nos

220 2249 511 2300 Messanam,
545 2250 795 2301 aliquando
829 2250 1034 2290 inclusos
1059 2256 1267 2290 mortuos
1293 2261 1394 2289 esse
1423 2250 1520 2290 sine
1548 2248 1839 2289 confessione

215 2320 272 2359 ob
293 2320 540 2370 penuriam
563 2331 724 2360 eorum
745 2321 821 2371 qui
843 2320 1160 2360 confessiones
1189 2320 1415 2360 audirent.
1448 2320 1580 2359 Nunc
1608 2319 1839 2358 maximas

214 2389 315 2430 Deo
336 2390 516 2440 gratias
538 2396 697 2440 agunt,
722 2390 940 2441 quoniam
962 2391 1075 2442 ipsis
1097 2391 1236 2430 etiam
1256 2402 1348 2430 non
1364 2390 1628 2441 petentibus
1644 2388 1835 2428 offerun-

217 2467 304 2500 tur.
342 2460 656 2510 Piscationes,
696 2472 810 2511 quas
832 2460 986 2500 facere
1007 2461 1284 2511 solebamus,
1308 2467 1357 2500 ut
1379 2461 1561 2511 aliquos
1582 2459 1641 2499 ad
1662 2458 1837 2498 confes-

215 2531 392 2570 sionem
403 2530 759 2582 adduceremus,
775 2531 925 2571 coacti
938 2543 1095 2571 sumus
1109 2531 1413 2571 intermittere
1426 2536 1614 2582 propter
1628 2528 1837 2580 frequen-

218 2601 330 2640 tiam
353 2612 513 2640 eorum
535 2601 611 2652 qui
636 2600 693 2640 ad
716 2601 1032 2641 consessiones
1053 2603 1173 2641 ultro
1194 2602 1400 2641 veniunt.
1425 2600 1599 2640 Diebus
1620 2600 1741 2639 enim
1762 2599 1836 2640 do-

213 2672 405 2711 minicis.
420 2672 709 2723 singulisque
738 2671 889 2721 festis,
920 2685 946 2712 a
974 2684 1108 2712 mane
1132 2683 1277 2723 usque
1305 2672 1363 2711 ad
1391 2682 1637 2722 vesperam
1664 2671 1839 2711 confes-

219 2742 414 2781 sionarii
436 2748 738 2793 occupantur.

297 2811 372 2851 Ad
394 2811 652 2852 audiendas
680 2813 997 2853 confessiones
1019 2812 1306 2853 infirmorum
1326 2822 1673 2863 nonnumquam
1701 2823 1834 2851 voca·

215 2893 344 2932 mur;
368 2894 458 2933 qua
479 2883 730 2922 occasione
751 2884 920 2923 accidit
941 2890 1002 2934 ut,
1027 2883 1098 2924 his
1120 2883 1296 2934 diebus,
1320 2888 1591 2933 aegrotante
1620 2882 1836 2933 quodam,

220 2952 298 3003 qui
315 2946 412 3003 jam
433 2953 569 2992 annis
589 2953 834 2994 duodecim
855 2965 1001 2994 uxore
1023 2954 1213 2993 alterius
1234 2953 1405 2993 abusus
1425 2958 1525 2992 erat
1549 2952 1596 2992 in
1625 2952 1837 2992 concubi-
