1987 3260
894 184 977 221 AN.
1009 182 1098 220 1552
1746 178 1817 217 697

191 274 338 316 huone
361 277 556 329 quanta,
576 278 732 318 hanno
749 285 976 319 mostrato
993 278 1148 318 animo
1165 276 1210 317 di
1226 277 1356 315 voler
1378 275 1527 314 intras
1543 275 1666 314 nella
1682 273 1815 314 Com-

191 348 382 398 pagnia;
407 359 480 387 ma
503 349 546 388 ci
565 352 590 388 ε
616 360 756 400 ρ3ι·5ο
781 349 926 389 andar
956 346 1221 394 differendo,
1252 357 1335 397 per
1361 345 1434 385 far
1463 356 1612 396 prova
1640 344 1687 384 di
1715 345 1816 384 loro

190 418 265 469 piu
288 424 444 469 presto
472 418 593 458 fuori
621 418 705 458 che
734 419 915 467 dentm,
946 418 1162 459 havendo
1194 417 1386 468 rispetto
1413 427 1440 455 a
1470 415 1609 455 molte
1637 415 1815 454 circon-

189 488 371 528 stantie.
395 487 512 527 Pero
533 500 626 528 non
648 489 934 529 seriveremo
957 490 1075 529 altro
1101 500 1184 540 per
1212 487 1377 528 adesso
1408 486 1536 526 circa
1563 485 1609 525 di
1635 491 1814 536 questo.

267 557 471 598 Maestro
493 558 594 599 Gio.
619 559 901 609 Francesco,
932 560 1233 608 Parmesano,
1256 562 1428 598 venuto
1456 556 1609 608 pocho
1636 555 1698 607 sa,
1731 557 1767 594 s’
1792 559 1816 595 ὲ

190 629 330 668 molto
352 628 627 669 confirmato
650 631 695 669 in
717 636 880 680 questa
902 630 1150 671 vocatione
1171 635 1215 669 et
1234 628 1352 669 fatto
1381 628 1446 678 gli
1467 627 1581 667 voti.
1609 626 1816 666 Maestro

190 699 435 740 Desiderio
459 700 496 739 si
519 703 542 739 e
564 700 778 740 ordinato
801 708 844 741 et
868 705 1003 752 potrit
1023 707 1180 752 presto
1203 700 1273 740 dir
1294 700 1338 739 13
1358 699 1509 750 prima
1541 709 1695 738 messa
1726 708 1817 737 con

187 770 340 817 gratia
362 771 404 810 d’
428 770 570 810 IddiO.

269 840 564 892 Aspettiamo
594 841 623 880 il
651 841 752 881 R.d0
774 842 822 882 P.
860 841 1154 881 Provinciale
1182 840 1209 890 ¹,
1245 852 1334 881 con
1371 839 1603 880 desiderio
1638 844 1683 878 et
1717 850 1815 889 spe-

189 923 330 951 ranza
354 912 438 951 che
460 912 502 951 ci
524 912 706 963 aggiuti
736 914 894 962 molt0‚
918 912 1129 952 vedendo
1157 917 1272 952 tutte
1292 912 1334 951 le
1356 922 1465 950 cose
1495 916 1656 950 nostre
1676 909 1814 960 parti-

188 982 333 1022 colari
350 988 393 1022 et
414 983 648 1022 mettendo
670 983 882 1033 migliore
905 982 1064 1022 ordine
1085 994 1166 1034 per
1194 988 1325 1031 tutto,
1351 992 1482 1021 come
1508 980 1539 1020 il
1559 979 1731 1031 Signor
1751 980 1817 1029 gli

189 1056 433 1093 mostrara.

264 1122 545 1174 Preghiamo
573 1124 874 1164 humilmente
895 1126 939 1164 13
968 1124 1071 1164 Rda
1092 1124 1140 1163 P.
1160 1123 1219 1164 V.
1245 1123 1344 1173 che,
1376 1134 1458 1174 per
1480 1133 1639 1162 amore
1670 1121 1716 1160 di
1737 1133 1797 1160 no

188 1201 284 1234 stro
305 1193 476 1244 Signor
496 1193 607 1246 Jesu
635 1194 821 1235 Christo
843 1202 887 1235 et
909 1197 953 1235 13
985 1196 1195 1246 singular
1226 1194 1408 1234 charita
1437 1205 1521 1233 sua
1543 1203 1682 1232 verso
1709 1192 1816 1231 tutti

187 1265 251 1315 gli
268 1264 463 1316 figliuoli
480 1266 595 1315 suoi,
616 1267 703 1305 ella
721 1266 762 1305 ci
780 1267 939 1317 voglia
956 1265 1217 1317 perdonare
1233 1265 1298 1316 gli
1315 1263 1630 1304 mancamenti
1646 1263 1808 1310 nostri,

190 1342 233 1375 et
254 1336 584 1388 specialmente
605 1337 670 1387 gli
690 1336 818 1386 miei,
844 1337 968 1388 quali
990 1348 1039 1376 se
1060 1337 1104 1376 io
1125 1336 1298 1376 volessi
1314 1335 1513 1375 recitare
1529 1345 1612 1385 per
1632 1334 1810 1381 lettere,

192 1418 323 1446 come
345 1407 409 1457 gli
430 1407 550 1446 vedo
574 1408 664 1446 3113
691 1407 929 1457 giornata‚
954 1419 1004 1447 so
1033 1407 1117 1447 che
1144 1406 1208 1457 gli
1229 1406 1437 1446 moverei
1459 1416 1578 1455 gran
1599 1415 1809 1455 compas-

188 1478 332 1528 sione,
357 1484 401 1518 et
424 1478 618 1518 sarebbe
636 1489 746 1517 cosa
769 1484 934 1529 troppo
962 1479 1105 1529 longa
1132 1483 1176 1517 et
1197 1477 1557 1516 rinerescevole.
1580 1475 1698 1515 Pero
1719 1486 1813 1514 non

187 1550 343 1589 serivo
362 1560 410 1588 se
427 1560 521 1588 non
533 1550 683 1600 quello
705 1550 792 1589 che
814 1549 1020 1589 richiede
1040 1549 1086 1588 13
1102 1560 1187 1588 sua
1203 1553 1338 1588 santa
1356 1547 1664 1587 ordinatione.
1684 1545 1817 1586 Onde

184 1620 358 1660 faremo
389 1619 478 1660 fine
499 1620 960 1660 raceomandandoci
982 1625 1156 1671 quanto
1183 1618 1419 1670 possiamo
1448 1617 1750 1657 humilmente
1773 1623 1818 1656 et

183 1691 543 1731 sforzatamente
566 1691 653 1731 311ε
676 1702 758 1730 sue
779 1690 911 1730 solite
933 1690 1153 1737 orationi,
1179 1690 1308 1729 aceio
1330 1689 1416 1729 che
1439 1689 1471 1728 il
1494 1687 1666 1739 Signor
1687 1687 1817 1727 Iddio

184 1763 241 1802 da
263 1763 370 1802 tutti
389 1762 469 1802 noi
488 1762 558 1802 sia
579 1762 658 1813 pisi
679 1762 854 1801 servito
876 1768 922 1801 et
944 1761 1223 1812 glorificato,
1248 1772 1337 1801 con
1359 1761 1509 1800 salute
1529 1759 1645 1799 delle
1663 1758 1817 1798 anime

191 1833 377 1884 proprie
404 1838 448 1872 et
474 1832 581 1872 delli
604 1833 842 1884 prossimi,
874 1833 948 1871 311’
979 1832 1106 1872 aiuto
1129 1831 1239 1871 delli
1267 1831 1393 1883 quali
1412 1830 1754 1882 grandemente
1778 1829 1821 1868 ci

191 1904 346 1954 obliga
367 1903 412 1943 13
435 1908 571 1943 santa
593 1903 840 1943 vocatione
862 1909 907 1942 et
927 1902 1219 1954 professione
1250 1902 1295 1942 di
1322 1908 1485 1953 questa
1508 1900 1817 1952 Compagnia,

190 1976 232 2014 13
254 1975 389 2025 quale
419 1974 450 2013 il
476 1973 811 2024 benignissimo
840 1974 1037 2013 authore
1065 1973 1110 2013 di
1136 1984 1241 2012 essa
1269 1972 1511 2021 conservi,
1542 1971 1742 2011 consorti
1772 1976 1818 2010 et

187 2044 393 2085 aumenti
409 2055 591 2095 sempre
607 2043 682 2083 fin'
704 2045 748 2083 31
765 2044 915 2083 colmo
933 2043 979 2083 di
998 2043 1274 2095 perfettione
1295 2049 1339 2082 et
1356 2042 1670 2093 eompimento
1692 2041 1814 2081 della

188 2115 458 2155 santissima
478 2115 673 2154 volunta
693 2125 793 2154 sua.
816 2114 984 2154 Amen.

267 2186 340 2225 Da
360 2185 563 2225 Venetia
585 2185 662 2224 alli
681 2185 734 2224 29
754 2185 801 2224 di
822 2184 1010 2235 Giugno
1037 2184 1149 2224 1552.

267 2256 401 2296 Della
422 2255 525 2296 R.d2²
547 2254 594 2296 P.
620 2255 704 2296 VJ

264 2326 604 2378 Indegnissimo
627 2337 766 2366 servo
789 2326 835 2366 in
857 2326 1001 2366 Giesu
1022 2325 1224 2375 Christo,

1102 2468 1306 2508 ANDREA
1336 2468 1412 2507 DE’
1447 2467 1602 2506 FRUsr.

238 2652 247 2671 ¹
288 2651 323 2678 P.
339 2652 485 2684 Jacobus
500 2651 637 2687 Laynez
650 2673 654 2682 ‚
668 2655 704 2678 ut
720 2651 808 2678 infra
824 2651 857 2677 in
872 2651 999 2679 litteris
1014 2659 1044 2678 n.
1061 2651 1167 2679 CLIX
1182 2652 1269 2679 idem
1291 2650 1566 2678 Prusias—“Sub
1581 2650 1679 2678 finem
1694 2651 1819 2678 mensis

184 2698 288 2732 Junii,
305 2707 379 2726 eum
391 2700 463 2734 jam
477 2706 496 2726 a
512 2702 698 2733 quartana,
715 2698 771 2725 sed
789 2706 853 2725 non
869 2700 911 2725 ab
928 2699 998 2733 ejus
1013 2699 1165 2733 reliquiis
1180 2699 1265 2726 liber
1281 2703 1371 2726 esset
1383 2720 1389 2732 ,
1405 2698 1540 2726 litteras
1560 2705 1580 2725 a
1603 2698 1706 2726 Patre
1722 2698 1820 2732 Igna-

185 2747 229 2774 tio
246 2747 392 2781 accepit,
409 2746 530 2780 quibus
544 2750 681 2780 gratum
702 2746 764 2773 sibi
788 2746 857 2773 sore
880 2747 1052 2774 scribebat
1066 2768 1071 2778 ‚
1087 2746 1114 2774 si
1131 2746 1357 2773 Provincialis
1372 2746 1461 2774 citra
1481 2746 1619 2774 Italiam
1633 2753 1752 2773 curam
1767 2754 1820 2773 su-

183 2794 382 2827 sciperet...„
400 2792 574 2819 POLAxcus
586 2814 592 2825 ,
609 2792 730 2820 Clzron.
742 2814 752 2825 ,
766 2797 789 2820 t.
806 2800 846 2825 ιι,
863 2800 940 2827 pag.
956 2793 1024 2825 473.
1039 2801 1070 2819 n.
1088 2793 1357 2820 137.—Patentes
1372 2794 1526 2827 litterae,
1542 2793 1662 2828 quibus
1676 2793 1819 2820 Provin-

185 2841 280 2868 cialis
295 2840 428 2873 Italiae,
445 2841 518 2868 loco
534 2840 646 2867 Patris
663 2840 836 2867 paschasii
855 2840 969 2873 Broet,
986 2844 1122 2868 creatus
1138 2844 1200 2874 est,
1217 2842 1260 2868 ab
1277 2839 1407 2874 ignatio
1419 2840 1521 2868 datae
1537 2841 1671 2868 fuerunt
1687 2840 1740 2867 die
1756 2840 1820 2867 113ι

185 2887 284 2920 Junii.
301 2887 362 2914 Die
380 2895 462 2914 vero
484 2887 633 2922 ejusdem
657 2887 781 2914 mensis
804 2887 869 2913 ¹28.a
893 2887 988 2914 Patri
1014 2887 1172 2914 Andreae
1197 2887 1335 2921 Frusio,
1359 2894 1401 2914 ex
1423 2888 1670 2914 commissione
1692 2887 1819 2921 Ignatii

185 2935 320 2969 scripsit
336 2935 511 2968 Poiancus,
528 2942 566 2961 ne
583 2935 661 2962 dum
677 2934 781 2962 Pater
796 2933 944 2968 Laynez,
961 2934 1196 2968 Provincialis,
1208 2942 1273 2961 non
1288 2935 1370 2961 bene
1385 2935 1489 2968 valet,
1503 2942 1578 2962 eum
1590 2935 1725 2965 litteris,
1739 2937 1816 2966 etc..

187 2982 366 3016 opprimat.
