1987 3260
902 162 984 199 AN.
1017 163 1107 199 1552
1745 165 1817 201 573

193 259 313 310 apud
336 265 522 298 exteras
543 259 778 309 nationes,
802 258 915 308 cibi,
939 258 1016 309 qui
1037 269 1129 297 non
1151 258 1290 307 perit,
1320 269 1421 297 sese
1444 258 1717 298 defraudent
1737 260 1815 299 ali-

194 330 363 369 monia.
388 329 503 370 Cum
526 331 647 369 enim
669 330 740 369 his
763 329 964 369 maxime
984 328 1320 380 posterioribus
1341 329 1474 382 annis
1496 329 1701 369 destituti
1722 329 1812 369 fue—

193 401 284 440 rint
315 400 520 440 subsidio
556 401 872 450 sacerdotum,
905 411 1100 451 quorum
1129 398 1315 451 quidem
1348 393 1556 451 linguam
1593 399 1814 450 intellige-

192 477 308 520 rent,
342 470 477 510 facile
512 471 706 522 quisque
741 470 864 521 apud
900 481 949 510 se
985 470 1159 520 colligit
1194 481 1331 521 quam
1367 470 1534 520 gravia
1570 470 1816 510 inciderint

192 552 303 581 suae
326 541 488 580 salutis
509 541 764 591 dispendia.
787 540 914 581 Haec
932 552 1058 588 sane,
1084 552 1201 591 quae
1221 540 1284 580 ita
1301 539 1560 589 referimus,
1580 539 1813 591 haudqua-

191 623 332 663 quam
353 624 407 651 eo
429 611 659 662 pertinent
681 618 728 651 ut
750 611 1011 662 proximum
1044 616 1255 650 nostrum
1283 611 1530 662 supercilio
1551 611 1818 661 pharisaico

193 682 509 722 traducamus.
533 681 622 722 Sed
649 688 696 721 ut
719 693 948 721 summam
970 681 1057 721 Dei
1085 681 1378 721 clementiam
1409 682 1725 721 venerabundi
1746 693 1816 722 su-

192 753 460 803 spiciamus,
481 751 669 804 ejusque
690 753 888 803 gloriam
904 764 988 804 pro
1004 757 1164 792 nostro
1182 752 1368 791 modulo
1386 751 1736 802 amplificemus.

271 823 387 863 Cum
416 824 571 875 itaque
600 823 720 863 quus
746 823 794 863 P.
826 829 982 863 noster
1009 822 1066 862 D.
1091 822 1313 863 Claudius
1338 822 1485 874 Jayus
1514 835 1607 862 non
1635 823 1817 874 ignora-

192 901 260 934 ret
284 906 377 933 non
399 895 619 945 exiguam
641 894 858 935 Italorum
881 894 1167 945 aliorumque
1184 900 1450 933 exterorum
1467 894 1705 933 hominum
1727 899 1818 933 tur-

191 965 296 1004 bam
324 966 370 1004 in
403 966 490 1004 hac
521 966 634 1005 urbe
665 964 852 1016 ejusque
882 965 1096 1004 districtu
1125 965 1427 1013 commorari,
1462 976 1659 1016 quorum
1680 965 1819 1004 saluti

192 1048 283 1075 non
308 1036 368 1075 ita
392 1035 552 1075 fuisset
575 1037 774 1076 antehac
796 1042 1120 1087 prospectum,
1155 1035 1394 1075 constituit
1424 1041 1471 1075 ut
1494 1035 1627 1075 statis
1654 1035 1819 1075 diebus

192 1106 513 1145 hebdomadae
535 1106 708 1157 aliquot
745 1118 803 1146 ex
824 1106 1046 1146 fratribus
1082 1106 1289 1146 officinas
1324 1112 1367 1145 et
1402 1117 1457 1145 ea
1491 1107 1614 1155 loca,
1651 1106 1819 1157 quibus

191 1177 355 1215 diurno
387 1175 645 1226 fatigantur
671 1177 846 1227 labore,
885 1177 1336 1227 circumlustrarent,
1367 1188 1422 1216 ac
1450 1177 1626 1216 monita
1656 1177 1819 1216 salutis

191 1246 370 1295 darent,
395 1252 438 1286 et
461 1246 767 1286 confessionis
793 1247 1038 1287 utilitatem
1066 1247 1155 1287 illis
1182 1247 1316 1286 unice
1339 1247 1733 1287 commendarent.
1758 1247 1818 1287 At

190 1328 279 1367 quo
303 1317 484 1356 facilius
512 1317 628 1356 haec
651 1317 859 1357 desolata
889 1318 1155 1368 pastoribus
1182 1318 1421 1369 plebecula
1442 1318 1739 1358 induceretur
1760 1318 1818 1357 ad

190 1387 527 1439 capessendam
554 1387 717 1427 salutis
739 1388 1023 1438 doctrinam,
1049 1400 1166 1439 quae
1198 1388 1261 1428 illi
1292 1388 1485 1428 subinde.
1512 1389 1819 1428 familiaribus

192 1458 489 1509 ingerebatur
510 1458 776 1509 colloquiis,
806 1459 1003 1498 invitata
1032 1464 1100 1498 est
1127 1470 1309 1510 quoque
1333 1459 1390 1498 ad
1412 1460 1683 1499 concionem
1704 1459 1817 1499 itali-

192 1540 310 1579 cam;
331 1541 388 1569 ex
409 1541 498 1580 qua
516 1530 672 1580 plures
690 1529 831 1569 etiam
849 1529 1055 1580 apertius
1073 1529 1304 1569 discerent
1326 1536 1500 1581 quanta
1522 1531 1675 1580 gratia
1692 1530 1821 1569 Deus

195 1600 408 1651 Optimus
436 1599 668 1639 Maximus
692 1611 773 1639 eos
801 1599 1088 1650 dignaretur,
1113 1601 1191 1651 qui
1213 1601 1475 1640 animarum
1495 1601 1610 1652 ipsis
1632 1600 1822 1641 offerret

191 1671 412 1721 medicos,
438 1683 464 1710 a
495 1671 659 1722 quibus
681 1671 920 1723 percipere
947 1672 1159 1711 valerent
1180 1678 1584 1711 sacramentorum
1615 1672 1819 1711 remedia

192 1742 375 1792 aliaque
416 1742 725 1793 spiritualium
762 1742 1094 1782 beneficiorum
1129 1742 1316 1792 solatia,
1355 1742 1493 1782 etiam
1529 1742 1647 1782 citra
1682 1742 1820 1781 ullius

192 1813 461 1864 temporalis
482 1813 710 1852 mercedis
731 1813 1030 1853 refusionem.

271 1883 444 1934 Magna
465 1895 576 1923 sane
598 1883 839 1923 hominum
868 1883 1112 1924 multitudo
1141 1883 1231 1923 huc
1252 1883 1525 1923 adventavit
1555 1884 1601 1923 in
1623 1884 1819 1935 quadra-

191 1954 371 2001 gesima
392 1960 439 1993 ut
461 1967 487 1993 a
508 1954 642 1994 nobis
663 1955 976 2005 poenitentiae
998 1960 1042 1994 et
1070 1966 1233 1994 sacrae
1256 1955 1592 1994 communionis
1614 1955 1818 2006 percipe-

194 2032 261 2064 ret
289 2031 649 2065 sacramentum.
680 2025 799 2064 Nam
826 2032 1011 2076 praeter
1039 2037 1120 2065 eos
1148 2026 1388 2065 manuales
1415 2026 1671 2076 operarios,
1704 2037 1821 2076 quos

193 2096 389 2135 fratrum
406 2102 672 2135 nostrorum
695 2096 956 2146 diligentia,
981 2102 1030 2136 ut
1055 2095 1150 2147 jam
1179 2096 1375 2145 dictum,
1399 2096 1458 2136 ad
1479 2096 1729 2136 conciones
1750 2108 1820 2135 sa-

194 2179 299 2206 cras
330 2173 611 2217 attraxerat,
647 2167 822 2217 pariter
849 2167 908 2207 ad
936 2179 1022 2207 nos
1057 2168 1325 2207 convolavit
1361 2167 1526 2218 ingens
1555 2173 1747 2206 caterva
1776 2174 1821 2206 et

194 2238 388 2277 militum
424 2244 467 2277 et
509 2249 670 2277 eorum
711 2238 788 2289 qui
829 2244 1085 2289 sequuntur
1125 2238 1279 2277 curias
1317 2237 1585 2288 Principum
1624 2237 1818 2277 istorum

194 2308 534 2357 Austricorum3
559 2314 603 2348 et
624 2308 670 2347 hi
690 2307 786 2348 fere
808 2308 980 2360 partim
1002 2308 1200 2359 hispani,
1224 2308 1395 2360 partim
1412 2308 1522 2359 galli
1540 2313 1686 2357 erant;
1712 2319 1819 2359 quo-

194 2391 294 2419 rum
317 2380 460 2429 multi,
486 2379 657 2419 diutius
680 2379 765 2419 has
786 2380 1062 2429 peregrinas
1082 2380 1301 2430 regiones
1318 2379 1579 2430 pervagati,
1600 2378 1696 2430 jam
1714 2391 1819 2418 con-

193 2451 302 2490 fessi
323 2463 416 2490 non
444 2450 627 2489 fuerant
654 2462 736 2501 per
762 2450 936 2502 aliquot
963 2462 1126 2490 annos.
1156 2450 1407 2490 Praeterea
1429 2462 1486 2490 ex
1507 2450 1655 2500 fama,
1680 2461 1819 2501 quam

193 2521 305 2561 dicti
326 2521 444 2571 itali,
468 2521 822 2560 admonentibus
842 2520 1085 2572 fratribus,
1117 2521 1172 2561 de
1200 2517 1396 2571 collegio
1424 2520 1671 2561 Societatis
1692 2532 1817 2571 spar-

194 2598 365 2642 serant,
399 2592 661 2643 complures
682 2604 740 2631 ex
766 2591 965 2632 diversis
998 2604 1052 2632 ac
1073 2592 1339 2643 longinquis
1367 2592 1505 2632 etiam
1534 2591 1817 2639 civitatibus,

193 2663 282 2702 huc
318 2663 443 2702 circa
479 2662 647 2702 festum
680 2662 890 2703 Paschae
930 2675 1065 2703 sacra
1106 2675 1288 2715 quoque
1328 2664 1588 2703 animarum
1631 2674 1821 2703 suarum

194 2734 403 2773 antidota
436 2733 668 2784 recepturi
696 2741 1030 2774 convenerunt.
1069 2734 1247 2774 Horum
1284 2734 1488 2773 omnium
1523 2733 1822 2773 conscientiis

194 2816 299 2854 nos,
332 2812 531 2856 quatuor
572 2810 759 2844 nostrae
799 2804 1003 2845 familiae
1039 2805 1332 2853 sacerdotes,
1371 2805 1528 2844 divina
1566 2804 1821 2856 opitulante

194 2875 363 2925 gratia,
395 2886 529 2926 opem
559 2874 680 2914 ferre
715 2875 995 2924 studuimus,
1027 2882 1123 2915 tam
1151 2876 1196 2915 in
1232 2875 1635 2915 administratione
1665 2887 1819 2915 sacra-

197 2947 337 2986 menti
358 2945 692 2997 poenitentiae,
717 2957 855 2996 quam
877 2946 1016 2986 etiam
1039 2947 1250 2997 corporis
1279 2945 1510 2986 dominici.
1543 2946 1658 2986 Cum
1681 2947 1818 2991 enim,
