1987 3260
212 195 282 230 344
724 193 948 228 Lvr'sERAE
975 203 1331 234 QUADMMEsrREs

215 290 315 329 Hoc
342 290 465 329 enim
491 289 595 329 rudi
619 289 770 329 medio
797 288 1048 339 plurimum
1080 288 1218 328 modo
1253 288 1534 329 fructificant
1561 289 1609 329 in
1635 289 1833 329 diversis

212 360 388 411 Indiae,
418 360 719 412 Aethiopiae,
755 365 858 409 etc.‚
892 359 1115 410 partibus.
1150 358 1534 411 Quandoquidem
1568 371 1681 410 ergo
1716 359 1834 399 haec

211 430 421 471 Societas
440 437 537 471 tam
558 436 627 470 est
654 435 817 470 sancta
845 435 889 469 et
910 430 1163 480 excellens,
1187 441 1280 469 non
1300 429 1469 470 mirum
1497 430 1537 470 si
1566 431 1736 470 multos
1756 430 1834 470 113-

214 502 321 541 beat
342 501 654 541 adversarios.
672 500 904 540 Existimo
927 505 1082 540 autem
1103 500 1225 551 quod
1246 500 1433 551 plurimi
1452 501 1606 552 potius
1627 513 1686 541 ex
1706 501 1833 552 igno-

213 572 388 622 rantia,
413 584 551 624 quam
572 572 693 612 malo
724 571 878 622 aliquo
911 571 1066 611 animo
1089 583 1137 611 se
1165 577 1500 622 opposuerunt,
1533 571 1699 622 quibus
1729 583 1835 611 cum

213 643 330 683 haec
358 643 662 692 innotuerint,
693 654 830 694 spero
866 642 989 693 quod
1023 641 1147 681 aliud
1181 647 1225 681 et
1255 641 1419 681 melius
1446 641 1502 681 de
1529 642 1703 681 sanctis
1735 642 1836 682 istis

212 714 318 754 filiis
344 714 545 754 sentient
580 718 624 753 et
654 712 942 764 judicabunt.
981 711 1030 752 Si
1051 713 1129 764 qui
1154 723 1269 752 vero
1298 712 1370 752 his
1398 723 1448 752 se
1477 723 1710 763 opponere
1737 725 1837 764 per—

211 790 340 835 gant,
360 796 453 824 non
475 784 664 824 dubium
682 789 754 836 est
776 784 886 835 quin
905 784 1116 834 graviter
1133 783 1388 823 Dominum
1410 782 1561 823 Deum
1583 782 1834 834 offendant,

213 856 291 906 qui
310 856 394 895 hos
411 862 507 895 tam
523 855 823 905 singulariter
840 855 1011 905 eligere
1029 854 1246 905 dignatus
1267 860 1350 894 est.
1371 853 1437 894 Sit
1454 854 1552 905 ipse
1569 854 1837 894 benedictus

211 927 257 965 in
277 927 570 966 saeculorum
590 926 793 965 saecula.
816 925 982 965 Amen.

290 997 426 1040 Ecce,
450 996 588 1036 Pater
609 995 723 1047 R.d<³,
748 997 864 1036 haec
885 1002 954 1036 est
975 1007 1156 1036 summa
1177 996 1329 1036 dictae
1350 996 1603 1046 concionis,
1628 1008 1718 1047 qua
1738 996 1834 1036 fini-

211 1075 273 1118 ta,
292 1067 382 1108 feci
403 1068 622 1118 indignus
642 1067 983 1118 professionem
1002 1079 1132 1107 more
1152 1067 1412 1107 Societatis.
1432 1067 1483 1107 In
1503 1068 1699 1119 prandio
1721 1066 1836 1118 ejus-

211 1139 316 1179 dem
347 1138 437 1178 diei
470 1137 608 1178 valde
642 1138 906 1178 humaniter
933 1138 1152 1178 invitavit
1180 1144 1224 1178 et
1257 1139 1458 1190 suscepit
1486 1150 1571 1178 nos
1603 1144 1647 1178 et
1677 1149 1837 1178 omnes

210 1210 380 1250 fratres
415 1210 472 1250 D.
504 1209 738 1249 Decanus.
769 1209 945 1249 Audivi
977 1209 1146 1259 omnia,
1170 1209 1217 1248 in
1244 1209 1532 1260 professione
1564 1207 1661 1260 jam
1695 1209 1834 1259 dicta,

210 1293 316 1321 cum
337 1281 453 1320 mira
477 1280 798 1320 aedificatione
820 1291 922 1320 esse
944 1286 1063 1320 acta.
1088 1280 1232 1320 Immo
1262 1280 1363 1319 istis
1390 1279 1550 1320 diebus
1579 1280 1695 1320 dixit
1723 1279 1837 1319 mihi

210 1352 505 1392 Licenciatus
523 1351 724 1403 quidam,
744 1351 880 1391 valde
901 1352 948 1391 in
969 1351 1286 1402 spiritualibus
1308 1352 1534 1402 curiosus,
1554 1351 1666 1391 nihil
1686 1362 1835 1402 neque

211 1424 312 1474 plus
339 1435 487 1474 neque
514 1423 666 1462 minus
698 1422 954 1462 desiderari
981 1434 1132 1473 posse.
1165 1422 1300 1473 Quod
1327 1433 1439 1462 sane
1466 1434 1559 1462 non
1593 1422 1833 1471 miramur,

211 1494 320 1545 quia
341 1494 440 1533 sine
461 1499 623 1534 nostra
644 1493 953 1533 sollicitudine
976 1494 1074 1545 ipse
1095 1493 1325 1533 Dominus
1345 1493 1473 1533 Deus
1501 1493 1656 1532 omnia
1684 1493 1835 1532 suavi-

210 1571 279 1605 ter
307 1564 534 1616 disposuit
562 1571 606 1604 et
636 1565 819 1604 direxit.
848 1564 940 1615 Ipsi
969 1565 1091 1615 laus,
1121 1565 1270 1604 honor
1305 1570 1349 1604 et
1383 1564 1533 1614 gloria
1568 1564 1614 1603 in
1647 1563 1835 1603 saecula

212 1637 519 1676 saeculorum.
544 1636 712 1675 Amen.
736 1634 806 1674 De
827 1635 899 1675 his
920 1646 1033 1685 ergo
1056 1635 1183 1675 satis.

292 1707 498 1757 Contigit
519 1706 837 1757 superioribus
866 1706 1122 1756 mensibus,
1155 1705 1392 1755 videlicet,
1423 1711 1527 1756 post
1555 1705 1758 1756 pascha,
1792 1711 1841 1745 ut

212 1783 431 1828 parentes
452 1789 589 1817 senes
612 1775 621 1795 ¹
644 1777 795 1816 nostri
816 1777 1081 1817 charissimi
1101 1777 1147 1816 in
1168 1776 1251 1816 X.⁰
1280 1776 1439 1816 fratris
1469 1775 1662 1827 Rugerii
1688 1776 1834 1816 mitte-

211 1856 313 1888 rent
335 1848 575 1888 lovanium
592 1848 708 1887 duos
730 1860 787 1887 ex
803 1847 1025 1887 fratribus
1041 1847 1249 1897 Rugerii,
1270 1847 1483 1887 omnibus
1499 1847 1649 1886 modis
1670 1847 1840 1898 suppli-

213 1924 373 1958 cantes
401 1924 450 1958 ut
484 1917 742 1969 Rugerium
776 1918 1152 1968 permitteremus
1185 1918 1346 1957 venire
1380 1918 1427 1957 in
1454 1918 1675 1969 patriam,
1707 1929 1839 1957 occa-

213 1990 342 2029 sione
363 1989 673 2041 primitiarum
694 1988 853 2028 fratris
874 1989 960 2039 sui,
985 1989 1190 2028 dicentes
1211 2000 1260 2028 se
1282 2000 1388 2028 eum
1409 1989 1529 2028 nolle
1550 1988 1774 2039 impedire
1796 1988 1842 2027 in

214 2073 298 2100 sua
318 2060 566 2100 vocatione
588 2065 633 2099 et
654 2060 838 2099 similia.
864 2059 1194 2100 Concessimus
1217 2059 1297 2098 eis.
1322 2059 1409 2099 lvit
1430 2069 1542 2109 ergo
1564 2058 1611 2098 in
1640 2059 1845 2110 patriam

214 2131 459 2182 Rugerius,
485 2131 562 2170 ubi
583 2130 826 2182 promissis
847 2142 940 2170 non
961 2130 1143 2180 stando,
1168 2136 1401 2181 parentes,
1426 2129 1565 2169 amici
1582 2135 1627 2169 et
1644 2129 1722 2168 alii
1741 2141 1845 2169 eum

216 2215 241 2241 a
263 2214 347 2242 suo
369 2201 582 2241 instituto
605 2212 834 2241 revocare
854 2201 1122 2240 nitebantur
1143 2206 1282 2252 utque
1304 2200 1444 2240 aliam
1474 2200 1629 2251 potius
1661 2199 1844 2250 religio-

216 2285 322 2312 nem
361 2273 572 2312 intraret.
613 2272 855 2311 Postremo
896 2272 1228 2311 consuluerunt
1268 2271 1515 2323 quemdam
1553 2271 1841 2321 religiosum,

217 2344 420 2394 priorem
451 2343 622 2390 (credo)
661 2342 874 2381 coenobii
901 2341 1161 2393 cujusdam,
1193 2353 1357 2381 sacrae
1388 2341 1654 2392 theologiae
1682 2341 1844 2380 bacca-

218 2416 447 2464 laureum‚
473 2413 602 2464 cujus
634 2414 914 2453 resolutione
943 2424 1080 2464 super
1109 2413 1198 2453 hac
1226 2425 1275 2452 re
1302 2412 1480 2459 audita,
1511 2412 1666 2452 omnia
1695 2411 1844 2451 denuo

220 2484 349 2524 fuere
371 2484 581 2533 inversa;
605 2489 649 2523 et
670 2483 737 2523 sic
759 2483 1011 2534 Rugerius,
1041 2483 1217 2523 relictis
1245 2482 1538 2534 parentibus,
1568 2487 1742 2522 statuto
1773 2481 1845 2520 die

220 2555 355 2595 rediit
376 2555 526 2594 laetus
547 2554 594 2593 in
615 2553 838 2602 Domino,
868 2565 1045 2594 memor
1076 2560 1267 2593 sanctae
1295 2553 1585 2593 obedientiae
1614 2558 1658 2591 et
1685 2551 1845 2591 verbo-

220 2636 324 2665 rum
344 2624 553 2673 Domini;
578 2624 674 2675 an‘
690 2635 783 2663 non
806 2624 903 2663 odit
917 2628 1130 2675 patrem,
1153 2630 1238 2664 etc.
1263 2623 1428 2664 Dictus
1449 2635 1562 2663 vero
1584 2622 1847 2673 Religiosus

222 2696 408 2747 scripsit
430 2695 489 2735 ad
509 2695 761 2746 magistros
782 2700 989 2743 nostros,
1015 2694 1230 2734 doctores
1251 2705 1416 2734 sacrae
1438 2693 1700 2743 theologiae
1721 2694 1846 2732 lova-

223 2767 421 2817 nienses,
453 2772 502 2806 ut
529 2777 663 2805 suum
691 2765 746 2805 de
774 2765 906 2805 nobis
930 2764 1155 2816 judicium
1182 2765 1271 2816 ipsi
1304 2764 1691 2813 transcriberent,
1726 2763 1848 2814 quod

222 2838 415 2877 libenter
436 2837 660 2887 fecerunt,
684 2842 728 2876 et
749 2836 916 2876 harum
937 2836 1196 2875 litterarum
1217 2836 1480 2887 exemplum
1501 2834 1576 2874 hic
1599 2832 1845 2884 subjungo:

280 2947 289 2966 ¹
330 2947 465 2974 Detrita
482 2951 532 2974 est
555 2948 676 2975 charta
697 2951 729 2974 et
751 2947 871 2974 incerti
898 2954 1011 2974 sumus
1036 2954 1078 2973 an
1102 2954 1205 2974 senes
1230 2947 1394 2981 scriptum
1417 2946 1460 2973 sit
1482 2953 1523 2972 an
1549 2945 1639 2972 aliud
1663 2945 1787 2975 simile;
1811 2951 1848 2970 se

227 2999 340 3021 tamen
355 2994 568 3028 perspicuum
585 3000 645 3022 est.
