1987 3260
233 165 303 201 723
751 161 977 199 LITTERAE
1003 172 1358 205 QUADRfflESTRES

232 259 308 299 Ad
328 259 445 299 haec
468 258 618 298 effecit
637 264 687 297 ut
708 264 875 298 octavo
905 269 1086 309 quoque
1113 258 1185 298 dic
1213 259 1375 298 altaris
1402 265 1746 300 sacramentum
1773 261 1865 301 fres

233 335 528 381 quentarenr
555 328 689 378 Quod
716 340 858 379 quum
887 328 976 368 nisi
1003 329 1318 369 consentiente
1338 328 1559 370 Antistite
1584 330 1738 370 facere
1766 342 1862 371 non

232 405 469 451 poterant,
493 399 589 439 D.¹11
610 398 810 438 Michael
830 398 1139 439 sollicitarunt
1160 405 1208 439 ut
1228 400 1349 439 illius
1375 400 1708 441 intercessione
1733 407 1857 452 pote-

235 476 332 510 stas
356 470 443 509 illis
467 470 595 509 fieret
617 474 785 509 octavo
806 481 988 521 quoque
1009 468 1082 509 die
1103 470 1491 510 communicandi.
1514 471 1708 512 Illustris
1724 483 1858 523 quae-

235 541 343 580 dam
382 547 598 580 matrona
630 539 688 579 D.
733 539 990 580 Melchiora
1018 539 1327 592 Vintimiglia‚
1361 543 1710 592 consanguinea
1740 542 1859 583 Mar-

236 611 414 650 chionis
448 610 692 661 IracensiS,
739 622 857 650 uxor
891 610 947 651 D.
987 611 1300 662 Berenghelii,
1337 612 1563 663 praefecti
1602 614 1859 653 triremium

236 682 509 730 Sicularum,
540 693 659 732 quae
680 681 958 721 monialibus
978 682 1068 721 illis
1094 682 1454 722 familiarissime
1481 683 1645 734 utitur,
1668 684 1865 724 summis

234 751 452 803 precibus
481 764 507 791 a
534 751 592 792 D.
608 758 649 777 ¹¹0
674 751 901 791 Michaele
922 751 1158 792 contendit
1180 765 1236 792 ne
1267 753 1515 793 conciones
1535 754 1776 804 incoeptas
1796 755 1864 794 in-

234 822 527 873 termitteret,
560 822 800 873 proposita
830 822 950 862 illius
977 830 1236 863 conventus
1262 824 1537 864 admiranda
1566 825 1767 876 quadam
1792 837 1859 865 re-

235 893 516 944 pentinaque
538 893 585 932 in
615 893 778 933 melius
806 893 1190 945 commutatione,
1213 906 1353 945 quam
1380 895 1563 945 iisdem,
1595 896 1760 947 quibus
1786 907 1859 936 ex-

235 970 337 1004 orta
371 963 544 1015 fuerat,
583 964 885 1004 concionibus
918 964 1168 1005 fovendam
1201 966 1583 1018 retinendamque
1620 967 1860 1017 censebat,

235 1036 425 1086 insuper
446 1035 544 1075 fore
564 1042 634 1085 ut,
658 1035 736 1075 illo
765 1036 1051 1076 monasterio
1078 1036 1346 1076 melioribus
1366 1038 1547 1087 legibus
1574 1044 1617 1077 et
1639 1037 1862 1077 institutis

235 1112 510 1156 temperato,
529 1106 708 1157 reliqua
729 1106 815 1145 sibi
831 1106 943 1146 illud
955 1112 1193 1158 tamquam
1209 1112 1372 1158 typum
1385 1108 1631 1159 quemdam
1645 1114 1689 1147 et
1708 1120 1860 1147 exem-

233 1177 335 1227 plar
356 1176 479 1228 quod
500 1176 751 1226 imitentur,
775 1177 995 1227 quoniam
1015 1177 1156 1217 totius
1172 1178 1375 1218 civitatis
1395 1185 1464 1218 est
1486 1179 1859 1227 celeberrimum,

233 1247 319 1287 sibi
340 1248 397 1287 ob
424 1248 584 1287 oculos
604 1253 794 1298 ponant.
824 1247 1036 1299 Denique
1062 1247 1268 1288 futurum
1297 1255 1345 1289 ut
1372 1249 1672 1289 concionibus
1704 1255 1748 1289 et
1780 1250 1857 1289 via

235 1318 323 1357 ista
345 1318 576 1368 spirituali
600 1318 732 1358 brevi
752 1318 1040 1367 conficiatur,
1065 1319 1187 1370 quod
1208 1319 1338 1359 multi
1367 1320 1544 1359 nobiles
1575 1326 1712 1371 atque
1744 1320 1861 1360 adeo

233 1388 468 1440 principes
489 1389 633 1428 multa
656 1389 703 1428 vi
724 1401 781 1428 ne
802 1389 1006 1440 incipere
1027 1390 1212 1440 quidem
1234 1397 1499 1441 potuerunt.
1524 1390 1752 1430 Dominus
1773 1391 1861 1430 hoc

233 1471 349 1510 opus
371 1460 417 1498 in
439 1470 571 1499 suam
593 1459 794 1510 gloriam
814 1459 1003 1510 dirigat.

312 1529 366 1569 R.
389 1529 440 1569 Ρ.
464 1530 522 1570 D.
544 1530 732 1580 Paulus,
756 1536 942 1581 praeter
967 1542 1116 1581 grave
1139 1532 1252 1571 satis
1281 1538 1323 1571 et
1353 1544 1600 1573 onerosum
1622 1533 1763 1572 totius
1784 1544 1861 1572 no-

237 1606 362 1640 strae
384 1601 549 1640 domus
566 1606 609 1640 et
625 1600 828 1640 familiae
845 1602 1070 1652 regimen,
1088 1608 1275 1653 praeter
1292 1604 1460 1643 multas
1477 1609 1520 1643 et
1537 1603 1862 1652 creberrimas,

232 1671 397 1722 quibus
428 1671 724 1722 distrahitur,
750 1671 1086 1722 confessiones,
1116 1673 1342 1713 hactenus
1371 1685 1552 1724 semper
1579 1674 1626 1713 in
1649 1674 1860 1713 doctrina

233 1741 490 1781 christiana
512 1741 707 1792 singulis
729 1742 891 1782 diebus
912 1742 1111 1793 veneris,
1135 1743 1328 1794 epistola
1350 1744 1445 1783 divi
1464 1743 1595 1784 Pauli
1616 1743 1675 1783 ad
1694 1743 1862 1783 Roma-

230 1824 316 1852 nos
337 1812 533 1862 singulis
555 1813 800 1853 dominicis
820 1825 913 1853 non
934 1813 1220 1854 infructuose
1236 1815 1455 1866 perrexit.

311 1882 581 1923 Studiorum
602 1889 869 1923 nostrorum
890 1896 1083 1924 munera
1103 1885 1228 1924 nulla
1250 1886 1491 1924 solitorum
1520 1886 1731 1925 laborum
1762 1886 1859 1925 dili-

229 1953 508 2005 gentiaeque
529 1954 806 1994 remissione
823 1966 849 1994 a
867 1955 1247 2005 praeceptoribus
1264 1962 1555 2005 exercentur,
1575 1967 1668 1995 non
1686 1956 1861 2007 absque

230 2025 374 2064 multa
399 2023 643 2075 juvenum,
678 2036 783 2065 cum
812 2026 859 2065 in
888 2025 1100 2066 doctrina
1132 2032 1228 2065 tum
1261 2027 1307 2065 in
1343 2026 1521 2077 spiritu,
1549 2026 1858 2077 promotione.

230 2094 361 2134 Nunc
382 2095 620 2146 Pro—regis
638 2102 938 2147 exspectatur
956 2097 1201 2147 adventus,
1220 2109 1325 2148 quo,
1345 2109 1525 2136 necnon
1545 2097 1598 2136 R.
1627 2097 1671 2136 P.
1696 2097 1752 2137 D.
1771 2097 1859 2137 Na—

231 2166 334 2215 tali,
360 2172 521 2206 nostra
549 2166 702 2206 studia
730 2167 866 2207 novis
896 2173 939 2206 et
966 2167 1242 2207 lectionibus
1269 2174 1313 2207 et
1347 2167 1605 2207 rationibus
1633 2168 1859 2207 instaura—

231 2235 415 2276 buntur.
440 2235 579 2288 Spem
609 2237 909 2288 concepimus
938 2237 984 2277 in
1011 2237 1212 2277 Domino
1240 2238 1547 2278 certissimam
1576 2249 1651 2277 res
1681 2238 1861 2278 felicius

232 2307 375 2346 multo
413 2318 576 2347 eorum
601 2308 865 2358 praesentia
894 2319 1244 2358 progressuras.
1277 2308 1410 2358 Quod
1440 2308 1694 2359 opitulante
1727 2308 1862 2347 nobis

231 2376 433 2417 Domino
469 2384 512 2417 et
547 2378 749 2428 gratiam
786 2390 916 2418 suam
945 2378 1196 2418 liberaliter
1236 2379 1502 2429 indulgente
1538 2379 1778 2428 succedat,
1811 2384 1859 2417 ut

233 2448 323 2487 tuis
344 2460 429 2488 nos
452 2449 785 2499 impetraturus
806 2449 1022 2500 precibus
1043 2449 1416 2501 reliquorumque
1438 2450 1484 2488 in
1506 2449 1692 2489 Christo
1714 2448 1860 2489 Reve-

233 2518 486 2559 rendorum
513 2520 705 2560 Patrum
734 2520 1207 2571 charissimorumque
1237 2520 1448 2567 fratrum,
1487 2520 1563 2570 qui
1599 2520 1700 2559 istic
1735 2525 1862 2566 sunt,

232 2589 525 2629 confidimus.

317 2660 450 2700 Vale.
474 2660 716 2709 Panormi,
740 2661 784 2701 V
807 2662 894 2701 cal.
918 2660 1174 2712 Septembr.
1200 2672 1320 2700 anno
1348 2661 1460 2700 1552.

315 2730 369 2769 R.
393 2730 442 2771 P.
466 2731 518 2769 T.
543 2731 762 2782 indignus
784 2731 829 2770 in
852 2731 1036 2771 Christo
1058 2731 1192 2781 filius,

1220 2873 1426 2924 JoAlx-xsss
1448 2872 1699 2912 Roofflzms.
