1987 3260
206 202 275 235 ΜΗ,
714 200 936 236 LITTERAE
964 210 1318 243 QUADRIMESTRES

206 297 379 336 Diebus
401 297 538 336 etiam
562 296 786 347 operariis
808 297 958 335 solent
987 296 1196 335 nonnulli
1217 296 1379 335 eadem
1407 296 1462 335 de
1484 308 1626 336 causa
1655 297 1713 337 ad
1739 309 1824 338 nos

204 368 379 407 venire.

282 439 382 488 Ego
404 450 516 478 vero
542 437 738 487 singulis
768 437 1011 476 dominicis
1042 442 1086 476 et
1115 436 1246 477 festis
1273 437 1448 485 diebus,
1482 443 1531 477 ut
1556 438 1820 489 plurimum,

203 508 391 548 consero
411 520 484 547 me
512 508 570 547 ad
599 507 694 547 divi
719 507 913 560 Joannis
940 507 1207 557 ecclesiam,
1241 518 1360 558 quae
1389 513 1458 547 est
1484 508 1725 559 potissima
1746 520 1822 559 pa-

203 579 377 627 rochia,
408 578 652 617 auditurus
678 577 856 617 nobiles
887 578 1062 628 aliquot
1090 583 1349 628 matronas,
1382 578 1611 618 foeminas
1639 590 1823 630 quoque

202 649 418 698 plebeias,
442 659 603 688 omnes
631 647 732 687 Deo
761 654 859 688 toto
888 654 1078 699 pectore
1106 649 1378 697 servientes,
1403 655 1446 689 et
1463 649 1598 689 nobis
1618 654 1822 689 nostrae-

203 731 288 770 que
315 720 528 770 religioni
566 719 796 769 addictas;
833 731 952 770 quae
980 730 1086 759 cum
1114 731 1207 759 non
1241 720 1420 770 possint
1455 719 1514 760 ad
1543 731 1628 760 nos
1662 720 1823 760 venire

201 796 389 841 propter
411 790 614 841 inopiam
645 790 804 840 templi
829 789 854 838 ¹,
880 801 966 829 nos
988 801 1042 829 eo
1063 789 1122 829 ad
1144 801 1192 829 se
1213 795 1401 839 vocant,
1425 790 1641 841 precibus
1668 791 1823 841 impel-

201 863 311 908 lunt,
335 867 378 900 et
399 861 751 911 perseverantia
781 866 967 911 cogunt.
993 860 1095 900 Viri
1117 861 1258 900 etiam
1279 861 1488 900 nonnulli
1515 861 1684 901 ibidem
1711 860 1823 900 mihi

199 931 496 981 confitentur,
520 943 609 982 quo
642 930 691 970 fit
718 937 789 981 ut,
820 931 926 970 illuc
948 942 1084 970 mane
1105 931 1384 982 profectum,
1407 942 1552 982 usque
1574 931 1632 971 ad
1659 931 1824 972 horam

200 1001 380 1052 prandii
401 1013 473 1041 me
494 1002 740 1052 retineant,
764 1012 849 1041 nec
871 1008 1024 1041 tamen
1048 1013 1209 1041 omnes
1231 1002 1493 1051 audiantur,
1515 1002 1696 1042 defectu
1713 1008 1822 1042 tem-

201 1073 341 1123 poris.

279 1143 498 1183 Proximo
534 1155 691 1183 mense
723 1143 923 1193 januarii
960 1144 1155 1194 profecti
1190 1149 1296 1183 sunt
1331 1144 1556 1194 Magister
1591 1144 1816 1193 Baptista,

202 1213 372 1253 Rector
400 1214 625 1264 Gandiae,
659 1220 703 1254 et
730 1221 888 1255 noster
916 1214 963 1254 P.
1003 1215 1247 1254 Balthasar
1276 1214 1289 1232 ²
1318 1226 1397 1265 per
1434 1215 1606 1265 aliquot
1641 1215 1738 1255 dies
1765 1214 1822 1254 ad

198 1285 390 1336 populos
412 1285 639 1336 quosdam
656 1286 836 1325 vicinos
857 1285 1088 1331 Gandiae,
1113 1286 1186 1325 ille
1208 1291 1257 1324 ut
1278 1285 1649 1335 concionaretur,
1673 1285 1748 1324 hic
1771 1291 1820 1324 ut

197 1356 488 1405 poenitentes
510 1356 710 1405 audiret,
745 1356 1036 1395 xenodochia
1065 1356 1319 1395 invisentes
1346 1363 1391 1396 et
1419 1356 1727 1407 eleemosynis
1758 1355 1822 1395 vi-

197 1427 431 1468 ctitantes.
454 1427 649 1478 Excepti
675 1438 789 1466 vero
819 1427 948 1466 fuere
978 1427 1037 1466 ab
1065 1428 1278 1467 omnibus
1308 1438 1479 1477 magno
1512 1438 1616 1466 cum
1650 1426 1822 1477 gaudio

199 1509 255 1536 ac
276 1508 368 1536 non
398 1499 592 1546 minore,
617 1504 665 1537 ut
686 1504 917 1548 speratur,
940 1497 1113 1545 fructu3
1139 1499 1261 1548 quod
1290 1498 1405 1537 satis
1436 1497 1609 1537 indicat
1639 1497 1821 1537 illorum

198 1568 386 1608 assidua
425 1568 696 1619 efflagitatio
731 1569 789 1608 ad
823 1568 1105 1619 Episcopum
1135 1567 1333 1618 Segrian
1364 1567 1392 1617 ⁵,
1425 1569 1573 1608 nostri
1606 1567 1821 1607 amantis-

198 1640 383 1689 simum,
414 1651 505 1690 quo
535 1639 735 1679 efficeret
762 1651 868 1678 cum
895 1639 1264 1690 Archiepiscopo
1293 1645 1342 1678 ut
1372 1650 1427 1678 eo
1460 1644 1820 1678 reverterentur:

200 1722 347 1761 neque
368 1710 535 1750 minori
556 1716 625 1749 est
654 1716 928 1760 argumento
957 1711 1154 1761 populus
1182 1721 1301 1749 unus
1328 1721 1386 1749 ex
1414 1710 1502 1749 illis
1527 1709 1820 1760 praecipuus,

201 1780 422 1820 Ontinent
442 1779 457 1798 '⁴
477 1781 678 1830 nomine,
703 1781 779 1831 qui
796 1792 1033 1831 nunquam
1051 1781 1225 1831 quievit
1242 1781 1387 1820 donec
1404 1792 1486 1831 per
1505 1780 1684 1820 Ducem
1702 1780 1822 1820 Gan-

194 1851 301 1890 diae
335 1863 362 1890 a
398 1857 558 1891 nostro
592 1851 875 1891 Provinciali
911 1851 1105 1890 obtinuit
1134 1858 1182 1890 ut
1218 1852 1432 1901 proxima
1463 1851 1823 1902 quadragesima

200 1922 323 1972 apud
344 1923 448 1961 illos
469 1922 695 1972 Magister
716 1923 925 1973 Baptista
949 1923 1267 1962 concionetur.

278 1992 535 2032 Praeterito
557 1993 712 2032 carnis
728 1993 881 2044 privio
904 1993 1104 2043 quando,
1124 1993 1372 2033 Valentiae
1388 1993 1697 2044 potissimum,
1721 1992 1822 2032 dae-

201 2074 320 2113 mon,
348 2064 473 2103 nullo
491 2063 783 2114 impediente,
812 2064 1108 2114 tyrannidem
1131 2075 1262 2103 suam
1287 2075 1506 2103 exercere
1529 2065 1660 2112 solet,
1682 2074 1823 2114 popu—

199 2134 270 2172 lus
291 2145 403 2173 vero
425 2134 577 2173 furere
598 2140 642 2174 et
663 2134 900 2183 bacchari,
924 2146 1007 2174 sex
1030 2147 1087 2174 ex
1108 2134 1280 2174 nostris
1301 2134 1437 2174 valde
1459 2134 1677 2174 commoti
1696 2133 1824 2173 fuere

201 2204 289 2254 pio,
322 2210 370 2243 ut
406 2204 625 2251 creditur,
667 2206 780 2254 zelo,
810 2210 1057 2255 tentarent,
1088 2206 1123 2244 si
1161 2212 1350 2256 possent
1380 2216 1485 2244 cum
1518 2205 1606 2245 Dei
1634 2204 1822 2254 auxilio,

200 2274 378 2325 aliquot
401 2287 428 2314 a
448 2281 579 2314 tanto
600 2275 756 2315 furore
778 2287 1025 2325 revocare,
1051 2282 1130 2315 aut
1151 2277 1315 2315 saltem
1333 2275 1570 2316 Christum
1591 2281 1700 2315 tunc
1716 2282 1824 2314 tem-

202 2345 327 2394 poris
347 2346 501 2395 palam
521 2346 865 2396 profiterentur.
898 2346 1057 2397 ltaque
1079 2348 1154 2386 ubi
1178 2347 1448 2397 aliquandiu
1469 2352 1696 2395 orassent,
1717 2346 1825 2397 quid

202 2422 245 2453 et
266 2416 498 2465 quomodo
518 2416 688 2455 facturi
709 2423 884 2466 essent,
905 2418 1126 2457 convenit
1147 2417 1267 2456 inter
1288 2428 1367 2456 eos
1388 2423 1437 2456 ut
1457 2416 1592 2456 nudis
1613 2416 1822 2467 pedibUS,

203 2486 353 2535 capite
375 2492 559 2536 aperto,
584 2487 701 2526 collo
723 2487 831 2526 fune
862 2488 1053 2538 alligato
1074 2488 1120 2527 in
1149 2494 1414 2538 terramque
1435 2487 1659 2537 demisso,
1683 2498 1823 2526 manu

204 2556 486 2596 Crucifixum
506 2564 696 2607 gestans
723 2569 857 2606 unus,
890 2559 1005 2598 alter
1033 2570 1146 2598 vero
1175 2565 1314 2609 caput
1336 2558 1520 2608 mortui,
1542 2558 1637 2598 bini
1659 2557 1824 2597 darent

203 2638 304 2666 sese
333 2628 508 2677 turbas,
538 2628 853 2668 discurrerent
879 2640 962 2679 per
990 2629 1109 2678 loca,
1142 2629 1188 2668 in
1217 2629 1381 2680 quibus
1409 2628 1694 2679 frequentior
1725 2633 1825 2667 erat

264 2763 270 2780 ¹
310 2767 450 2796 propter
466 2764 610 2797 inopiam
626 2764 741 2797 templi
755 2785 758 2795 ,
773 2771 830 2795 sc.,
844 2764 920 2797 quia
937 2764 1074 2798 proprio
1090 2765 1215 2798 templo
1231 2772 1395 2791 caremus.

260 2811 272 2826 2¹
312 2809 373 2835 PP.
390 2809 534 2841 joannes
548 2810 704 2843 Baptista
720 2811 757 2836 de
773 2810 896 2837 Rarma
912 2815 944 2837 et
961 2811 1146 2838 Baithasar
1160 2811 1252 2838 Diaz.
1267 2811 1352 2838 Vide
1365 2819 1479 2845 supra,
1496 2819 1526 2839 n.
1539 2811 1757 2845 CXXXVIII,
1770 2813 1827 2845 pa-

209 2856 287 2888 gina
301 2856 363 2882 589.

259 2903 272 2920 ⁷*
310 2902 471 2929 Dominus
495 2903 639 2935 joannes
665 2904 825 2938 Segrian,
853 2905 1161 2939 Christopolitanus
1186 2906 1242 2938 (in
1270 2907 1454 2940 partibus)
1478 2907 1683 2940 Episcopus,
1710 2904 1826 2932 Sancti

208 2948 355 2975 Thomae
370 2956 390 2975 a
404 2949 600 2981 villanova,
621 2951 877 2984 Archiopizeopi
895 2951 1080 2985 Valentini,
1096 2952 1330 2984 suffraganeus
1345 2960 1403 2979 scu
1418 2953 1527 2986 potius
1542 2953 1728 2986 coadjutor.

258 2996 271 3013 1'*
308 2995 518 3022 Ontoniente.
