1987 3260
218 228 287 264 040
719 224 942 260 LirrssRAE
968 231 1322 264 QUADRIMESTRES

215 322 398 373 jusdam
419 316 680 369 matronae,
715 319 787 358 cui
810 317 1227 357 Donatae'nomen
1255 322 1343 366 est,
1374 316 1538 355 domus
1568 321 1672 355 cum
1698 317 1839 356 noctu

221 394 387 444 diuque
440 391 724 442 quibusdam,
761 389 1041 428 daemonum
1085 386 1475 427 terriculamentis
1524 385 1835 436 infestaretur,

219 464 434 503 adhibitis
463 462 590 513 prius
621 460 721 499 aliis
751 458 967 499 remediis
1016 458 1096 498 sed
1143 468 1307 508 parum
1346 452 1731 508 proficientibus,
1761 468 1838 495 vo-

218 541 348 573 catus
369 540 437 572 est
459 543 576 571 unus
599 543 655 570 ex
678 529 787 570 Rdis
817 529 1033 569 Patribus
1054 527 1187 578 hujus
1215 527 1423 578 Collegii,
1448 527 1525 578 qui
1547 538 1651 566 cum
1672 527 1736 566 illi
1763 526 1838 566 do-

218 605 311 644 mui
340 602 673 647 benedixisset,
705 601 873 640 additis
902 600 1042 639 etiam
1076 598 1370 647 exorcismis,
1397 597 1510 637 nihil
1539 598 1659 636 ultra
1688 608 1837 636 sense-

215 681 321 714 runt
356 673 608 721 molestiae,
646 672 726 711 sed
761 671 917 722 quieta
954 670 1017 709 ibi
1054 669 1208 709 omnia
1243 669 1461 719 deinceps
1497 668 1573 707 diu
1608 673 1840 719 noctuque

217 746 356 784 fuere.

295 815 471 855 Videor
487 813 599 853 mihi
616 813 819 852 maxima
836 811 1028 862 hujusce
1047 809 1251 861 suscepti
1269 809 1473 848 muneris
1488 805 1621 860 parte
1640 809 1835 854 levatus,

216 893 263 926 ut
285 886 359 937 qui
382 897 474 924 non
490 883 713 934 majorem
729 882 864 922 modo
882 881 961 921 sed
979 880 1289 932 spinosiorem
1305 885 1485 931 partem
1503 876 1835 929 percurrerim,

216 958 260 996 in
283 967 372 1007 qua
399 955 511 995 nihil
540 954 628 993 nisi
658 953 906 1002 adulteria,
937 952 1290 1000 fornicationes,
1323 949 1685 999 concubinatus,
1717 948 1835 998 odia,

214 1027 416 1066 breviter
437 1026 716 1065 daemonum
738 1034 881 1074 opera
902 1022 1063 1061 audire
1082 1021 1223 1061 licuit.
1244 1020 1374 1060 Nunc
1393 1021 1431 1060 si
1448 1021 1524 1071 qui
1546 1020 1679 1059 nobis
1700 1020 1839 1059 flores

214 1099 301 1137 hoc
323 1098 368 1136 in
384 1102 548 1136 nostro
571 1095 721 1146 agello
745 1093 993 1138 creverint,
1019 1093 1057 1131 si
1078 1092 1155 1142 qui
1176 1092 1316 1131 etiam
1338 1091 1515 1130 fructus
1540 1103 1597 1130 ex
1616 1089 1710 1141 jam
1732 1090 1838 1130 olim

213 1168 403 1207 consitis
427 1167 671 1206 arboribus
698 1165 785 1205 orti
812 1164 1003 1213 fuerint,
1039 1163 1138 1209 hos,
1176 1163 1320 1213 spinis
1352 1162 1540 1211 ablatis,
1575 1162 1679 1211 tibi,
1703 1161 1840 1200 Pater

212 1234 402 1290 optime,
437 1237 697 1288 carpendos
725 1235 940 1284 offeram,
978 1235 1042 1274 tui
1073 1234 1195 1273 enim
1221 1240 1341 1272 sunt.
1373 1231 1549 1284 Accipe
1582 1232 1723 1282 igitur
1752 1232 1839 1282 pri-

213 1321 356 1359 mum,
396 1319 530 1359 quem
558 1307 640 1347 tibi
669 1306 807 1346 credo
842 1317 934 1344 non
970 1305 1205 1354 ingratum
1241 1303 1351 1343 fore.
1390 1301 1576 1353 Septem
1612 1303 1838 1353 virgines,

210 1392 329 1431 quae
366 1391 497 1419 suam
532 1378 851 1428 virginitatem
894 1375 1095 1415 Domino
1131 1380 1481 1414 consecrarunt.
1519 1372 1694 1423 Accipe
1733 1373 1839 1412 alte-

212 1463 329 1490 rum.
353 1450 565 1490 Totidem
586 1449 754 1488 viduae
777 1446 1127 1493 continentiam,
1152 1451 1262 1484 voto
1285 1444 1469 1493 emisso,
1494 1443 1645 1483 eidem
1669 1443 1837 1482 obtule-

214 1528 332 1561 runt.
359 1521 532 1571 Accipe
555 1526 598 1559 et
619 1519 819 1559 tertium:
840 1518 1040 1568 quinque
1059 1516 1382 1556 monachalem
1401 1514 1610 1554 habitum
1632 1513 1836 1564 induere,

214 1605 298 1632 nec
334 1592 540 1631 habitum
572 1596 750 1630 tanturn
786 1588 865 1628 sed
901 1594 944 1628 et
974 1587 1163 1627 vivendi
1192 1597 1382 1626 morem.
1415 1585 1484 1625 Ex
1514 1585 1585 1624 his
1606 1591 1700 1624 tres
1734 1589 1840 1624 sunt

211 1663 420 1713 masculi,
452 1661 786 1709 adolescentes,
824 1659 900 1710 qui
933 1658 1145 1705 fratrum,
1184 1668 1298 1708 quos
1334 1656 1615 1707 capuccinos
1647 1661 1834 1704 vocant,

212 1734 487 1784 religionem
504 1738 611 1771 sunt
628 1730 842 1781 ingressi:
863 1730 980 1769 duae
998 1729 1243 1777 foeminae,
1264 1728 1409 1766 altera
1431 1726 1581 1777 virgo,
1607 1727 1752 1765 altera
1774 1726 1837 1765 vi-

213 1805 317 1844 dua.
355 1804 531 1843 Harum
566 1802 801 1851 virginum
836 1800 953 1840 duae
988 1799 1165 1838 maritis
1200 1809 1342 1849 prope
1379 1798 1560 1836 ablatae
1600 1802 1719 1845 sunt3
1745 1794 1838 1846 jam

213 1876 334 1915 enim
356 1875 664 1925 desponsatae
685 1871 883 1920 fuerant,
907 1881 1001 1909 non
1018 1876 1173 1909 tamen
1191 1880 1243 1908 eo
1265 1879 1422 1907 rerum
1440 1867 1590 1907 adhuc
1613 1866 1838 1906 deductae

215 1952 261 1986 ut
278 1947 364 1985 rite
381 1943 582 1995 disjungi
598 1955 691 1982 non
708 1947 911 1993 possent.
930 1940 1159 1980 Dominus
1176 1940 1330 1989 itaque
1351 1938 1594 1978 Cornelius
1616 1937 1641 1986 ยน,
1661 1937 1738 1988 qui
1759 1937 1839 1976 hu-

211 2017 284 2067 jus
305 2015 508 2067 praedae
530 2021 599 2054 est
620 2014 666 2053 in
687 2012 888 2052 Domino
911 2011 1224 2060 avidissimus,
1249 2020 1329 2048 eas
1355 2009 1413 2048 ad
1434 2008 1646 2048 altiorem
1667 2013 1840 2047 statum

214 2098 439 2127 revocare
475 2091 670 2124 conatus
705 2090 788 2133 est,
826 2082 949 2132 quod
978 2087 1021 2121 et
1052 2080 1261 2120 obtinuit.
1300 2079 1450 2118 Habet
1486 2084 1529 2118 et
1560 2078 1699 2117 aliam
1728 2089 1839 2128 prae

214 2158 426 2197 manibus
444 2156 606 2196 eodem
628 2155 765 2194 modo
794 2154 1145 2203 desponsatam,
1176 2149 1305 2200 cujus
1336 2156 1493 2189 tamen
1521 2149 1725 2188 animum
1744 2147 1839 2198 jam

215 2229 273 2268 ad
296 2228 566 2278 religionem
589 2225 759 2266 inflecti
783 2224 938 2264 sensit.
964 2224 1046 2263 Est
1066 2221 1201 2273 hujus
1223 2221 1336 2261 artis
1358 2220 1679 2271 peritissimus,
1706 2219 1768 2258 ita
1791 2225 1839 2258 ut

212 2299 301 2338 hoc
322 2299 506 2338 nomine
528 2298 585 2337 sit
606 2298 652 2336 in
676 2297 763 2335 hac
785 2296 897 2334 urbe
920 2293 1135 2341 celebris,
1161 2291 1282 2343 quod
1305 2292 1430 2331 nulla
1450 2291 1600 2341 Virgo,
1624 2290 1751 2329 nulla
1774 2290 1838 2328 vi-

216 2371 320 2419 dua,
345 2369 442 2420 ejus
463 2379 628 2408 manus
649 2366 854 2417 effugere
879 2365 1049 2416 possit,
1080 2364 1189 2414 quin
1218 2374 1321 2402 eam
1348 2361 1548 2401 Domino
1579 2366 1838 2411 aucupetur

216 2446 259 2479 et
281 2439 563 2488 lucrifaciat,
588 2439 627 2477 si
648 2449 695 2477 se
716 2437 781 2476 illi
802 2435 1065 2475 crediderit.

296 2511 344 2549 In
368 2511 454 2549 hoc
477 2509 637 2548 lubens
659 2507 857 2547 referam
876 2506 1012 2557 quod,
1037 2511 1085 2544 ut
1107 2515 1256 2555 spero,
1281 2514 1373 2542 non
1394 2501 1640 2553 injucunde
1662 2501 1836 2541 audies.

216 2581 253 2620 T
256 2592 330 2619 res
356 2580 564 2631 virgines
595 2590 699 2618 cum
730 2578 775 2617 id
802 2578 973 2617 vellent
1002 2575 1203 2626 experiri
1224 2585 1447 2614 verumne
1476 2578 1617 2623 esset,
1641 2571 1763 2623 quod
1783 2571 1839 2611 de

223 2651 271 2690 R.
300 2651 348 2690 P.
373 2650 586 2690 Cornelio
609 2649 853 2696 diceretur,
883 2647 1169 2686 certissimae
1201 2644 1322 2696 apud
1351 2655 1398 2683 se
1428 2645 1553 2682 nulla
1581 2655 1629 2682 se
1658 2642 1839 2682 ratione

224 2722 343 2760 vinci
372 2721 428 2760 ab
457 2732 510 2759 eo
539 2719 705 2770 cogive
734 2730 870 2769 posse
905 2723 953 2757 ut
982 2717 1155 2756 invitae
1189 2715 1392 2754 animum
1429 2714 1487 2753 ad
1522 2713 1839 2763 virginitatem

220 2792 517 2841 appellerent,
553 2789 789 2840 praesenti
816 2788 970 2827 animo
1001 2787 1280 2837 structisque
1316 2785 1472 2824 verbis
1508 2783 1772 2823 confessum
1799 2782 1839 2822 ei

224 2862 409 2899 veniunt
428 2861 562 2900 simul
580 2871 752 2899 omnes.
774 2858 889 2898 Cum
903 2858 1079 2908 primae
1097 2857 1216 2896 inter
1239 2855 1548 2895 confitendum
1571 2855 1633 2893 ita
1654 2864 1838 2904 persua-

280 3020 285 3037 ยน
328 3019 361 3045 P.
379 3019 553 3045 Cornelius
572 3019 770 3044 &Vishax-cn.
