1987 3260
211 157 283 192 <344
721 153 948 190 LITTERAE
974 163 1333 196 QUADRIMESTRES

212 251 378 291 aetatis
413 261 584 290 annum
612 250 869 300 attigisset,
898 249 979 288 vix
1005 255 1161 288 tamen
1188 249 1364 288 interea
1398 250 1548 290 sexies
1579 261 1628 290 se
1656 250 1830 290 confes-

211 333 311 361 sum
347 321 638 370 meminerat,
669 325 713 359 et
740 319 971 359 continuis
1001 318 1351 370 quatuordecim
1377 319 1511 359 annis
1541 319 1830 360 concubinae

213 392 445 441 addictus,
469 391 637 431 misere
657 390 798 429 animi
819 395 863 429 et
884 389 1093 441 corporis
1113 389 1399 430 nobilitatem
1421 389 1827 430 dehonestaverat.

214 463 345 503 Hanc
367 473 473 502 cum
494 462 539 501 in
561 472 754 500 uxorem
776 460 1003 510 duxisset,
1028 460 1298 511 duabusque
1319 466 1504 510 praeter
1525 459 1646 500 hanc
1668 472 1830 500 concu-

211 534 330 573 binis
358 532 546 572 domum
579 542 712 570 suam
747 530 1021 580 accersitis,¹
1040 530 1204 570 eodem
1224 535 1431 581 tempore
1453 537 1547 570 tres
1567 542 1626 570 ex
1656 542 1705 570 se
1729 541 1829 581 gra-

217 603 346 643 vidas
368 601 491 642 domi
514 612 626 641 suae
648 601 856 651 haberet,
880 599 1006 640 facta
1026 601 1235 651 generali
1257 600 1568 651 confessione,
1591 601 1655 640 ita
1675 600 1833 640 divina

213 673 366 724 gratia
399 678 603 712 mutatus
634 677 724 722 est,
760 677 830 721 ut,
867 677 1048 711 retenta
1077 676 1257 710 tantum
1287 682 1455 721 uxore,
1485 676 1646 711 sancte
1673 671 1834 711 vivere

215 743 527 795 proposuerit,
567 754 622 781 ac
653 741 749 793 jam
784 748 953 782 octavo
988 753 1168 793 quoque
1204 741 1276 781 die
1311 741 1602 792 confiteatur,
1640 741 1835 792 singulis

213 826 325 854 vero
346 812 610 865 quindecim
630 811 727 852 fere
748 812 1084 852 communionis
1105 823 1154 852 se
1171 811 1346 851 muniat
1362 817 1681 862 sacramento;
1706 810 1836 862 cujus

213 891 359 925 status
381 890 519 935 atque
540 883 724 923 habitus
745 888 874 922 tanto
896 894 1018 922 nunc
1040 889 1109 922 est
1129 883 1384 922 mirabilior
1406 894 1496 934 quo
1527 882 1835 922 miserabilior

212 962 317 996 ante
337 955 501 995 fuerat.
526 953 616 994 Sed
638 966 730 993 non
751 960 890 993 vacat
906 954 1164 1003 immorari,
1189 953 1489 1005 quamobrem
1506 964 1652 1005 pergo
1670 959 1714 993 et
1731 965 1833 993 cae-

212 1034 335 1067 teros
355 1036 593 1078 percurro.

290 1096 434 1146 Alter,
459 1107 604 1136 uxore
634 1102 839 1145 mortua,
875 1096 1184 1136 concubinam
1212 1095 1336 1135 domi
1369 1095 1548 1135 duobus
1573 1094 1666 1146 jam
1702 1094 1835 1134 annis

213 1169 410 1218 :11luerat3
435 1166 724 1217 aegritudine
747 1172 900 1206 autem
921 1173 1166 1217 correptus
1187 1178 1240 1206 eo
1263 1165 1516 1206 devenerat
1536 1172 1585 1205 ut
1606 1165 1662 1205 de
1683 1166 1832 1205 salute

210 1237 307 1288 ejus
329 1249 445 1289 pene
468 1237 808 1288 desperaretur.
831 1237 918 1276 Hic
940 1242 1037 1276 tum
1058 1237 1243 1276 Patrem
1264 1248 1406 1276 unum
1432 1248 1491 1275 ex
1521 1235 1728 1286 Collegio
1760 1247 1830 1275 ac-

209 1308 371 1348 cersiri
391 1307 512 1355 fecit,
539 1307 632 1358 qui,
657 1305 755 1357 ejus
778 1307 936 1347 audita
960 1307 1270 1357 confessione,
1296 1307 1480 1347 curavit
1499 1312 1548 1346 ut
1571 1318 1709 1357 quam
1730 1312 1836 1346 ante

210 1378 517 1418 concubinam
539 1378 784 1428 habuerat,
810 1389 913 1417 eam
941 1383 1051 1417 tunc
1081 1378 1127 1417 in
1156 1389 1350 1417 uxorem
1377 1378 1586 1427 duceret3
1615 1377 1738 1428 quod
1759 1377 1839 1416 ubi

211 1450 415 1497 fecisset,
440 1454 625 1500 praeter
655 1448 858 1487 omnium
880 1459 1010 1499 spem
1035 1449 1291 1497 convaluit,
1327 1460 1381 1488 ac
1415 1454 1577 1499 postea
1603 1446 1836 1487 confessu-

213 1532 288 1559 rus
315 1520 536 1570 templum
568 1525 781 1558 nostrum
816 1519 950 1569 adiit,
986 1519 1246 1570 ibidemque
1279 1519 1660 1569 communicavit,
1689 1519 1838 1558 laetus

212 1591 333 1642 quod
353 1603 412 1630 ex
433 1590 607 1630 retibus
630 1590 873 1629 daemonis
894 1590 1069 1639 exilire,
1094 1602 1237 1641 prope
1256 1590 1351 1641 jam
1373 1601 1643 1642 oppressus,
1667 1589 1838 1640 potuis-

211 1667 291 1701 set.
318 1660 432 1701 Sunt
454 1661 593 1700 etiam
615 1660 691 1711 qui
722 1660 1031 1700 concubinam
1058 1661 1241 1712 penitus
1271 1661 1564 1712 reliquerint,
1596 1660 1718 1709 aliis,
1750 1671 1839 1710 quo

209 1732 353 1771 tutius
391 1732 437 1770 in
468 1731 582 1770 bene
614 1731 792 1781 coeptis
821 1731 1144 1781 persisterent,
1173 1743 1265 1770 non
1293 1737 1364 1770 sat
1392 1731 1476 1770 fuit
1501 1731 1590 1770 nisi
1617 1731 1757 1770 etiam
1783 1742 1841 1770 ex

210 1803 400 1842 civitate
436 1802 713 1841 emitterent.
751 1800 943 1841 Praeter
979 1801 1064 1841 hos
1093 1802 1281 1852 quidam
1311 1801 1553 1841 confessus
1583 1807 1674 1852 est,
1705 1807 1749 1841 et
1776 1801 1840 1840 vi-

211 1873 351 1913 vendi
372 1873 601 1912 rationem
629 1872 745 1911 citra
767 1873 962 1911 mortale
984 1879 1228 1923 peccatum
1250 1873 1337 1912 sibi
1366 1873 1575 1921 instituit,
1600 1873 1677 1923 qui
1697 1873 1841 1912 trium

210 1952 255 1983 et
277 1944 444 1994 viginti
465 1954 694 1983 annorum
716 1943 865 1993 spatio
894 1944 1034 1982 semel
1063 1949 1241 1982 tantum
1265 1943 1504 1983 consessus
1524 1943 1689 1983 fuerat.
1718 1941 1841 1982 Nam

210 2015 458 2054 duodecim
479 2014 614 2053 annis
636 2013 945 2053 concubinam
966 2014 1167 2063 aluerat;
1198 2014 1362 2053 deinde
1385 2014 1431 2053 in
1452 2014 1701 2053 discrimen
1723 2025 1838 2052 mor-

213 2085 269 2124 tis
297 2085 544 2131 adductus,
578 2083 785 2134 legitimo
823 2084 908 2123 sibi
944 2085 1240 2123 matrimonio
1275 2084 1394 2123 hanc
1432 2083 1759 2135 conjunxerat,
1798 2090 1840 2123 et

214 2162 310 2194 tum
330 2155 470 2194 semel
499 2161 679 2194 tantum
708 2154 952 2194 confessus
979 2161 1047 2194 est
1077 2161 1120 2194 et
1151 2155 1532 2203 communicavit3
1568 2165 1841 2206 rursumque

213 2226 316 2265 aliis
338 2225 579 2265 duodecim
601 2225 749 2275 annis,
775 2226 861 2264 etsi
879 2237 1024 2264 uxore
1047 2226 1207 2275 ducta,
1233 2237 1258 2265 a
1279 2226 1549 2276 turpissima
1569 2231 1724 2265 tamen
1744 2226 1839 2265 vita

215 2307 306 2335 non
335 2295 423 2335 sibi
448 2296 761 2346 temperabat,
801 2295 880 2335 sed
908 2296 954 2335 in
985 2296 1206 2335 immania
1236 2297 1412 2336 scelera
1434 2295 1651 2347 profusus
1677 2307 1841 2336 sacrae

215 2366 519 2405 confessionis
536 2372 579 2405 et
597 2365 920 2405 Eucharistiae
942 2372 1235 2406 sacramento
1252 2373 1483 2406 caruerat.
1508 2366 1635 2406 Haec
1658 2366 1712 2406 de
1736 2378 1840 2406 con-

218 2436 483 2486 cubinariis,
507 2442 555 2475 ut
580 2443 762 2486 vocant,
788 2437 902 2476 satis
923 2436 1046 2476 dicta
1067 2438 1171 2477 sint.

298 2506 386 2556 Qui
407 2518 519 2545 vero
540 2507 652 2545 nulli
674 2512 800 2546 certo
819 2508 982 2546 sceleri
999 2507 1183 2558 addicti,
1205 2509 1344 2548 immo
1362 2509 1516 2559 potius
1534 2521 1677 2560 aeque
1699 2510 1839 2549 omni-

219 2578 322 2626 bus,
347 2577 521 2616 nullum
548 2583 951 2617 sacramentorum
980 2590 1112 2617 usum
1141 2590 1167 2617 a
1199 2579 1353 2618 multis
1383 2580 1517 2619 annis
1543 2580 1722 2631 experti
1748 2579 1839 2619 fue-

217 2653 338 2697 rant,
362 2646 547 2697 plurimi
569 2646 626 2685 ad
649 2658 733 2685 nos
754 2658 1010 2687 accessere.
1034 2648 1153 2688 Nam
1174 2660 1268 2699 eos,
1292 2649 1369 2700 qui
1386 2651 1527 2689 semel
1548 2650 1743 2700 singulis
1764 2662 1840 2689 an—

220 2717 290 2755 nis
313 2716 602 2767 confitentur,
627 2716 737 2756 facit
758 2716 1041 2758 deteriorum
1058 2719 1317 2770 frequentia
1334 2720 1487 2759 minus
1508 2721 1655 2760 malos
1675 2721 1838 2760 videri.

223 2787 533 2835 Quamobrem
564 2787 619 2826 de
649 2787 720 2826 his
750 2788 1022 2839 tacebimus,
1055 2791 1141 2829 etsi
1169 2790 1312 2839 multi,
1337 2802 1362 2829 a
1393 2791 1565 2830 nostris
1592 2797 1728 2831 antea
1750 2803 1841 2831 non

223 2856 380 2906 auditi,
406 2858 701 2896 accesserint.
726 2857 795 2897 De
817 2859 1017 2898 caeteris
1038 2871 1149 2899 vero
1173 2860 1260 2899 hoc
1282 2872 1423 2900 unum
1445 2861 1490 2900 in
1517 2872 1694 2900 summa
1722 2861 1839 2901 dice<

225 2932 311 2964 tur:
337 2927 503 2965 multos
525 2927 583 2966 ab
604 2928 738 2966 annis
760 2928 950 2979 duobus,
975 2929 1180 2969 tribusve
1202 2938 1280 2970 aut
1308 2937 1520 2981 quatuor,
1545 2932 1711 2971 multos
1732 2945 1838 2983 quo-
