1987 3260
875 185 909 220 A
920 195 956 220 x.
990 183 1080 220 1552
1717 183 1783 219 (wll

165 282 350 322 Patrem
371 281 674 321 Franciscum
698 281 756 320 ad
777 279 996 330 suosjam
1020 278 1287 318 redeuntem
1306 278 1540 325 comitari,
1566 289 1654 329 quo
1677 289 1781 318 con-

164 358 373 403 sequuto,
398 351 444 390 in
465 351 695 390 internam
723 356 932 390 nostram
954 349 1208 388 amicitiam
1229 360 1277 388 se
1306 348 1574 398 insinuavit,
1599 348 1713 388 dixit
1735 360 1784 388 sc

166 422 404 462 Granatae
439 421 666 472 quasdam
701 420 974 471 magnificas
1010 419 1182 459 habere
1218 419 1371 468 aedes,
1413 430 1530 469 quas
1564 417 1785 458 Societati

164 501 350 533 nostrae
372 492 639 531 adscribere
661 499 703 531 et
726 491 927 531 tribuere
955 489 1265 530 desiderabat.
1292 489 1422 529 Unde
1450 489 1624 528 factum
1645 495 1715 528 est
1738 498 1786 528 ut

166 562 316 603 medio
338 563 383 601 in
405 562 568 602 itincre
592 562 741 613 magis
762 573 817 601 ac
839 561 988 611 magis
1006 560 1240 609 incitatus
1260 559 1417 599 habita
1436 560 1641 599 omnium
1658 559 1786 610 prius

165 634 389 683 oratione,
415 632 529 672 dixit
561 633 605 672 id
627 632 827 672 maxime
849 632 967 672 velle
988 631 1175 670 Patrem
1200 630 1505 670 Franciscum
1535 641 1788 681 numquam

165 704 379 744 deserere
414 715 498 743 nec
534 702 866 743 Salmanticam
902 702 1071 751 redire,
1101 713 1190 752 quo
1226 701 1399 750 auditO,
1440 701 1610 740 scitum
1644 707 1782 752 atque

164 775 424 814 consultum
444 773 571 813 Patri
594 773 848 813 Francisco
871 779 913 812 et
936 772 1063 812 Patri
1084 771 1277 811 Doctori
1298 771 1452 810 visum
1479 777 1548 811 est
1568 778 1617 810 ut
1650 771 1789 811 Pater

165 846 261 896 ipse
292 844 571 884 Franciscus
599 845 721 883 hunc
751 855 910 883 secum
940 843 1144 892 duceret,
1173 849 1217 882 et
1245 842 1291 882 in
1327 841 1510 882 Onnate
1547 841 1788 881 doctrinae

164 915 581 965 familiaritatisque
602 921 789 954 nostrae
812 915 1068 965 periculum
1089 913 1278 959 faceret,
1298 914 1435 953 simul
1458 919 1597 963 atque
1615 912 1788 952 nostris

165 986 575 1026 exercitationibus
595 985 727 1025 daret
748 997 952 1036 operam,
976 996 1067 1036 quo
1090 984 1380 1024 commodius
1401 995 1514 1023 suae
1536 983 1720 1023 animae
1744 991 1787 1023 et

164 1058 423 1097 consuleret
452 1063 495 1095 et
517 1056 798 1103 subveniret,
822 1063 880 1105 et,
910 1055 1125 1095 Patribus
1155 1055 1328 1095 nostris
1357 1055 1534 1094 interea
1565 1066 1663 1094 rem
1690 1053 1788 1105 ejus

166 1127 442 1167 familiarem
462 1134 506 1166 et
527 1127 717 1175 negotia
739 1127 1104 1177 expedientibus,
1128 1126 1172 1165 id
1201 1127 1559 1177 amplecteretur
1587 1132 1630 1165 et
1651 1125 1785 1176 elige-

168 1205 252 1238 ret.
274 1198 472 1237 Demum
488 1209 581 1236 non
597 1198 730 1237 aliter
747 1209 821 1236 res
837 1197 918 1236 fuit
937 1197 1176 1248 disposita,
1196 1209 1335 1248 quam
1352 1197 1448 1247 ipse
1464 1208 1613 1247 aequo
1632 1196 1786 1236 animo

168 1269 409 1320 amplexus
431 1275 514 1308 est.
1133 1256 1137 1260 Α

246 1338 382 1378 Pater
410 1350 521 1378 vcro
551 1338 730 1378 Doctor
762 1350 905 1390 usque
940 1339 1260 1390 Methymnam
1290 1338 1419 1378 Patri
1453 1339 1706 1379 Francisco
1739 1352 1788 1379 se

167 1410 382 1450 comitem
402 1409 623 1458 exhibuit,
658 1421 763 1448 cum
783 1416 831 1449 ut
852 1409 949 1460 ejus
971 1410 1184 1460 angelica
1214 1409 1547 1460 familiaritate,
1579 1422 1669 1461 quo
1691 1410 1788 1450 fieri

167 1480 330 1532 possit,
354 1480 598 1527 frueretur,
619 1487 716 1519 tum
737 1480 876 1519 etiam
899 1487 947 1520 ut
969 1480 1065 1520 suis
1082 1479 1179 1530 jam
1200 1481 1520 1531 acquiesceret
1537 1481 1784 1525 mandatis,

167 1564 215 1592 se
234 1551 384 1601 magis
406 1563 459 1590 ac
490 1551 641 1600 magis
662 1551 849 1591 vinculo
871 1551 1174 1602 professionis
1205 1551 1518 1602 adstringens,
1549 1558 1592 1591 et
1624 1564 1680 1591 ne
1710 1557 1786 1591 tua

163 1622 292 1673 jussa
318 1623 419 1673 plus
454 1633 601 1672 aequo
628 1622 881 1672 adimplere
912 1621 1136 1672 differret:
1167 1634 1252 1661 nec
1286 1622 1554 1673 capillatam
1586 1622 1790 1662 occasio-

168 1705 286 1743 nem,
312 1703 429 1744 quae
447 1704 547 1732 sese
569 1693 813 1743 obtulerat,
833 1693 1033 1732 transire
1048 1693 1272 1743 permisit,
1294 1693 1404 1744 quin
1421 1693 1561 1732 immo
1579 1704 1634 1732 ea
1651 1703 1790 1732 manu

171 1765 483 1816 apprehensa,
522 1765 568 1803 in
601 1764 812 1803 manibus
847 1763 1001 1803 Patris
1036 1763 1278 1803 Francisci
1306 1763 1406 1803 Deo
1434 1775 1536 1803 sese
1569 1770 1792 1814 perpetuo

173 1835 464 1875 consecravit
499 1842 542 1875 et
575 1834 857 1874 Societatem
891 1840 1103 1873 nostram
1137 1834 1443 1874 christianam
1477 1845 1650 1884 magno
1687 1845 1791 1873 cum

173 1907 445 1957 angelorum
465 1906 652 1955 gaudio,
678 1912 727 1945 ut
749 1916 838 1956 ego
856 1905 1011 1951 credo,
1036 1905 1274 1956 professus
1291 1911 1374 1944 est.

253 1975 494 2027 Reliquum
515 1983 598 2024 est,
621 1975 759 2015 Pater
778 1975 1059 2025 venerande,
1083 1981 1131 2015 ut
1153 1974 1253 2015 Deo
1270 1975 1475 2015 Maximo
1497 1975 1793 2026 omniumque

174 2046 300 2086 Patri
321 2058 407 2085 nos
429 2058 588 2085 omnes
615 2045 777 2085 Patres
798 2052 841 2085 et
862 2046 1052 2085 Fratres
1080 2058 1137 2085 ex
1159 2046 1313 2085 animo
1341 2046 1653 2096 commendes,
1686 2058 1793 2097 quo-

173 2129 275 2157 rum
295 2117 479 2157 nomine
496 2129 582 2156 vos
599 2128 758 2156 omnes
774 2117 884 2156 item
900 2117 1063 2156 Patres
1080 2122 1124 2156 et
1139 2117 1329 2156 Fratres
1345 2118 1561 2157 salutato.
1583 2116 1796 2157 Gaudete

174 2188 295 2228 enim
317 2188 363 2227 in
383 2188 568 2227 nomine
590 2187 713 2239 Jesu,
736 2198 877 2237 quum
898 2187 977 2226 filii
997 2188 1078 2237 tui,
1103 2187 1222 2227 sicut
1248 2188 1460 2227 novellae
1482 2188 1727 2235 olivarum,
1750 2188 1797 2227 in

174 2259 369 2299 circuitu
389 2270 577 2297 mensae
599 2257 694 2308 ejus
716 2258 820 2308 sint,
845 2264 1006 2298 euntes
1028 2258 1083 2298 de
1101 2258 1271 2298 virtute
1290 2259 1332 2298 in
1352 2259 1586 2309 virtutem,
1609 2265 1795 2310 portan—

174 2336 243 2369 tes
264 2329 526 2380 manipulos
546 2340 669 2379 suos,
694 2328 859 2379 quibus
879 2335 1014 2368 vetus
1031 2328 1184 2380 homo,
1209 2341 1298 2380 quo
1320 2329 1419 2369 fieri
1441 2335 1607 2380 potest,
1632 2329 1796 2369 moria-

175 2407 263 2448 tur,
285 2407 332 2439 ut
348 2411 451 2439 cum
464 2399 649 2439 Christo
662 2398 861 2439 Domino
872 2399 982 2452 Jesu
995 2406 1306 2450 resurgentes,
1322 2400 1433 2440 novi
1441 2399 1537 2450 jam
1552 2400 1799 2440 videamur

175 2471 408 2521 homines;
432 2476 479 2509 ut
500 2481 636 2509 nemo
658 2469 716 2509 sit
738 2470 814 2520 qui
836 2475 1017 2520 patrem
1038 2476 1248 2510 nostrum
1269 2483 1362 2510 non
1389 2470 1631 2521 glorificet,
1655 2471 1732 2521 qui
1752 2471 1800 2510 in

177 2542 319 2581 coelis
340 2547 422 2580 est.
453 2541 569 2591 Ipse,
602 2552 683 2591 per
712 2540 896 2580 viscera
925 2541 995 2580 sui
1026 2541 1253 2591 unigeniti
1280 2541 1453 2582 Christi
1480 2542 1605 2594 Jesu,
1635 2548 1799 2581 nostra

178 2612 355 2663 aperiat
378 2611 522 2651 corda
543 2618 586 2651 et
608 2622 772 2650 sensus
803 2617 989 2651 nostros
1018 2612 1256 2662 illuminet,
1280 2618 1328 2652 ut
1358 2613 1553 2652 candide
1584 2613 1802 2652 vivamus

177 2689 221 2722 et
243 2693 347 2721 cum
369 2682 652 2721 exultatione
675 2682 720 2721 in
737 2682 983 2722 dilectione
1006 2682 1102 2733 ejus
1125 2683 1427 2723 ambulemus.
1455 2683 1621 2723 Amen.

257 2753 391 2793 Datis
412 2751 725 2792 Salmanticae
745 2752 892 2804 pridie
914 2752 1134 2793 calendas
1156 2752 1262 2804 Maji
1286 2754 1398 2793 1552.

260 2824 340 2863 Ex
359 2823 684 2863 commissione
704 2823 855 2863 Patris
876 2823 1111 2869 Doctoris,

260 2895 384 2933 Tuus
408 2894 524 2933 tilius
546 2894 777 2943 indignus,

1142 2965 1413 3005 A1.i’}1‹j)xsl·s
1436 2967 1639 3007 vana.
