1987 3260
888 163 970 200 AN.
1001 164 1092 202 1:350
1735 168 1812 206 203

181 256 442 295 osservanti
462 256 546 296 che
567 268 624 297 ne
646 258 892 299 mandasse
910 271 994 311 per
1010 261 1157 312 questi
1179 261 1238 310 di,
1258 262 1382 313 quali
1403 262 1603 303 hebbero
1626 263 1684 303 da
1706 264 1809 304 fare

182 331 301 365 tutto
323 327 353 365 il
373 333 542 378 tempO.
568 326 835 369 Commesse
856 330 1006 370 anche
1028 329 1073 371 S.
1104 330 1149 371 S.
1179 332 1256 371 alli
1285 333 1555 373 monasterii
1582 339 1626 373 et
1652 335 1805 375 curati

181 395 297 435 delle
329 397 484 438 chiese
512 398 597 438 che
632 399 956 441 attendesseno
984 402 1015 441 il
1042 402 1087 442 di
1114 414 1140 442 a
1169 402 1437 443 confessare
1468 409 1512 443 et
1541 403 1614 444 far
1645 405 1804 444 venire

182 466 442 507 confessori
476 468 534 508 da
569 470 675 509 altri
709 473 979 512 monasterii
1004 473 1122 523 loro,
1149 473 1350 513 secondo
1377 474 1462 514 che
1491 473 1539 514 fu
1570 475 1809 515 avvertita

179 536 225 576 S.
248 538 293 576 S.
318 537 497 579 facesse
518 540 591 590 pel
612 540 821 592 bisogno.
844 542 1035 583 Ancora
1056 543 1140 583 che
1167 544 1288 583 nella
1316 544 1477 584 scritta
1505 544 1578 584 del
1604 545 1810 595 giubileo

178 619 271 647 non
297 609 336 648 51
362 608 542 650 facesse
572 612 806 652 mentione
837 613 882 653 di
911 615 1246 663 communioni,
1277 615 1555 655 nondimeno
1583 616 1806 656 talmente

179 690 229 718 se
250 690 307 718 ne
327 678 426 719 fece
448 681 681 721 mentione
702 683 823 723 nella
843 685 1176 735 publicatione,
1201 686 1286 726 che
1316 686 1554 726 lasciando
1580 687 1700 726 nella
1731 686 1805 726 de-

177 748 364 789 votione
386 750 431 790 di
451 751 619 791 alcuno
641 764 780 792 senza
802 754 978 805 obligo,
1002 762 1065 805 et,
1091 756 1164 795 chi
1185 767 1265 795 era
1288 762 1399 807 atto,
1423 756 1757 808 inclinandogli
1777 769 1805 797 a

176 817 308 869 farlo,
328 820 469 860 etiam
489 821 519 861 il
535 820 732 873 Signore
755 835 845 864 con
865 826 908 864 la
929 837 1013 865 sua
1034 825 1241 877 famiglia
1260 826 1475 867 dandone
1491 827 1614 867 buon
1635 839 1804 868 essem-

176 890 268 940 pio‚
293 897 411 930 tutta
434 892 461 930 l'
486 893 605 932 altra
627 900 767 944 gente
788 895 955 935 idonea
981 908 1064 948 per
1090 904 1159 936 tre
1185 897 1339 947 giorni
1369 897 1415 937 in
1443 903 1629 949 quattro
1655 904 1699 937 et
1727 899 1805 950 piu

176 960 330 1000 chiese
352 961 467 1002 duro
489 963 535 1002 di
557 965 932 1006 communicarsi.
955 966 1133 1007 Perche
1156 969 1309 1008 alcuni
1330 968 1368 1008 si
1398 969 1730 1009 lamentavano
1759 968 1807 1009 di

174 1042 268 1070 non
288 1039 422 1082 poter
442 1033 639 1084 pigliare
666 1035 696 1074 il
725 1036 942 1087 giubileo,
964 1049 1048 1088 per
1068 1049 1216 1089 paura
1246 1038 1289 1078 di
1317 1051 1410 1078 non
1440 1050 1569 1079 esser
1594 1040 1719 1090 presi
1746 1040 1806 1080 da

174 1101 326 1149 sbirri,
350 1103 562 1144 venendo
585 1105 630 1144 in
652 1105 851 1146 Meldola
873 1114 917 1148 et
937 1109 1077 1148 messi
1099 1109 1145 1148 in
1166 1110 1380 1160 prigione
1401 1121 1483 1161 per
1503 1110 1675 1161 debito,
1700 1122 1808 1162 sup-

175 1173 313 1223 plicai
335 1186 361 1213 3
386 1173 431 1214 S.
454 1174 498 1215 S.
523 1176 708 1216 volesse
729 1176 801 1216 fai·
820 1179 975 1229 gratia
996 1181 1146 1231 questi
1166 1181 1304 1231 pochi
1334 1180 1379 1220 di
1410 1181 1455 1220 di
1485 1192 1614 1221 esser
1644 1181 1807 1232 sicuri;

177 1250 221 1282 et
244 1246 342 1283 cosi
365 1256 587 1286 concesse
608 1253 652 1286 et
680 1247 755 1286 chi
782 1259 862 1288 era
889 1255 1011 1289 stato
1040 1261 1192 1290 messo
1223 1251 1267 1290 in
1298 1251 1510 1302 prigione
1540 1251 1571 1291 il
1600 1251 1698 1291 fece
1732 1264 1805 1292 ca-

172 1325 302 1354 vare.

252 1384 336 1424 Nel
358 1386 555 1436 pigliare
579 1388 607 1427 il
628 1389 851 1439 perdono,
874 1390 1135 1441 bisognava
1157 1392 1331 1432 andare
1354 1404 1442 1432 con
1463 1392 1507 1432 S.
1541 1392 1585 1433 S.
1620 1405 1646 1432 a
1674 1399 1803 1444 quat-

173 1460 244 1494 tro
267 1455 422 1496 chiese
445 1457 530 1498 che
551 1459 807 1509 eleggesse.
827 1459 983 1500 Prima
1000 1462 1185 1501 haveva
1207 1464 1344 1502 eletto
1365 1463 1389 1501 4
1411 1463 1563 1503 chiese
1581 1464 1666 1503 che
1684 1467 1708 1503 6
1731 1475 1800 1503 01·-

171 1524 353 1566 dinario
375 1528 517 1568 starci
538 1530 790 1579 sacerdoti3
811 1531 950 1583 dopoi
970 1544 1052 1583 per
1079 1533 1256 1573 evitare
1278 1535 1433 1573 alcuni
1453 1534 1801 1574 inconvenienti

172 1600 216 1635 et
237 1596 377 1637 buoni
398 1598 601 1650 rispetti,
625 1600 656 1640 il
677 1600 722 1640 di
752 1601 939 1642 dinanzi
968 1603 1008 1642 si
1027 1603 1191 1643 risolse
1219 1616 1244 1643 a
1266 1606 1399 1644 volei·
1425 1616 1508 1656 per
1535 1616 1627 1644 una
1649 1606 1801 1656 quella

172 1666 292 1707 dove
321 1668 362 1707 io
392 1675 483 1716 sto.
521 1676 565 1710 et
593 1674 691 1712 cosi
717 1672 760 1712 io
788 1673 978 1713 mandai
1004 1686 1086 1725 per
1113 1675 1153 1714 16
1182 1676 1441 1726 tapezzerie
1468 1676 1514 1715 di
1541 1675 1584 1716 S.
1609 1675 1653 1716 S.
1685 1683 1729 1715 et
1755 1677 1800 1715 la

170 1744 297 1778 notte
320 1739 357 1778 si
379 1744 566 1781 assetto.
591 1742 765 1792 Questo
787 1743 891 1784 dico
912 1756 996 1796 per
1017 1757 1108 1785 una
1136 1746 1289 1786 buona
1319 1747 1593 1798 elemosina,
1627 1747 1713 1787 che
1742 1758 1804 1786 ne⁴

169 1819 386 1850 successe
407 1823 490 1862 per
510 1813 541 1852 li
566 1814 750 1864 poveri;
776 1815 948 1866 perche
978 1816 1024 1855 in
1052 1823 1212 1867 queste
1242 1824 1428 1868 quattro
1461 1818 1614 1858 chiese
1645 1818 1731 1858 che
1762 1818 1801 1857 si

168 1880 486 1932 guadagnava
506 1884 549 1923 13
572 1884 884 1937 perdonanza,
908 1886 956 1926 fu
976 1886 1092 1927 fatto
1115 1888 1230 1927 delle
1252 1888 1500 1928 elemosine
1522 1889 1664 1939 assai,
1690 1895 1734 1928 et
1754 1890 1798 1928 la

167 1958 344 1995 nostra.
370 1954 571 1994 secondo
593 1956 678 1995 che
698 1956 761 1996 mi
787 1956 836 1996 fu
862 1957 1003 2008 detto,
1034 1958 1180 1998 hebbe
1202 1966 1271 1998 tre
1301 1959 1431 1998 scudi
1462 1960 1596 2010 quasi
1617 1960 1722 1999 tutti
1752 1960 1797 1999 in

170 2023 413 2073 quattrini,
437 2024 469 2063 li
491 2026 614 2075 quali
637 2037 839 2067 saranno
861 2027 907 2067 in
929 2028 1054 2068 aiuto
1075 2028 1144 2068 de'
1170 2030 1395 2080 poverini.

250 2094 314 2132 La
339 2095 532 2135 mattina
550 2096 634 2136 che
657 2097 694 2137 si
716 2098 900 2137 haveva
922 2110 948 2138 a
966 2099 1162 2150 pigliare
1180 2101 1209 2139 il
1230 2101 1452 2151 perdono,
1473 2101 1611 2141 andai
1631 2114 1656 2141 3
1673 2101 1798 2141 buon

168 2162 283 2203 hora
306 2165 363 2204 da
388 2164 433 2205 S.
453 2164 497 2206 S.
523 2178 548 2206 a
571 2167 676 2208 dirli
697 2169 781 2208 che
803 2170 844 2209 ci
865 2181 944 2209 era
962 2181 1135 2210 ancora
1154 2172 1295 2210 molta
1318 2179 1471 2222 gente,
1499 2179 1542 2211 et
1569 2173 1653 2211 che
1678 2173 1795 2212 biso-

167 2235 334 2284 gnaria
359 2236 576 2277 ordinare
599 2239 805 2279 huomini
827 2241 911 2281 che
931 2241 975 2281 la
996 2241 1318 2281 moderassino
1338 2244 1414 2282 nel
1431 2243 1620 2293 andare,
1645 2250 1687 2283 et
1710 2243 1799 2283 che

170 2305 216 2344 in
238 2306 395 2346 chiesa
417 2308 456 2348 si
477 2309 508 2348 li
537 2309 716 2349 dicesse
747 2323 878 2351 come
907 2312 1123 2352 dovevan
1151 2313 1347 2364 pigliare
1378 2313 1407 2352 il
1434 2314 1661 2365 perdono,
1695 2314 1800 2353 cio'e

169 2377 273 2426 quel
296 2378 381 2417 che
402 2378 656 2420 havessero
677 2393 703 2420 a
726 2381 822 2421 dire
844 2388 888 2422 et
904 2394 1102 2434 pregare
1121 2383 1226 2423 Dio.
1246 2383 1332 2424 Per
1350 2384 1593 2424 moderare
1614 2385 1654 2423 le
1676 2384 1797 2424 furie

171 2458 197 2485 0
220 2447 404 2499 impeto.
430 2448 476 2489 S.
500 2449 544 2490 S.
570 2451 754 2492 haveva
776 2452 891 2493 fatto
919 2465 1103 2494 armare
1125 2454 1201 2505 piu
1223 2454 1268 2494 di
1298 2454 1372 2494 lOO
1399 2455 1587 2505 soldati;
1616 2467 1691 2495 ma
1713 2467 1794 2507 per

168 2516 306 2569 snrgli
337 2519 576 2561 intendere
609 2534 738 2562 come
766 2524 809 2563 10
836 2523 1082 2565 devessino
1108 2525 1326 2576 pigliare,
1359 2526 1419 2565 mi
1448 2526 1569 2566 disse
1601 2527 1686 2566 che
1714 2538 1796 2566 era

170 2590 339 2639 meglio
374 2590 491 2631 farlo
532 2593 653 2632 nella
688 2592 870 2644 piazza,
901 2595 1020 2635 dove
1048 2607 1128 2635 era
1156 2598 1198 2635 13
1226 2603 1364 2646 gente
1393 2603 1644 2647 ragunata,
1675 2604 1797 2648 spet-

171 2661 313 2700 tando
335 2660 380 2701 S.
404 2660 448 2701 S.
473 2662 518 2702 10
540 2675 631 2703 11011
654 2675 828 2716 sapevo
850 2677 933 2716 per
955 2667 1029 2706 chi
1050 2668 1186 2718 gliele
1207 2667 1277 2706 far
1310 2667 1432 2717 dire,
1463 2673 1506 2707 et
1537 2668 1598 2707 mi
1625 2668 1795 2707 ritenni

168 2732 241 2770 nel
263 2732 513 2783 principio,
544 2741 676 2785 parte
702 2747 785 2787 per
813 2747 1077 2788 vergogna‚
1112 2745 1244 2788 parte
1271 2750 1353 2789 per
1379 2738 1687 2778 insuficientia
1732 2738 1792 2778 Al

168 2800 272 2851 fine,
295 2803 423 2843 udita
444 2805 489 2844 13
510 2817 661 2845 1116553
685 2818 772 2846 con
794 2806 837 2846 S.
862 2806 925 2857 S„
949 2809 1101 2848 menai
1123 2820 1253 2848 meco
1275 2809 1303 2848 il
1327 2820 1410 2849 suo
1439 2810 1718 2859 secretario,
1749 2817 1793 2849 et

171 2872 306 2912 salito
330 2886 468 2926 sopra
491 2883 616 2916 certe
648 2888 801 2928 mura,
831 2878 950 2918 dove
977 2885 1175 2919 stavano
1203 2880 1233 2919 li
1261 2880 1448 2927 soldati,
1478 2880 1539 2919 mi
1572 2881 1715 2920 voltai
1748 2881 1791 2920 31

169 2945 336 2994 popolo
359 2954 403 2986 et
425 2947 456 2986 li
477 2947 588 2986 dissi
611 2949 715 2999 quel
742 2948 827 2988 che
855 2949 1105 2990 havessino
1137 2962 1162 2990 a
1190 2950 1309 3002 fare,
1340 2952 1541 2991 secondo
1571 2951 1598 2990 i]
1630 2957 1794 2990 tenore
