1987 3260
883 171 965 210 ΑΝ.
997 171 1086 208 1552
1116 199 1119 201 —
1723 171 1794 209 709

254 272 458 324 Joannes
479 271 773 319 Franciscus,
797 270 834 310 is
851 270 907 310 de
923 281 1012 321 quo
1028 280 1170 321 supra
1189 267 1502 318 meminimus,
1526 280 1584 307 ex
1599 279 1689 318 quo
1705 268 1795 308 huc

171 343 372 394 appulit,
397 342 512 382 mire
533 341 832 382 confirmatus
853 347 920 381 est
943 341 989 380 in
1009 352 1078 391 ea,
1103 351 1241 391 quam
1262 340 1390 391 prius
1410 339 1525 379 satis
1541 350 1634 378 non
1651 349 1793 389 agno—

177 420 324 461 verat,
350 413 523 453 Christi
544 414 808 459 vocatione,
832 412 906 452 cui
927 418 970 452 et
991 423 1075 451 sua
1095 417 1207 450 vota
1229 409 1533 460 nuncupavit.

254 483 328 524 Ad
345 484 656 523 sacerdotium
672 490 861 523 evectus
877 489 945 522 est
966 482 1237 522 Desiderius
1257 487 1437 530 noster,
1456 479 1607 529 brevi,
1628 485 1677 519 ut
1693 490 1795 530 spe-

175 565 351 602 ramus,
376 554 573 605 primam
594 553 784 593 Missam
805 554 1136 593 celebraturus

253 624 592 675 Exspectamus
613 625 686 663 hic
709 625 753 664 in
774 624 872 664 dies
892 623 944 664 R.
970 623 1016 663 P.
1042 623 1099 663 D.
1124 622 1336 674 Laynez,
1367 621 1526 661 Italiae
1554 619 1795 670 Praeposi-

175 702 290 744 tum,
316 707 421 734 cum
448 695 624 746 ingenti
651 694 879 735 desiderio
908 708 962 734 ac,
990 701 1117 734 certa
1147 705 1227 744 spe
1265 692 1410 744 quod,
1445 690 1665 742 inspectis
1691 701 1795 741 par—

172 766 401 806 ticulatim
421 766 558 806 rebus
578 766 769 816 nostris,
795 766 840 805 in
861 765 1162 805 emendandis
1182 763 1338 804 multis
1360 775 1415 802 ac
1436 761 1708 814 prudentius
1726 772 1796 800 or-

173 836 401 886 dinandis,
426 837 620 877 multum
640 837 746 876 huic
768 837 869 876 loco
892 843 935 876 et
956 837 1090 875 nobis
1110 835 1380 887 profuturus
1401 834 1474 873 sit.

253 906 385 957 Quod
407 913 638 958 superest,
662 907 892 946 humiliter
919 907 1225 957 deprecamur
1252 904 1311 945 R-
1337 904 1386 944 Ρ.
1418 904 1469 944 T.
1505 909 1552 943 ut
1578 914 1659 954 per
1688 902 1795 941 dile-

171 979 372 1017 ctionem
399 977 586 1018 Domini
614 978 762 1018 nostri
790 978 900 1030 Jesu
933 977 1103 1018 Christi
1134 984 1177 1016 et
1210 976 1495 1026 singularem
1522 974 1648 1014 illam
1681 983 1795 1023 erga

171 1048 286 1088 filios
307 1060 417 1088 suos
434 1060 594 1089 omnes
614 1049 988 1088 benevolentiam
1008 1055 1050 1087 et
1074 1048 1293 1099 pietatem
1313 1058 1459 1095 suam,
1484 1045 1701 1096 dignetur
1720 1056 1795 1084 ve-

170 1120 297 1159 niam
330 1119 463 1159 nobis
499 1119 609 1159 dare
637 1119 692 1159 de
719 1119 1004 1169 negligentia
1031 1125 1075 1158 et
1110 1118 1211 1157 aliis
1239 1117 1439 1167 delictis,
1477 1127 1674 1168 quorum
1707 1125 1795 1165 ego

170 1201 282 1230 sane
304 1190 349 1229 in
369 1190 531 1241 primis
551 1190 663 1230 mihi
685 1190 899 1229 conscius
927 1201 1049 1239 sum,
1080 1190 1209 1241 sique
1236 1189 1403 1228 vellem
1433 1199 1487 1227 ea
1516 1186 1793 1237 exprimere,

170 1261 382 1312 longiore
399 1260 572 1312 pagina
590 1272 706 1311 opus
724 1267 860 1301 esset.
880 1260 1012 1301 Nunc
1029 1261 1142 1300 satis
1159 1260 1217 1299 sit
1233 1259 1406 1311 optimo
1423 1257 1521 1298 ΡΛίίΒ
1545 1258 1643 1298 Tae
1662 1268 1788 1297 man—

170 1331 301 1379 dato,
325 1330 640 1371 describendis
662 1330 923 1382 hujusmodi
945 1331 1241 1381 generalibus
1261 1330 1426 1370 litteris
1455 1336 1703 1379 utcumque
1723 1339 1795 1367 sa-

170 1402 411 1442 tisfecisse.
433 1402 596 1443 Finem
619 1403 758 1454 igitur
780 1402 1024 1452 faciemus,
1055 1402 1224 1441 additis
1250 1401 1495 1441 dumtaxat
1525 1399 1794 1439 humillimis

167 1474 315 1513 nostri
332 1474 537 1513 omnium
552 1486 607 1514 ac
620 1474 910 1525 singulorum
927 1472 1406 1513 commendationibus
1422 1477 1485 1521 ut,
1501 1482 1583 1522 per
1601 1481 1794 1510 consue-

168 1551 240 1583 tas
262 1545 405 1595 ipsius
427 1544 524 1584 P.tiS
552 1545 656 1585 Vae
669 1556 846 1596 preces,
870 1551 1117 1584 conservet
1137 1554 1222 1583 nos
1242 1543 1471 1593 benignus
1498 1541 1729 1582 Dominus
1746 1548 1790 1581 et

170 1615 302 1654 bonis
337 1616 432 1655 suis
460 1615 715 1666 adaugeat,
744 1627 941 1667 quorum
968 1626 1078 1655 usus
1106 1614 1151 1653 in
1178 1625 1311 1653 suam
1340 1613 1484 1664 ipsius
1514 1613 1714 1663 gloriam
1743 1618 1789 1651 et

163 1687 614 1738 quamplurimorum
634 1688 830 1727 salutem
851 1692 1124 1726 convertere
1146 1685 1378 1734 dignetur.
1399 1684 1564 1724 Amen.

247 1757 478 1807 Venetiis,
501 1764 634 1797 sexto
658 1768 805 1797 nonas
825 1757 973 1810 Julias
998 1756 1112 1796 1552.

247 1826 299 1866 R.
324 1826 371 1867 P.
396 1827 448 1867 T.

247 1896 600 1949 Indignissimus
621 1910 786 1939 servus
807 1899 853 1938 in
874 1898 1057 1938 Christo
1078 1898 1188 1950 Jesu
1206 1930 1213 1947 ‚

733 2039 961 2079 ANDREAs
991 2039 1185 2079 Farsms
1207 2049 1313 2078 cum
1336 2037 1572 2078 fratribus.

246 2252 355 2292 Alsa
377 2264 519 2292 malm
540 2252 602 2291 ad
623 2263 756 2291 oram
773 2251 1000 2302 paginae:
1026 2251 1138 2290 1553.
1164 2250 1312 2301 Quad.
1338 2250 1504 2291 Venet.
1536 2250 1561 2289 2
1583 2250 1627 2290 di
1647 2249 1784 2302 Julio.
