1987 3260
194 195 264 231 (300
705 192 785 229 L1T
797 202 930 228 [ERAE
957 202 1312 234 QUADRIMESTRES

572 427 852 457 Praecedentium
872 428 1011 456 Roberti
1036 428 1227 463 Clayssonii
1248 428 1443 455 litterarum

750 483 770 503 a
791 476 827 504 P.
849 476 996 503 Polanco
1011 476 1267 502 emendatarum

686 524 874 558 exemplum
892 524 924 550 in
939 523 1139 557 Hispaniam
1153 523 1290 550 missum
1307 523 1328 549 ¹.

960 677 1057 753 nis

276 857 438 897 Gratia
461 862 504 895 et
526 867 618 907 pax
639 854 825 894 Domini
848 855 996 894 nostri
1016 855 1126 907 Jesu
1148 853 1321 894 Christi
1342 860 1428 894 etc.

275 927 375 967 Rde
402 928 448 966 in
468 927 589 978 Xpo.
614 926 773 966 Pater:

278 999 338 1039 Ut
370 998 524 1048 aliqua
560 998 606 1036 in
638 1002 771 1048 parte
799 997 965 1036 saltem
992 996 1189 1036 satisfiat
1225 996 1513 1036 obedientiae
1544 1001 1734 1035 sanctae
1768 995 1824 1035 de

196 1068 545 1109 conscribendis
562 1068 621 1107 ad
637 1079 724 1107 vos
739 1067 905 1107 litteris
923 1067 1106 1118 singulo
1122 1067 1464 1118 quadrimestri‚
1480 1077 1568 1117 ego
1587 1066 1643 1106 ob
1662 1066 1820 1106 adver-

196 1152 297 1179 sam
330 1139 645 1178 valetudinem
679 1137 831 1177 Patris
865 1138 1017 1177 nostri
1052 1138 1289 1189 Baptistae
1323 1137 1507 1178 Violaei
1538 1143 1581 1177 et
1610 1137 1821 1187 aliorum,

196 1211 362 1261 quibus
382 1210 498 1249 haec
519 1209 682 1249 fuisset
711 1208 1036 1248 commendata
1058 1220 1186 1259 cura,
1220 1208 1452 1248 scribendi
1479 1219 1595 1248 onus
1622 1208 1823 1258 suscepi.

198 1281 426 1331 Quoniam
447 1292 560 1319 vero
582 1291 675 1319 non
706 1279 881 1329 omnia,
906 1291 1025 1330 quae
1045 1285 1179 1330 gesta
1201 1285 1322 1330 sunt,
1347 1279 1586 1330 sigillatim
1613 1278 1744 1329 novi,
1769 1279 1823 1318 de

197 1352 351 1391 multis
372 1362 522 1401 pauca
543 1350 764 1399 referam3
785 1350 986 1401 illudque
1004 1350 1205 1401 primum
1222 1350 1345 1402 quod
1361 1349 1542 1390 Rev.dus
1568 1349 1824 1401 Episcopus

197 1421 595 1462 Claramontensis
616 1421 829 1472 promisit
859 1432 907 1460 se
930 1420 1148 1460 daturum
1169 1421 1357 1460 domum
1379 1419 1599 1460 Societati
1621 1421 1758 1460 sitam
1780 1420 1825 1459 in

198 1493 309 1532 urbe
331 1492 528 1542 Biliomi‚
554 1503 672 1543 quae
699 1492 810 1531 urbs
837 1497 906 1531 est
933 1497 978 1531 et
1009 1491 1294 1531 universitas
1326 1492 1371 1531 in
1400 1491 1656 1541 Auvernia,
1688 1491 1825 1531 modo

199 1563 247 1603 P.
272 1564 322 1603 T.
348 1564 526 1614 aliquos
549 1575 606 1602 ex
627 1562 846 1602 fratribus
869 1562 981 1602 Velit
1003 1574 1057 1602 eo
1087 1562 1290 1613 mittere,
1322 1562 1594 1613 promittens
1621 1562 1820 1612 interim,

202 1635 309 1674 dum
331 1634 441 1673 urbs
464 1634 565 1685 ipsa
587 1633 783 1683 collegio
804 1632 1061 1684 providerit
1082 1633 1138 1672 de
1158 1633 1452 1683 necessariis,
1483 1645 1532 1672 se
1554 1633 1644 1672 illis
1671 1633 1826 1672 omnia

204 1705 621 1756 suppeditaturum.
659 1703 708 1743 P.
745 1703 956 1754 Baptista
991 1704 1100 1754 quid
1137 1703 1401 1743 faciendum
1429 1715 1483 1743 ea
1518 1704 1564 1743 in
1591 1715 1640 1743 re
1675 1704 1757 1743 abs
1783 1709 1826 1743 te

200 1787 340 1815 nosse
362 1776 502 1827 cupit.

278 1847 441 1887 Invisit
462 1858 547 1885 nos
570 1846 691 1886 idem
712 1845 973 1897 Episcopus
999 1845 1083 1885 sub
1111 1845 1279 1885 festum
1306 1845 1611 1885 Ascensionis
1638 1844 1826 1884 Domini

200 1929 254 1957 ac
275 1928 357 1968 per
373 1917 538 1956 horam
554 1928 660 1955 cum
678 1916 868 1955 dimidia
885 1916 1148 1967 alloquutus
1165 1921 1234 1955 est
1250 1915 1438 1955 Patrem
1454 1915 1715 1967 Baptistam
1730 1921 1827 1955 tam

197 1987 254 2028 de
270 1987 355 2037 his,
376 1999 494 2039 quae
511 1987 558 2026 in
575 1987 795 2026 universa
813 1985 1060 2037 Societate‚
1080 1997 1219 2037 quam
1237 1986 1292 2026 de
1310 1986 1395 2034 his,
1416 1998 1534 2037 quae
1552 1986 1610 2025 ad
1626 1986 1823 2026 salutem

200 2065 244 2098 et
267 2057 639 2098 aedificationem
661 2058 844 2096 animae
866 2068 977 2096 suae
1006 2057 1196 2096 faciunt.
1225 2056 1397 2097 Omnes
1427 2057 1647 2108 epistolas
1676 2055 1827 2096 Socie-

201 2130 309 2169 tatis
330 2134 534 2178 nostrae,
560 2140 677 2179 quae
700 2128 758 2167 ad
780 2139 865 2167 nos
887 2127 1172 2177 deferuntur,
1200 2127 1377 2179 primus
1398 2128 1512 2178 petit
1533 2133 1577 2166 et
1597 2127 1827 2178 benignis—

199 2200 314 2239 sime
341 2199 513 2250 excipit
536 2198 755 2250 jubetque
778 2210 859 2250 per
889 2199 1174 2238 sacellanum
1196 2198 1396 2238 suumin
1425 2199 1643 2237 volumen
1664 2197 1826 2248 redigi,

201 2271 338 2321 quod,
363 2271 408 2309 ni
429 2270 581 2319 fallor,
606 2270 815 2309 excrevit
845 2269 890 2308 in
913 2269 1282 2319 magnitudinem
1315 2269 1617 2320 epistolarum
1648 2268 1827 2309 Cicero-

200 2341 274 2380 nis
294 2340 610 2379 familiarium.

283 2410 489 2451 Clericus
511 2409 755 2460 cujusdam
777 2411 1052 2461 consiliarii,
1074 2412 1147 2451 cui
1168 2412 1409 2462 negotium
1429 2411 1663 2462 privilegii
1683 2411 1829 2450 nostri

203 2481 504 2521 commissum
532 2481 698 2531 fuerat,
730 2481 809 2520 ubi
837 2482 1036 2532 perlegit
1056 2482 1319 2522 Institutum
1350 2481 1598 2522 Societatis
1625 2487 1826 2531 nostrae,

201 2563 288 2592 nos
322 2552 456 2591 unice
494 2551 653 2591 dilexit
689 2551 805 2591 adeo
844 2557 894 2591 ut
934 2552 1121 2591 omnino
1159 2552 1325 2602 spiritu
1364 2551 1610 2592 Societatis
1642 2557 1830 2591 nostrae

204 2622 310 2662 duci
340 2621 570 2661 videatur.
601 2622 643 2661 Is
678 2621 810 2661 brevi
837 2622 1060 2661 exercitia
1095 2623 1408 2673 aggredietur.
1445 2622 1753 2662 Tantumdem
1787 2628 1831 2662 et

206 2692 338 2743 alius,
364 2703 500 2743 quem
522 2692 620 2743 ipse
641 2691 687 2731 in
714 2691 1081 2731 familiaritatem
1110 2699 1322 2732 nostram
1351 2693 1515 2742 traxit3
1539 2692 1616 2731 ubi
1647 2692 1755 2743 quid
1776 2692 1831 2732 de

205 2762 318 2813 ipsis
340 2762 567 2802 Dominus
589 2762 805 2813 disponat
834 2762 1106 2802 videbimus.
1131 2762 1330 2813 Quidam
1352 2763 1470 2802 alius
1487 2761 1673 2813 juvenis
1704 2774 1831 2802 exer-

204 2833 316 2872 citia
337 2833 459 2883 fecit,
482 2832 559 2883 qui
578 2832 625 2871 in
643 2833 709 2872 eis
724 2833 949 2873 intellexit
971 2845 998 2872 a
1019 2832 1157 2872 Chro.
1177 2845 1225 2873 se
1243 2833 1300 2873 ab
1322 2833 1409 2873 hoc
1430 2832 1603 2872 mundo
1622 2833 1830 2872 avocari.

262 2990 271 3008 ¹
313 2989 391 3016 Cod.
409 2989 487 3023 1551,
504 2990 558 3016 fol.
577 2990 608 3017 19
622 2991 673 3017 v.⁰
689 2994 721 3017 et
737 2990 780 3017 ⁴20.
