1987 3260
289 181 358 218 276
798 181 1024 218 LlTTERAE
1051 191 1405 224 QUADRIMESTRES

287 278 334 318 in
354 278 455 330 ipsa
477 278 667 318 civitate
688 284 844 318 actum
864 283 954 326 est,
980 277 1035 317 de
1058 289 1151 328 quo
1168 278 1323 329 aliqua
1344 278 1529 330 scripsi,
1553 280 1744 320 visitavi
1765 281 1905 322 etiam

285 349 381 389 fere
403 355 588 389 centum
618 354 662 389 et
691 347 1002 400 quadraginta
1033 347 1268 388 ecelesias.
1301 348 1410 390 Inde
1436 349 1615 389 fructus
1645 351 1906 393 animarum

285 419 421 459 valde
442 431 640 470 magnus
660 418 897 470 provenit,
921 417 1069 473 major
1084 429 1198 458 Vero
1220 418 1320 469 ipsa
1336 418 1383 459 in
1399 419 1589 459 civitate
1604 432 1686 471 per
1701 422 1904 472 gratiam

284 490 386 530 Dei.
409 490 476 530 Ne
497 496 651 529 autem
672 489 934 529 remitterer
956 488 1012 528 ab
1033 488 1263 539 Episcopo
1296 489 1354 528 ad
1381 489 1697 531 visitationem
1727 491 1902 532 dioece-

283 561 346 600 sis
367 573 529 612 preces
550 560 833 600 urbanorum
854 559 1165 600 obtinuerunt.
1486 548 1491 553 ⁹
1561 568 1565 572 ·

360 631 585 681 Mutinae,
608 642 730 670 nona
751 630 908 670 Martii
938 629 1053 669 1551.

947 1054 1232 1109 LXXVII

344 1282 389 1320 Ρ.
408 1281 662 1320 Ludovicus
682 1282 902 1320 Gonzalez

389 1347 507 1384 Patri
527 1347 692 1385 Simoni
712 1347 958 1385 Rodericio.

434 1412 661 1459 Almeirin,
686 1412 730 1449 14
747 1412 895 1449 Martii
916 1412 1002 1450 1551
1027 1412 1051 1450 ¹.

1034 1549 1130 1624 nis

342 1690 442 1731 Pax
464 1691 652 1731 Christi.

345 1762 631 1802 Charissime
651 1761 805 1801 Pater.

340 1833 428 1873 Per
466 1833 637 1872 muitas
671 1832 774 1872 vias
800 1838 948 1872 temos
969 1832 1139 1872 eserito
1174 1844 1201 1872 a
1235 1832 1289 1872 V.
1324 1832 1376 1872 R.
1410 1833 1496 1872 Em
1525 1833 1585 1872 ha
1616 1832 1883 1874 de1·radeira

261 1915 287 1943 a
307 1903 444 1943 XXV
466 1904 524 1943 do
546 1903 748 1955 passado
771 1914 854 1954 per
875 1903 986 1942 hum
1003 1914 1167 1942 correo
1188 1914 1275 1953 que
1297 1902 1337 1941 d’
1360 1903 1467 1954 aqui
1488 1903 1654 1954 partio.

338 1973 487 2024 Terqa
507 1974 639 2023 seira,
663 1973 707 2013 X
729 1973 784 2013 de
804 1972 980 2024 Marco,
1003 1973 1211 2024 partirao
1232 1985 1343 2024 pera
1367 1986 1393 2013 a
1416 1974 1546 2013 India
1562 1974 1776 2014 Belchior
1793 1975 1884 2015 Nu-

258 2048 343 2084 fiez
363 2057 387 2084 e
407 2044 614 2084 Antonio
636 2043 851 2084 Deredea
871 2043 884 2062 ”²
906 2049 931 2084 e
953 2044 1044 2084 hsia
1065 2055 1185 2084 naao
1207 2049 1260 2084 co
1282 2050 1376 2084 tres
1394 2044 1566 2084 orfaos.
1584 2045 1621 2084 E
1637 2044 1730 2084 G.10
1752 2045 1881 2085 Roiz.

259 2127 282 2154 e
304 2115 480 2155 Aeosta
503 2114 516 2133 ³
539 2119 563 2155 e
585 2120 719 2155 outra
741 2119 793 2155 co
815 2121 976 2154 outros
996 2120 1104 2154 tres.
1128 2114 1314 2154 Moraes
1336 2126 1359 2154 e
1385 2114 1600 2154 Almeida
1628 2113 1643 2132 ‘²
1674 2116 1883 2166 partirao

259 2187 300 2226 (Γ
326 2186 434 2237 aqui
455 2198 482 2226 a
502 2191 597 2225 tres
619 2197 678 2225 ou
698 2190 865 2237 quatro
887 2185 989 2225 dias
1014 2197 1074 2225 na
1101 2197 1222 2225 naao
1245 2189 1268 2225 ἕ
1290 2197 1377 2236 que
1398 2185 1477 2225 vai
1503 2185 1741 2238 Jeronimo
1773 2186 1879 2227 Cor-

259 2269 358 2307 rea,
389 2257 446 2296 do
481 2257 587 2308 qual
616 2269 641 2296 a
669 2255 807 2296 velha
834 2255 1087 2307 despedida
1114 2267 1162 2295 se
1190 2254 1254 2295 foi
1277 2254 1356 2306 jaa
1383 2267 1495 2307 pera
1532 2255 1766 2307 Coymbra
1792 2257 1880 2297 ben

258 2328 491 2378 desposta.
515 2327 620 2367 Vao
642 2332 763 2366 estes
783 2327 957 2366 irmaos
979 2337 1082 2366 com
1102 2326 1281 2376 grande
1302 2326 1473 2373 servom
1495 2326 1616 2366 fuios
1637 2339 1720 2367 ver
1750 2328 1878 2368 ebar-

257 2410 352 2447 car,
377 2410 400 2438 e
420 2398 600 2438 eofesso
623 2409 650 2437 a
669 2398 727 2438 V.
752 2397 805 2437 R.
829 2409 916 2448 que
937 2409 986 2437 se
1007 2408 1079 2436 me
1106 2400 1369 2437 renovarao
1398 2397 1532 2437 todas
1561 2398 1744 2438 minhas
1773 2398 1877 2438 cha-

256 2480 342 2519 gas
362 2468 604 2519 passadas.
627 2468 732 2508 Vao
753 2468 939 2507 tamben
960 2473 1055 2507 este
1077 2471 1166 2507 afio
1188 2468 1279 2507 seis
1299 2467 1455 2508 frades
1482 2468 1538 2508 de
1567 2468 1659 2508 Sao
1687 2468 1877 2509 Domin-

309 2604 319 2624 ί
357 2603 596 2637 Autographa;
622 2603 679 2629 sed
703 2603 735 2629 in
760 2610 799 2629 ea
823 2603 930 2629 solum
952 2602 1071 2629 ultima
1087 2603 1204 2635 verba,
1230 2610 1250 2629 a
1275 2602 1321 2628 As
1344 2604 1462 2629 cartas
1479 2603 1574 2630 ηιῖο...
1597 2610 1699 2637 usque
1716 2604 1758 2630 acl
1779 2605 1876 2631 mdos

255 2650 378 2678 allzeas
399 2654 476 2677 sunt
499 2657 600 2677 manu
623 2649 753 2683 scripta
777 2649 891 2676 Patris
913 2648 1079 2676 Ludovici
1104 2649 1280 2676 Gonzalez.
1308 2649 1370 2676 Est
1394 2649 1427 2676 in
1450 2649 1529 2676 folio
1552 2650 1650 2677 unico
1679 2651 1757 2678 olim
1780 2659 1811 2678 n.
1831 2651 1874 2684 77,

254 2705 339 2725 nunc
355 2698 400 2725 81.

306 2745 319 2764 2
356 2743 525 2772 Antonius
541 2744 579 2771 de
599 2743 760 2771 Heredia.

304 2791 318 2811 3
357 2791 586 2818 Gundisalvus
601 2791 791 2825 Rodriguez
806 2791 968 2825 (Goufalo
992 2790 1092 2824 Roiz)
1108 2794 1141 2818 et
1155 2791 1302 2824 Joannes
1317 2791 1359 2818 da
1375 2791 1488 2825 Costa,
1501 2798 1569 2825 seu,
1585 2794 1621 2818 ut
1635 2791 1687 2818 hic
1702 2792 1874 2826 scribitur,

252 2839 388 2872 Acosta,
402 2842 435 2866 et
450 2839 530 2866 alibi
551 2839 722 2865 d’Acosta.
738 2838 833 2865 Hune
850 2837 1132 2872 christophorum
1146 2839 1297 2872 appellat
1314 2838 1450 2865 FRANco
1474 2838 1506 2865 in
1534 2838 1705 2871 Catalogo,
1727 2847 1824 2873 quem
1839 2839 1873 2866 in

251 2885 392 2920 Synopsi
409 2886 601 2920 Annalium,
617 2893 693 2913 ann.
711 2885 787 2917 1551,
801 2893 831 2912 n.
851 2886 891 2918 11,
907 2884 1070 2918 Joannem
1094 2886 1342 2919 appellaverat.
1358 2885 1503 2918 Joannes
1528 2885 1632 2912 etiam
1656 2886 1764 2913 dictus
1787 2890 1837 2913 est
1852 2894 1872 2913 a

252 2932 374 2964 TeHez,
388 2933 444 2959 sed
460 2940 479 2959 a
495 2932 642 2959 Polanco
658 2940 791 2966 semper
807 2932 1082 2966 Christophorus.

302 2978 318 2998 4
354 2979 457 3006 Pater
471 2979 670 3006 Emmanuel
682 2978 838 3012 lum-ales,
855 2979 975 3013 senior,
989 2983 1021 3006 et
1035 2979 1144 3006 frater
1160 2978 1280 3006 Petrus
1295 2979 1334 3005 de
1350 2978 1526 3013 Almeyda.
