1987 3260
869 180 900 214 A
908 190 930 216 x
976 179 1064 215 1550
1705 179 1776 216 2⁴25

156 289 248 317 non
269 277 503 326 indoctus,
535 288 560 316 a
583 274 712 326 cujus
734 275 919 315 nomine
945 275 1169 326 abstineo,
1194 275 1413 326 quoniam
1441 275 1570 314 visus
1598 281 1667 314 est
1694 276 1775 315 Pa-

156 348 214 388 tri
229 347 510 388 Villanovae
532 347 696 386 domus
716 345 904 386 Domini
925 345 1229 386 exstructioni
1249 357 1342 385 non
1363 346 1648 385 adamussim
1668 358 1775 397 qua-

152 418 305 458 drare.
330 417 429 457 Hoc
452 417 572 457 enim
594 417 734 456 velim
755 417 836 456 tibi
857 415 1163 468 persuadeas,
1187 415 1324 456 Pater
1346 416 1541 467 optime,
1574 416 1620 456 in
1644 417 1777 456 colle—

156 499 325 538 garum
346 487 568 527 electione
590 488 821 538 prolixam
842 500 867 527 a
890 487 938 527 Ρ.
962 487 1214 527 Villanova
1231 486 1330 526 fieri
1347 486 1719 537 disquisitionem
1737 494 1780 526 et

157 570 263 599 cum
280 570 452 609 magna
470 558 642 609 ingenii
658 565 701 598 et
719 558 999 598 conditionis
1015 557 1240 598 habeatur
1261 557 1396 608 ratio,
1416 557 1504 597 nisi
1522 558 1779 597 constantis

155 630 243 669 sibi
265 630 408 669 animi
430 635 473 669 et
494 629 683 668 sedatae
705 630 872 669 mentis
893 629 971 669 fiat
1001 628 1231 678 accessio,
1254 628 1485 668 neminem
1506 628 1596 668 huc
1616 628 1780 678 pedem

157 701 371 740 laturum.
395 699 621 739 Discessit
644 700 786 750 igitur
806 700 1069 740 licentiatus
1091 699 1164 739 ille
1182 711 1275 738 non
1291 699 1390 739 sine
1406 710 1579 749 magno
1597 699 1780 739 animae

157 782 269 810 suae
290 771 600 810 emolumento
622 782 681 810 ex
707 770 1083 810 exercitamentis
1110 775 1350 821 excerpto,
1381 781 1465 809 nec
1495 769 1580 809 fuit
1606 770 1782 809 homini

158 841 463 881 succensendi
486 847 563 880 aut
586 840 861 891 indignandi
883 851 1040 890 causa;
1065 841 1180 880 adeo
1203 840 1474 891 compositis
1501 839 1780 880 efficacibus-

159 923 246 962 que
266 911 524 951 rationibus
546 912 657 951 itum
680 918 747 951 est
769 912 832 951 illi
855 912 1054 951 obviam.
1082 911 1211 951 Alios
1232 911 1372 950 etiam
1394 911 1702 950 scholasticos
1724 923 1778 950 ac

158 982 426 1021 sacerdotes
447 994 539 1022 non
562 982 746 1022 admisit
767 982 816 1022 P.
836 981 1103 1031 Villanova‚
1130 982 1236 1021 licet
1264 981 1349 1021 sibi
1376 981 1491 1021 satis
1508 981 1702 1021 animati
1718 981 1781 1021 vi-

158 1051 377 1092 derentur
393 1053 452 1092 ad
470 1053 653 1104 quidvis
670 1064 753 1104 pro
770 1053 956 1092 nomine
972 1052 1082 1104 Jesu
1098 1052 1434 1092 sustinendum.
1453 1052 1661 1092 Exerciti
1677 1059 1782 1091 sunt

157 1123 296 1163 etiam
318 1123 389 1162 his
411 1123 570 1162 diebus
587 1123 838 1163 transactis
855 1123 1043 1174 quidam
1060 1121 1177 1173 juris
1194 1122 1370 1172 doctor,
1394 1123 1481 1173 vir,
1501 1128 1687 1173 praeter
1705 1134 1777 1162 ca-

156 1193 375 1233 nonicam
398 1193 668 1233 cathedram
691 1206 829 1245 quam
850 1193 1132 1244 moderatur,
1157 1194 1312 1233 multis
1334 1193 1600 1234 nominibus
1631 1195 1780 1233 colen-

157 1264 258 1312 dus,
283 1265 471 1315 quidam
494 1264 699 1314 theologi
720 1270 764 1303 et
781 1264 1136 1304 concionatores
1152 1276 1246 1304 non
1263 1264 1450 1304 obscuri
1465 1264 1686 1315 nominis,
1707 1265 1783 1315 qui

156 1335 328 1386 partim
356 1335 661 1386 sua‚'partim
687 1340 847 1374 nostra
875 1335 1171 1375 cunctatione
1199 1336 1274 1375 vel
1301 1335 1459 1386 rejecti
1493 1342 1599 1376 sunt
1632 1336 1708 1375 vel
1736 1335 1782 1375 in

160 1405 450 1445 commodius
471 1411 652 1456 tempus
680 1405 836 1445 dilati:
859 1416 945 1445 nec
974 1412 1043 1445 est
1070 1406 1239 1456 exigua
1267 1405 1408 1446 futuri
1435 1406 1657 1457 temporis
1684 1418 1780 1456 spe-

160 1476 330 1516 ctanda
346 1488 492 1525 merx,
513 1476 734 1528 quoniam
754 1476 1015 1516 studiorum
1037 1477 1179 1516 instat
1204 1477 1478 1516 exercitatio
1498 1482 1542 1517 et
1564 1477 1779 1528 plurimo>

157 1558 260 1586 rum
281 1547 523 1597 adventus,
550 1558 665 1598 quos
685 1547 955 1598 propediem
977 1546 1121 1587 affore
1142 1547 1261 1587 inter
1282 1558 1367 1587 nos
1390 1548 1621 1587 convenit.

238 1617 308 1657 Ac
331 1629 387 1657 ne
415 1618 552 1658 modo
581 1618 764 1658 desides
788 1624 867 1658 aut
895 1618 1030 1658 otiosi
1052 1629 1153 1657 esse
1176 1618 1500 1669 intempestive
1523 1619 1779 1669 videamur,

162 1694 256 1728 tres
287 1689 414 1728 viros
449 1689 572 1728 domi
600 1689 809 1728 exerceri
836 1689 953 1728 scito
983 1688 1188 1739 cujusvis
1210 1689 1256 1728 in
1284 1689 1543 1729 litterarum
1573 1690 1782 1740 emporio

159 1759 307 1810 pretii.
332 1759 506 1799 Doctor
527 1759 699 1799 Torres
725 1760 748 1810 ¹,
780 1760 858 1811 qui
884 1759 1143 1811 Siguenzae
1171 1760 1426 1800 canonicus
1458 1766 1527 1800 est
1558 1766 1601 1800 et
1629 1772 1781 1800 sacro--

159 1836 351 1870 sanctae
373 1830 657 1881 Theologiae
679 1831 930 1870 cathedrae
961 1838 1166 1882 praeest,
1190 1831 1366 1881 primas
1386 1837 1544 1882 partes
1566 1832 1684 1881 agit3
1717 1843 1781 1871 se-

159 1900 336 1941 cundas
360 1901 545 1952 quidam
565 1901 831 1941 licentiatus
859 1901 1107 1951 Martine2‚
1136 1901 1283 1941 frater
1309 1901 1533 1942 licentiati
1558 1901 1783 1942 Martinez

160 1972 444 2012 Caxacensis
466 1972 500 2022 ²,
531 1979 669 2023 atque
695 1973 771 2012 hic
798 1972 937 2012 etiam
968 1971 1230 2011 Vallisoleti
1252 1983 1486 2012 canonum
1511 1972 1784 2012 cathedram

158 2042 441 2083 moderatur.
473 2043 671 2083 Ultimas
701 2049 825 2082 tenet
859 2049 1017 2093 partes
1045 2042 1278 2094 parochus
1305 2043 1530 2082 ecelesiae
1560 2043 1723 2083 Gelate
1752 2043 1781 2093 ⁵,

159 2114 379 2154 sacerdos
396 2125 488 2152 non
502 2113 757 2164 imperitus.
776 2113 836 2153 Hi
853 2119 958 2153 sunt
975 2113 1055 2164 qui
1071 2113 1208 2153 modo
1225 2119 1516 2164 exercentur,
1532 2125 1617 2153 nec
1630 2120 1785 2154 tamen

161 2184 300 2235 (quod
321 2182 583 2235 conjectare
605 2184 725 2233 licet)
738 2184 836 2224 sine
858 2195 1030 2234 magna
1043 2184 1253 2234 utilitate,
1272 2184 1549 2235 praesertim
1564 2185 1783 2234 doctoris,

161 2255 239 2306 qui
260 2266 308 2294 se
330 2255 631 2294 libentissime
654 2253 837 2295 videtur
858 2256 976 2294 velle
998 2254 1085 2294 Dei
1105 2255 1333 2294 voluntati
1352 2255 1551 2295 tradere.
1586 2255 1785 2306 Quidam

161 2331 405 2377 praeterea
425 2325 642 2365 doctores
664 2338 722 2365 ex
742 2325 1027 2365 nostratibus
1049 2325 1172 2365 idem
1190 2325 1398 2366 facturos
1419 2337 1469 2365 se
1495 2326 1782 2377 praedicant.

162 2396 371 2436 Felicitet
393 2396 520 2436 Deus
543 2397 749 2447 ipsorum
771 2396 1020 2447 cogitatus.

239 2467 429 2507 Interim
449 2473 610 2507 nostra
632 2467 925 2517 egrediemur
945 2467 1104 2507 limina
1121 2473 1165 2507 et
1182 2479 1356 2507 novum
1372 2467 1660 2508 Conchensis
1678 2469 1786 2509 civi-

164 2539 274 2578 tatis
295 2549 407 2589 erga
429 2549 514 2577 nos
537 2538 753 2578 affectum
776 2545 1068 2590 mentemque
1095 2538 1422 2578 reserabimus.
1452 2538 1599 2579 Nosse
1625 2545 1668 2580 te
1691 2539 1787 2590 jam

164 2609 333 2649 litteris
351 2609 552 2649 arbitror
569 2608 850 2659 Magistrum
884 2608 1101 2649 Stradam
1134 2608 1287 2659 Aprili
1319 2620 1478 2649 mense
1507 2610 1614 2650 hinc
1641 2610 1788 2662 profe-

221 2744 231 2764 ¹
271 2743 400 2771 Doctor
415 2744 696 2772 Bartholomaeus
709 2744 850 2778 Torres,
867 2745 921 2779 qui
937 2749 1055 2778 postea
1072 2743 1289 2771 Canariensis
1304 2742 1492 2778 Episcopus
1506 2745 1578 2772 suit.

224 2791 236 2809 ἓ
274 2790 359 2818 Erat
375 2792 437 2818 hoc
453 2795 602 2826 tempore
620 2791 788 2825 Compluti
803 2791 1017 2818 Licentiatus
1032 2790 1181 2818 Didacus
1204 2790 1385 2823 Martinez,
1402 2791 1455 2824 qui
1477 2793 1619 2819 multum
1630 2793 1701 2826 jam
1717 2794 1790 2821 inde

167 2838 208 2864 ab
224 2837 318 2865 initio
334 2838 497 2866 Societati
514 2839 661 2871 fave1·at;
679 2839 735 2865 sed
750 2846 793 2866 an
808 2839 861 2865 hie
877 2839 931 2866 ille
958 2838 1011 2871 sit,
1036 2843 1069 2865 et
1085 2845 1144 2864 cur
1166 2837 1373 2864 Caxaeensis
1396 2842 1454 2864 aut
1480 2838 1566 2866 sorte
1591 2839 1792 2868 Caracensis

175 2886 375 2918 appelletur,
393 2885 568 2913 nescimus.

220 2931 233 2949 ⁵
271 2931 323 2959 Ita
345 2937 496 2960 nostrum
519 2933 765 2967 apographum;
784 2937 818 2960 at
840 2940 913 2959 cum
928 2933 1054 2959 nullum
1068 2932 1111 2958 sit
1127 2931 1158 2958 in
1175 2935 1246 2958 tota
1262 2931 1426 2965 Hispania
1441 2933 1613 2967 oppidum,
1630 2935 1715 2967 quod
1732 2935 1793 2962 hoc

169 2979 300 3005 nomine
321 2981 523 3014 appelletur,
539 2980 696 3007 mendose
713 2980 766 3007 hic
781 2980 926 3013 positum
942 2979 1151 3006 arbitramur
1166 2985 1225 3012 pro
1244 2978 1377 3012 Getafe.

364 3038 461 3074 ΤΛ.
1548 3047 1584 3081 ¹5
