1987 3260
852 195 933 230 AN.
966 193 1051 230 1551
1695 196 1763 234 381

141 288 334 339 Doctor‚
346 289 492 328 divini
509 290 682 329 amoris
699 290 805 340 igne
819 290 1039 340 flagranS,
1053 290 1327 330 morientem
1345 291 1496 341 coepit
1509 291 1760 342 cohortari,

140 370 327 399 monere
350 359 564 410 subinde,
590 359 841 400 vociferari
862 360 921 400 ad
942 372 1124 410 aurem,
1153 360 1436 400 christianae
1463 361 1567 400 fidei
1596 363 1762 402 articu-

142 431 211 470 los
233 432 326 470 alta
348 442 464 470 voce
486 431 714 481 proferre,
750 443 880 471 arma
902 434 1099 470 mortem
1121 431 1361 482 oppetenlz'
1378 431 1604 471 adversus
1626 432 1763 483 ignca

139 501 310 540 diaboli
333 502 423 540 tela
444 502 688 552 praebere,
718 514 842 542 nune
868 502 923 542 de
951 502 1076 541 vitae
1103 502 1366 552 privatione
1389 508 1635 551 aegrotum
1656 515 1760 543 con-

139 571 300 621 solari,
333 583 454 611 nunc
483 572 841 613 circumstantes
872 573 992 612 illius
1019 572 1244 623 temporis
1277 579 1408 612 tanto
1438 573 1643 623 periculo
1673 580 1759 613 ter-

136 653 253 691 rere,
291 648 510 693 tantoque
545 643 642 694 ipse
677 643 844 683 ardore
879 643 1051 693 corripi
1085 648 1134 682 ut
1165 654 1249 693 per
1283 643 1484 694 quinque
1516 644 1763 684 continuas

135 711 289 761 horas,
309 725 400 753 non
413 713 511 753 sine
528 714 732 754 maxima
749 714 1063 765 praesentium
1081 713 1404 758 admiratione.
1416 714 1479 753 ita
1494 714 1762 754 vociferans

135 785 463 834 permanserit,
498 791 545 824 ut
575 786 730 825 multis
764 791 867 835 post
897 784 1058 824 dicbus
1086 784 1337 824 raucedine
1358 791 1585 834 gravatus
1605 785 1757 836 fuerit;

135 865 225 905 qua
262 866 312 894 re
341 860 622 906 perspecta,
661 855 709 895 ilc
744 855 1006 895 mam'mmn
1042 866 1202 894 omnes
1241 858 1354 894 sunt
1389 855 1521 906 rapti
1555 856 1760 895 admira-

133 925 321 965 te'onem.

212 996 369 1036 Multis
390 998 537 1047 signis
559 998 693 1038 facile
716 998 1006 1048 dignoscitur
1028 997 1214 1037 Patrem
1235 996 1488 1036 Doctorem
1506 1008 1760 1048 omnesque

133 1068 273 1107 etiam
304 1068 474 1108 fratres
503 1069 559 1108 ab
591 1068 764 1109 eisdem
791 1069 1022 1109 nobilibus
1049 1069 1254 1108 maximo
1276 1068 1406 1118 diligi
1428 1079 1600 1108 amore.
1625 1068 1758 1119 Quod

132 1138 251 1178 inter
273 1139 375 1178 illos
396 1139 569 1189 passim
588 1139 831 1190 jactitatur
854 1140 944 1179 hoc
965 1145 1054 1179 est:
1078 1140 1230 1179 nullos
1252 1138 1432 1178 civitati
1461 1139 1564 1189 plus
1592 1139 1758 1179 afferre

131 1209 363 1248 commodi
383 1210 686 1260 utilitatisque
708 1222 849 1261 quam
868 1222 968 1260 nOS,
994 1221 1098 1250 cum
1119 1221 1292 1260 graves
1314 1209 1426 1249 nulli
1448 1209 1605 1249 simus.

208 1279 495 1319 Manentium
517 1280 682 1320 deinde
704 1281 751 1320 in
773 1292 961 1320 carcere
982 1286 1178 1331 peccata
1200 1279 1426 1329 audimus,
1448 1291 1608 1319 eorum
1626 1292 1756 1331 prae-

129 1350 309 1400 sertim,
335 1351 412 1402 qui
447 1352 585 1391 morti
612 1351 708 1402 jam
736 1351 1188 1396 sunt-condemnati;
1214 1350 1333 1402 quod
1356 1351 1403 1390 in
1423 1354 1607 1390 tantam
1629 1352 1757 1391 venit

130 1422 527 1473 consuetudinem,
565 1428 613 1462 ut
644 1423 1026 1473 quotiescumque
1062 1422 1163 1472 quis
1198 1422 1254 1461 ob
1290 1422 1540 1462 commissa
1575 1423 1752 1462 scelera

127 1492 488 1543 extinguendus
509 1495 581 1544 sit,
600 1506 685 1533 nos
707 1494 866 1534 statim
882 1504 1105 1533 vocemur
1127 1493 1188 1532 ad
1209 1499 1403 1544 peccata
1427 1493 1757 1533 condemnato-

127 1574 229 1603 rum
251 1564 480 1605 audienda
502 1577 674 1617 eosque
695 1564 753 1605 ad
774 1566 927 1605 locum
955 1576 1102 1615 usque
1127 1564 1356 1615 supplicio
1378 1564 1660 1604 destinatum
1683 1576 1753 1604 co-

128 1634 382 1686 mitandos,
415 1636 629 1676 maxima
659 1640 759 1676 tum
789 1636 1041 1675 verborum
1073 1639 1174 1675 tum
1201 1634 1472 1674 orationum
1499 1635 1756 1686 affluentia

128 1705 257 1745 vires
284 1708 660 1747 corroborantes.

205 1777 255 1817 In
272 1776 471 1829 judiciis,
496 1786 592 1818 tum
612 1779 947 1829 saecularibus,
967 1785 1065 1818 tum
1085 1778 1431 1827 ecclesiasticis,
1450 1778 1654 1817 maxima
1671 1777 1754 1816 Pa-

127 1849 210 1888 tris
232 1848 451 1889 Doctoris
478 1850 768 1901 fratrumque
796 1850 993 1890 habetur
1019 1850 1154 1889 ratio.
1185 1849 1300 1889 Cum
1323 1849 1379 1889 de
1412 1848 1671 1888 interdictis
1698 1849 1753 1888 si—

125 1919 400 1971 milibusque
427 1921 565 1960 rebus
593 1921 713 1960 inter
740 1933 842 1961 sese
878 1921 1122 1967 dissident,
1155 1920 1342 1960 Patrem
1370 1919 1624 1959 Doctorem
1656 1918 1754 1970 ejus

124 1990 190 2029 rei
213 1991 750 2042 sumuntjudl'catorem,
771 1992 960 2043 ejusque
982 1991 1227 2031 consilium
1249 1991 1394 2042 sequi,
1419 2002 1473 2029 ac
1496 1990 1555 2029 ad
1575 1990 1649 2030 X.i
1676 1990 1750 2029 ho—

123 2073 286 2101 norem
307 2063 566 2113 spectantia
589 2069 845 2114 praestare,
870 2074 962 2102 non
984 2073 1150 2113 parum
1171 2062 1476 2101 delectantur.

204 2132 381 2172 Patres
403 2133 626 2173 nonnulli
643 2134 890 2184 diligenter
913 2139 1136 2173 curarunt
1163 2132 1397 2182 conjuges
1419 2132 1599 2182 aliquas
1620 2135 1662 2170 et
1685 2142 1748 2170 re-

123 2202 356 2253 pudiatas,
380 2205 494 2244 'viris
515 2205 719 2244 maxima
742 2216 847 2244 cum
869 2203 1121 2243 concordia
1142 2214 1350 2254 paceque
1371 2202 1629 2241 restituere.

201 2274 244 2315 A
261 2274 479 2315 Metimna
500 2276 672 2315 acriter
688 2276 919 2315 instarunt
935 2283 984 2315 ut
1000 2274 1138 2314 Pater
1150 2274 1375 2324 Baptista,
1389 2273 1607 2312 nundinis
1619 2284 1749 2323 prae·

121 2345 282 2396 teritis,
308 2358 362 2385 eo
384 2346 757 2397 proficisceretur
774 2346 1154 2385 concionaturus.
1173 2345 1274 2384 Hoc
1292 2344 1458 2395 majori
1480 2355 1594 2383 cura
1614 2355 1748 2383 cona-

121 2423 261 2468 tuque
283 2428 421 2468 quam
451 2428 611 2456 omnes
639 2417 863 2468 expetivit
890 2415 1148 2456 Rodericus
1176 2416 1232 2455 de
1261 2415 1473 2465 Duenas,
1505 2414 1583 2466 qui
1610 2414 1750 2454 etiam

120 2499 204 2539 pro
234 2488 359 2527 virili
387 2494 584 2528 conatus
613 2494 682 2527 est
715 2493 765 2527 ut
800 2487 860 2527 ibi
887 2486 1134 2527 Societatis
1169 2487 1339 2525 domus
1366 2485 1597 2535 erigatur:
1627 2484 1749 2535 quod

120 2570 225 2599 cum
247 2558 383 2599 Patre
408 2558 688 2598 provinciali
709 2558 829 2609 egit,
854 2570 902 2598 se
925 2558 1075 2609 ipsum
1104 2557 1260 2597 domui
1287 2556 1555 2596 necessaria
1586 2566 1747 2606 suppe-

120 2630 373 2670 ditaturum
394 2630 683 2680 promittens.
714 2629 851 2669 Pater
874 2628 1184 2668 Provincialis
1206 2639 1298 2667 una
1320 2639 1426 2667 cum
1447 2626 1585 2665 Patre
1606 2625 1748 2665 Fran-

120 2700 244 2740 cisco
275 2700 330 2740 de
358 2698 517 2751 Boi-ja,
542 2699 639 2751 ejus
669 2700 757 2740 hac
787 2699 842 2740 de
874 2711 922 2739 re
951 2705 1082 2739 tanta
1110 2710 1223 2738 cura
1252 2704 1296 2737 et
1323 2698 1420 2737 zelo
1448 2696 1622 2747 optimo
1650 2708 1750 2747 per-

120 2777 302 2822 specto,
340 2777 564 2822 tantaque
592 2771 790 2810 utilitate
820 2782 939 2822 quae
971 2770 1032 2809 ibi
1067 2781 1125 2809 ex
1152 2768 1385 2809 Societate
1417 2778 1637 2807 emanare
1671 2778 1745 2817 po-

119 2842 240 2891 terit,
259 2853 400 2892 quum
417 2841 619 2893 undique
635 2841 949 2892 xpz'cmormn,
966 2839 1278 2880 nundinarum
1296 2850 1454 2887 causa,
1475 2849 1530 2877 eo
1548 2838 1680 2877 multi
1699 2849 1748 2876 se

121 2912 376 2962 conferant,
402 2912 447 2951 id
468 2912 603 2951 facile
626 2912 873 2962 concessit;
894 2910 1082 2961 jamque
1103 2910 1291 2950 domum
1321 2909 1366 2948 in
1397 2908 1586 2948 civitate
1616 2919 1745 2959 prae—

120 2982 303 3034 cipuam
325 2982 462 3022 habet
492 2988 707 3032 paratam
740 2983 1037 3032 maximaque
1073 2993 1177 3021 cum
1206 2979 1446 3030 diligentia
1478 2979 1741 3019 necessaria
