1987 3260
231 171 299 210 182
738 170 962 207 L1TTERAE
989 181 1070 213 QUA
1081 181 1343 208 DRIMESTRES

229 267 275 307 in
296 267 546 317 rhetorica,
576 267 788 318 sequenti
814 278 927 306 vero
948 266 1021 306 die
1041 278 1132 306 una
1153 266 1199 306 in
1224 267 1532 318 philosophia,
1564 279 1682 318 quae
1711 268 1853 306 omni«

227 337 313 377 bus
335 338 580 388 placebant
600 338 863 389 plurimum,
890 337 1091 376 maxime
1112 337 1189 376 illa
1210 337 1481 388 rhetorices,
1504 338 1561 377 ob
1583 349 1729 388 suam,
1754 344 1851 377 tum

229 414 540 459 venustatem,
561 415 657 448 tum
677 408 951 457 ubertatem,
969 413 1066 447 tum
1088 408 1228 447 etiam
1243 408 1351 459 quia
1366 408 1444 448 illa
1465 408 1712 458 tractabat,
1735 419 1853 459 quae

229 490 391 518 omnes
411 479 729 528 intelligebant
754 477 779 527 ¹,
803 477 868 517 ita
889 484 938 517 ut
959 478 1363 518 transcribendam
1383 479 1568 529 plurimi
1588 490 1691 518 eam
1713 478 1852 530 petie—

227 550 334 589 rint.
367 549 453 589 Die
474 561 587 588 vero
610 548 906 599 subsequenti
927 554 1116 599 apertae
1138 554 1241 588 sunt
1263 548 1472 599 scholae,
1496 548 1555 588 ad
1582 560 1698 600 quas
1721 549 1854 589 scho-

227 620 379 659 lastici
396 620 651 668 venientes,
671 619 926 658 secundum
941 618 1210 658 facultatem
1224 625 1267 658 et
1280 618 1615 669 sufficientiam,
1630 620 1676 659 in
1689 620 1856 660 debitis

230 690 402 729 scholis
423 697 529 729 sunt
552 690 764 729 ordinati.

309 760 462 811 Atque
493 766 559 800 tot
587 760 845 810 scholares,
879 760 957 811 qui
989 761 1035 800 in
1064 760 1161 800 dies
1191 760 1569 811 multiplicantur,
1597 759 1691 810 jam
1717 772 1855 800 vene-

232 838 354 879 runt,
376 838 423 871 ut
440 832 589 882 prima
606 831 784 881 classis,
808 842 925 882 quae
947 831 1160 881 Magistri
1178 830 1301 871 Petri
1322 831 1578 871 Brixiensis
1593 838 1677 879 est,
1700 842 1858 871 nume-⁷

229 913 333 942 rum
351 902 545 941 excedat
567 907 753 941 centum
773 907 817 941 et
838 901 1097 952 sexaginta.
1123 901 1292 952 Quare,
1316 908 1365 941 ut
1386 913 1468 941 suo
1489 902 1652 941 melius
1674 901 1855 941 satisfa-

232 979 358 1012 ceret
389 972 553 1022 officio,
590 983 779 1012 necesse
811 972 893 1012 fuit
921 978 969 1011 ut
997 972 1087 1012 duo
1120 972 1183 1011 illi
1215 972 1435 1012 darentur
1467 971 1774 1022 coadjutores.
1806 972 1857 1012 In

233 1043 438 1083 secunda
465 1049 618 1082 autem
650 1043 968 1094 septuaginta:
997 1042 1043 1082 in
1074 1043 1211 1082 tertia
1238 1049 1282 1082 et
1308 1049 1493 1093 quarta,
1527 1043 1690 1093 viginti
1719 1048 1761 1082 et
1790 1043 1855 1082 vi-

231 1114 349 1164 ginti
387 1113 601 1164 quinque.
644 1113 692 1152 In
732 1113 881 1153 classe
921 1119 1075 1153 autem
1112 1113 1391 1163 rhetoriceS,
1433 1114 1540 1165 quia
1589 1113 1855 1153 scholastici

231 1196 430 1236 capaces
451 1191 494 1224 et
516 1185 561 1223 in
583 1184 878 1224 inferioribus
895 1184 1151 1235 disciplinis
1172 1184 1346 1224 versati
1366 1196 1459 1224 non
1481 1185 1854 1234 inveniebantur,

235 1262 339 1295 sunt
360 1256 620 1306 pauciores.
645 1254 735 1295 Sed
756 1266 998 1305 speramus
1027 1266 1269 1294 numerum
1301 1267 1382 1306 per
1410 1255 1680 1294 inferiorum
1707 1254 1855 1306 profe-

233 1332 358 1366 ctum
380 1325 796 1376 multiplicandum.
820 1325 912 1365 Res
941 1325 1151 1377 profecto
1174 1325 1435 1376 hujusmodi
1459 1332 1528 1366 est
1549 1332 1597 1366 ut
1618 1326 1741 1365 laudi
1769 1325 1855 1365 Dei
1882 1366 1884 1368 ,

233 1397 423 1437 uberem
449 1397 693 1436 materiam
721 1397 963 1447 praebeat,
988 1397 1113 1436 illum
1136 1397 1474 1437 considerando
1494 1397 1697 1436 fructum
1720 1408 1857 1448 quem

237 1469 390 1519 pueri,
414 1474 511 1507 tum
532 1468 577 1507 in
605 1468 790 1512 litteris,
821 1474 917 1507 tum
946 1467 991 1506 in
1020 1468 1204 1518 spiritu,
1235 1468 1322 1506 hoc
1358 1468 1486 1507 brevi
1513 1473 1718 1518 tempore
1748 1473 1854 1506 sunt

235 1539 450 1578 assecuti.

313 1609 432 1649 Nam
453 1616 676 1660 quantum
699 1609 755 1648 ad
785 1609 962 1648 litteras
984 1616 1186 1659 spectat,
1211 1609 1298 1648 hoc
1320 1608 1565 1659 diligenter
1584 1621 1608 1648 a
1631 1608 1857 1659 principio

236 1686 306 1720 est
328 1686 540 1720 curatum
562 1686 605 1720 et
627 1681 845 1720 continuo
868 1686 1072 1731 curatur,
1096 1688 1144 1719 ut
1166 1679 1312 1720 solida
1331 1678 1506 1730 jaciant
1527 1679 1859 1730 grammatices

236 1751 551 1801 fundamenta,
583 1762 700 1801 quae
723 1751 768 1789 in
789 1750 901 1802 ipsis
932 1751 1139 1798 omnino,
1171 1762 1274 1790 cum
1303 1751 1513 1800 regulam
1539 1751 1712 1789 nullam
1738 1755 1858 1789 tene-

236 1829 354 1872 rent,
369 1821 766 1861 desiderabantur.
786 1821 940 1871 Quare
954 1821 1093 1860 etiam
1107 1820 1255 1872 major
1269 1833 1326 1860 ex
1344 1821 1432 1860 isto
1449 1827 1655 1871 tempore
1672 1820 1856 1870 exiguo,

237 1904 326 1944 quo
349 1892 471 1943 apud
492 1903 577 1931 nos
599 1892 895 1939 studuerunt,
919 1892 963 1930 in
987 1891 1076 1930 illis
1097 1891 1381 1942 conspicitur
1408 1891 1606 1941 fructus,
1637 1903 1775 1942 quam
1802 1902 1861 1930 ex

235 1963 382 2002 tribus
403 1968 662 2013 quatuorve
686 1963 842 2009 annis,
867 1962 1033 2013 quibus
1056 1963 1138 2001 sub
1162 1963 1263 2002 aliis
1294 1962 1533 2012 magistris
1562 1973 1751 2013 operam
1782 1973 1857 2001 na-

238 2039 422 2073 varunt.
451 2032 583 2084 Quod
610 2033 750 2072 etiam
780 2032 961 2084 ipsimet
991 2033 1282 2073 confitentur.
1314 2033 1369 2072 Et
1397 2033 1484 2072 hoc
1513 2033 1698 2083 quidem
1724 2032 1772 2072 fit
1803 2033 1860 2071 ob

236 2105 408 2144 bonum
429 2116 565 2155 quem
586 2110 742 2143 tenent
762 2103 975 2154 magistri
997 2104 1206 2143 ordinem
1236 2115 1547 2154 magnamque
1569 2115 1707 2154 quam
1735 2103 1858 2142 exhl-

233 2176 343 2215 bent
364 2175 672 2225 diligentiam,
697 2174 897 2214 Domino
919 2174 1040 2223 Deo,
1064 2160 1185 2225 quod
1214 2174 1516 2225 praecipuum
1548 2180 1636 2223 est,
1670 2173 1861 2213 mirifice

236 2246 412 2297 coeptis
452 2257 613 2285 eorum
647 2245 935 2296 adspirante,
972 2251 1129 2295 utpote
1160 2244 1289 2296 cujus
1319 2245 1420 2284 laus
1450 2250 1493 2284 et
1527 2245 1678 2295 gloria
1713 2244 1861 2284 solum

235 2316 489 2367 quaeritur.

318 2386 450 2437 Quod
477 2386 534 2425 ad
562 2397 714 2425 mores
744 2386 926 2433 attinet,
957 2397 1030 2425 res
1062 2392 1130 2425 est
1162 2386 1375 2425 miranda
1405 2385 1654 2436 magistros
1682 2392 1725 2424 et
1756 2396 1859 2424 con—

237 2457 441 2496 sessores
462 2457 601 2495 talem
623 2462 808 2506 tamque
830 2456 1029 2495 subitam
1048 2456 1093 2495 in
1124 2456 1194 2495 his
1226 2456 1383 2507 pueris
1413 2456 1622 2495 invenire
1650 2455 1859 2495 mutatio-

236 2539 358 2577 nem,
392 2533 438 2566 ut
472 2526 657 2566 omnino
693 2531 887 2577 peccata
920 2525 1033 2576 ipsis
1077 2525 1304 2565 decidisse
1340 2526 1587 2565 videantur
1627 2537 1733 2565 cum
1771 2525 1861 2564 huc

236 2598 387 2649 primo
407 2596 620 2636 venerint
642 2596 703 2635 ita
735 2601 799 2645 ut,
824 2595 1098 2646 interrogati
1119 2607 1229 2635 num
1250 2596 1295 2635 in
1318 2596 1408 2635 hoc
1430 2602 1507 2636 aut
1534 2596 1582 2635 in
1611 2595 1721 2635 illud
1751 2595 1860 2635 inci-

237 2669 434 2717 dissent,
471 2667 751 2717 respondent
787 2665 1048 2717 hujusmodi
1077 2666 1259 2717 quidem
1288 2677 1338 2706 se
1365 2666 1524 2706 solitos
1556 2666 1859 2718 committere,

237 2739 318 2779 sed
340 2749 398 2777 ex
420 2749 509 2788 quo
531 2738 672 2776 hasce
694 2737 878 2776 scholas
898 2736 1206 2786 frequentant,
1231 2748 1524 2787 nequaquam
1545 2737 1744 2787 amplius
1760 2747 1860 2786 per—

237 2816 461 2860 petrasse.
504 2807 676 2848 Omnes
716 2807 911 2857 singulis
944 2806 1180 2846 mensibus
1218 2807 1508 2857 confitentur,
1545 2808 1687 2858 aliqui
1722 2807 1859 2846 etiam

293 2921 301 2939 ¹
342 2919 435 2946 Hanc
463 2907 650 2946 orationem
674 2920 865 2952 elegantem
889 2922 921 2944 et
945 2919 1076 2952 plenam
1102 2917 1236 2944 Siciliae
1260 2918 1415 2946 laudibus
1430 2922 1530 2952 atque
1556 2920 1660 2952 ipsius
1676 2918 1860 2952 Pro-regis.

240 2966 321 2993 dicit
338 2966 514 2995 Polaticus,
532 2966 663 2996 Chron„
678 2971 700 2992 t.
718 2973 737 2993 1.
757 2973 832 2999 pag.
846 2966 908 2999 387,
921 2973 1007 2992 num.
1020 2966 1081 2991 386.
