1987 3260
259 158 335 196 '5280
770 161 994 198 LlTTERAE
1020 172 1375 204 QUADRIMESTREs

938 610 1189 663 LXXIX

296 837 456 874 Petrus
476 836 678 874 Canisius

367 901 487 938 Patri
505 901 673 948 Ignatio
692 901 746 938 de
765 901 948 948 Loyola.

412 966 692 1013 Ingolstadio,
712 967 758 1003 30
778 967 964 1014 Aprilis,
989 968 1075 1005 1551
1098 969 1121 1002 ¹.
1163 997 1167 1000 ,

1012 1137 1109 1214 113‘15

246 1278 297 1307 De
313 1281 412 1307 rebus
427 1280 571 1306 fratrum
584 1278 780 1313 societatis,
796 1278 851 1314 qui
867 1280 954 1314 apud
970 1280 1160 1307 Germanos
1175 1280 1310 1314 degunt,
1324 1281 1366 1307 ab
1381 1280 1475 1308 initio
1491 1281 1570 1308 anni
1582 1281 1658 1313 1551,
1671 1282 1873 1315 praesertim

688 1327 900 1361 Ingolstadii,
917 1335 1020 1361 usque
1043 1327 1086 1354 ad
1108 1334 1255 1354 mensem
1277 1327 1401 1354 Maium
1416 1328 1439 1354 ἓ.

324 1458 488 1498 Gratia
510 1463 554 1497 et
575 1469 689 1509 pax,
713 1464 801 1498 etc.
826 1455 852 1496 ³.

322 1528 604 1568 Redditurus
626 1529 857 1569 rationem
877 1529 1170 1580 superiorum
1201 1529 1337 1568 huius
1367 1529 1477 1568 anni
1506 1529 1754 1580 mensium,
1784 1529 1873 1570 hoc

242 1599 300 1639 de
322 1599 498 1650 meipso
519 1599 726 1650 praefari
747 1600 911 1650 habeo,
935 1598 1035 1639 R.de
1057 1599 1196 1639 Pater
1218 1599 1265 1639 in
1286 1599 1470 1639 Christo
1498 1598 1767 1651 Praeposite
1794 1612 1872 1640 no·

242 1675 355 1721 ster,
378 1670 531 1709 vereri
548 1682 620 1710 me
642 1670 838 1721 scilicet,
863 1681 917 1709 ac
938 1670 1173 1710 solicitum
1195 1681 1296 1709 esse
1318 1681 1497 1709 summo
1515 1670 1614 1710 iure
1631 1682 1771 1721 quam
1786 1681 1873 1722 ego

243 1741 473 1780 rationem
494 1741 642 1780 omnis
664 1740 789 1780 vitae
819 1752 951 1780 meae
981 1741 1068 1780 sim
1097 1752 1257 1780 coram
1285 1740 1435 1780 iudice
1462 1740 1562 1780 Deo
1588 1741 1870 1792 redditurus,

244 1813 321 1863 qui
356 1823 479 1851 nunc
507 1811 563 1851 de
590 1812 750 1862 paucis
780 1811 921 1851 etiam
954 1811 1210 1862 mensibus,
1241 1811 1331 1851 nisi
1360 1811 1480 1851 male
1511 1812 1770 1863 collocatis,
1807 1824 1873 1853 re-

241 1882 472 1934 spondere
498 1893 593 1921 non
620 1893 823 1933 possum.
857 1881 1071 1922 Praestat
1098 1882 1240 1932 igitur
1266 1882 1321 1922 de
1348 1881 1449 1921 R.d0
1477 1881 1550 1923 P.e
1580 1889 1624 1922 et
1651 1883 1873 1928 Doctore‚

242 1954 300 1994 D.
325 1953 518 1994 Claudio
539 1954 665 2005 Jaio,
689 1959 733 1992 et
754 1953 810 1993 D.
837 1953 1029 1993 Nicolao
1058 1952 1286 1993 Goudano
1315 1953 1469 1994 dicere
1495 1955 1717 2006 primum,
1748 1954 1872 2006 quod

240 2036 324 2076 per
358 2024 460 2064 illos
495 2023 654 2064 divina
694 2024 877 2064 bonitas
919 2023 1107 2075 efficiat,
1144 2036 1263 2075 quae
1296 2030 1516 2076 peccator
1556 2036 1643 2076 ego
1678 2024 1871 2076 Deoque

243 2096 459 2145 ingratus
480 2100 524 2134 et
545 2095 720 2134 inutilis
740 2095 877 2146 plane
898 2095 1022 2134 haud
1046 2106 1320 2146 consequor.

323 2165 505 2205 Vellem
525 2165 711 2205 interim
736 2166 889 2216 magis
919 2165 1031 2205 mihi
1058 2176 1159 2205 esse
1188 2172 1448 2217 comperta,
1478 2177 1596 2217 quae
1622 2166 1873 2217 praecipue

243 2236 297 2276 R.
322 2236 371 2276 Ρ.
397 2236 619 2276 Claudius
642 2237 730 2276 hoc
759 2248 880 2276 anno
907 2237 1074 2287 gessit,
1104 2238 1349 2288 praeclara
1376 2248 1508 2288 sane,
1539 2243 1584 2277 et
1612 2237 1672 2277 ad
1699 2236 1873 2278 Christi

240 2307 442 2358 gloriam
463 2307 788 2347 illustrandam
809 2307 985 2358 scriptu
1006 2307 1160 2358 digna,
1185 2307 1224 2347 si
1244 2308 1346 2358 quis
1367 2319 1422 2347 ea
1444 2319 1603 2348 coram
1631 2308 1867 2360 adspexis-

297 2489 307 2508 1
348 2487 421 2515 Duo
437 2488 645 2522 exemplaria
659 2489 780 2516 harum
795 2488 989 2516 litterarum
1003 2489 1177 2517 habemus:
1193 2497 1293 2516 unum
1305 2496 1325 2516 a
1338 2489 1373 2517 P.
1390 2489 1565 2517 Bernardo
1585 2489 1733 2516 Oliverio
1751 2497 1871 2517 exara-

243 2540 316 2562 tum
330 2535 363 2562 in
378 2535 466 2562 foliis
482 2536 514 2561 10
529 2539 561 2562 et
578 2536 607 2562 11
626 2535 758 2562 Codicis
774 2536 851 2569 15513
873 2536 1029 2569 alterum,
1047 2536 1154 2563 Roma
1172 2536 1215 2563 ad
1231 2536 1400 2570 Hispanos
1415 2537 1524 2564 socios
1538 2537 1686 2569 missum,
1702 2536 1734 2563 in
1751 2536 1867 2564 Histo—

244 2583 299 2608 ria
323 2583 438 2613 varia,
461 2583 528 2609 vol.
554 2589 574 2616 1,
598 2582 653 2609 fol.
676 2582 728 2609 208
750 2586 782 2609 et
807 2583 1157 2617 209.—Aut0graphae
1173 2583 1299 2610 Canisii
1323 2583 1459 2610 litterae
1482 2587 1558 2610 sunt
1579 2584 1611 2611 in
1632 2583 1710 2610 folio
1727 2583 1862 2618 duplici,

244 2637 297 2656 nn.
312 2629 364 2656 379
379 2633 411 2656 et
426 2629 488 2663 380,
505 2630 599 2664 quus
614 2634 684 2656 tres
700 2633 832 2657 tantum
848 2630 977 2664 priores
991 2630 1135 2664 paginas
1150 2630 1307 2664 implent;
1330 2631 1362 2657 in
1377 2634 1501 2664 quarta
1521 2638 1586 2657 non
1607 2633 1658 2657 est
1680 2630 1742 2658 nisi
1757 2638 1873 2665 super-

243 2676 384 2710 scriptio
400 2680 433 2703 et
449 2676 517 2703 alia
531 2683 651 2710 pauca,
668 2684 754 2711 quae
770 2677 859 2704 infra
873 2680 947 2711 post
959 2677 1280 2712 superscriptionem
1295 2678 1577 2705 transcribentur.

297 2725 310 2743 ‘—’
348 2723 606 2758 Inscriptionetn
629 2725 726 2753 hane.
748 2732 848 2760 quam
872 2723 1027 2751 Canisius
1051 2732 1131 2751 suae
1156 2725 1365 2752 narrationis
1387 2726 1481 2752 initio
1506 2726 1680 2759 imposuit,
1703 2726 1792 2753 linea
1808 2725 1871 2752 cir-

244 2771 424 2799 cumducta
439 2772 604 2798 conclusit
620 2771 786 2799 Polancus
801 2780 841 2799 ne
857 2772 889 2798 in
904 2772 1129 2806 transumptis
1149 2773 1367 2799 scriberetur.
1383 2773 1421 2800 In
1436 2781 1476 2800 ea
1490 2774 1596 2800 verba
1618 2773 1677 2801 illa
1688 2795 1693 2806 ,
1704 2777 1870 2807 praeser-

244 2819 310 2845 tim
326 2818 550 2852 Ingolstadiz',
564 2819 651 2846 linea
667 2819 812 2846 obducta
837 2819 1022 2846 obliterata
1043 2823 1120 2846 sunt
1136 2824 1168 2846 et
1184 2820 1327 2854 quidem,
1343 2824 1378 2847 ut
1392 2820 1539 2854 videtur,
1565 2821 1607 2848 ab
1630 2821 1701 2855 ipso
1724 2820 1870 2848 Canisio.

298 2866 311 2883 ·“·
350 2865 466 2892 Verba
489 2866 572 2892 haec
598 2874 662 2893 non
686 2870 763 2893 sunt
788 2865 925 2900 Canisii‚
950 2866 1008 2893 sed
1032 2866 1182 2901 Polanci,
1207 2868 1262 2901 qui
1285 2875 1325 2895 ea
1348 2871 1380 2894 et
1395 2867 1529 2901 quidem
1549 2875 1648 2894 manu
1663 2868 1802 2902 propria
1816 2868 1870 2895 hic

242 2912 387 2939 inscruit
402 2917 437 2939 ut
453 2913 671 2940 Canisianam
686 2913 919 2940 narrationem
931 2914 972 2940 ad
988 2913 1151 2947 epistolae
1168 2915 1346 2948 vulgarem
1358 2914 1501 2941 formam
1516 2915 1704 2949 reduceret,
1720 2915 1833 2949 sicque
1849 2922 1871 2942 a

243 2959 395 2986 librariis
411 2960 708 2987 transcriberetur.
