1987 3260
881 150 964 188 Ax.
995 150 1081 187 1551
1727 150 1797 188 205

170 251 426 302 capitulum
447 253 808 299 congregentur,
839 258 1000 287 omnes
1028 251 1244 286 oraturos
1271 245 1433 285 Patres
1454 251 1504 284 ut
1536 245 1798 296 spiritualia

174 320 397 362 exercitia
420 319 692 371 praelibent.

250 390 297 431 Si
314 390 401 430 sim
417 390 655 440 sigillatim
675 389 829 429 omnia
847 395 1123 429 narraturus
1139 399 1257 440 quae
1274 385 1538 438 hujusmodi
1559 385 1801 426 desideriis

173 461 469 502 recensendis
489 460 581 500 dici
598 461 870 511 potuissent,
890 471 1057 500 vereor
1076 470 1149 509 ne,
1170 463 1249 499 aut
1269 457 1380 497 mihi
1402 457 1634 497 scribendi
1655 457 1800 497 infini-

172 540 267 573 tum
298 544 414 583 opus
435 543 552 583 pene
582 538 846 581 contexam,
880 536 958 571 aut
990 530 1072 571 tibi
1105 529 1366 570 molestiam
1396 529 1579 579 pariam
1608 529 1796 578 legenti.

174 602 528 644 Confessionum
546 614 600 642 ac
623 613 787 642 sacrae
808 602 1131 642 Eucharistiae
1153 599 1492 641 communionis
1520 599 1689 638 miram
1709 598 1800 638 hac

167 674 533 725 >quadragesima
566 672 988 724 frequentationem
1015 671 1237 722 vidimus;
1273 681 1382 710 nam
1417 670 1523 709 licet
1551 675 1646 709 tres
1672 668 1802 708 fuere

173 744 417 785 dumtaxat
439 743 720 789 sacerdotes.
743 744 805 783 ita
824 749 958 783 nocte
979 749 1023 783 et
1041 742 1242 783 interdiu
1263 752 1369 782 cum
1389 740 1648 780 studiorum
1663 739 1804 779 etiam

174 815 527 866 occupabantur
556 814 813 864 dispendio,
843 819 892 854 ut
921 813 1066 864 multi,
1091 824 1139 853 re
1167 812 1352 862 infecta,
1377 810 1692 861 discesserint,
1716 821 1801 849 nec

174 886 418 937 pauciores
453 892 556 936 post
585 885 794 925 Paschae
821 885 989 924 festum
1016 883 1359 924 confessionem
1396 881 1675 922 distulerint.
1705 880 1802 920 Nec

173 962 242 996 est
263 956 460 1006 exiguus
482 967 642 995 eorum
658 966 893 1005 numerus,
913 955 991 1006 qui
1008 954 1169 994 diebus
1186 953 1430 994 dominic-is
1447 951 1804 993 saluberrimam

174 1026 418 1078 Synaxeos
440 1037 649 1066 mensam
670 1026 913 1065 nobiscum
934 1024 1251 1076 frequentant,
1274 1035 1393 1075 quae
1412 1035 1489 1064 res
1509 1034 1604 1063 non
1624 1022 1689 1061 ita
1714 1021 1802 1072 pri-

174 1097 279 1137 dem
306 1108 392 1148 pro
427 1097 651 1136 miraculo
685 1096 958 1136 habebatur.
991 1095 1153 1135 Gloria
1188 1095 1252 1135 illi
1279 1095 1434 1145 cedat,
1466 1094 1542 1146 qui
1577 1092 1732 1133 omnia
1758 1092 1803 1131 in

175 1168 310 1208 nobis
331 1173 565 1218 operatur.

253 1238 369 1279 Cum
390 1238 664 1278 Emmanuel
686 1237 849 1277 incolis
871 1237 1160 1289 oppidorum,
1185 1248 1302 1288 quae
1320 1235 1540 1276 Doctoris
1556 1234 1803 1285 Vergarae

179 1320 319 1349 curae
360 1308 615 1360 subjacent,
659 1315 781 1348 esset
821 1320 847 1347 a
887 1308 1209 1357 concionibus,
1253 1307 1450 1347 aliorum
1483 1306 1637 1346 fructu
1664 1305 1804 1345 illecti

176 1378 398 1421 Uelens'es
419 1380 509 1419 viri
526 1379 582 1419 D.
601 1380 777 1432 Jacobo
800 1378 1197 1420 Commendatarii
1210 1378 1415 1418 celebres
1439 1377 1465 1428 ¹,
1487 1378 1647 1417 literas
1667 1376 1802 1427 hujus

164 1451 377 1502 exempli
396 1451 622 1490 miserunt
643 1456 832 1490 senatus
853 1449 866 1468 ²
889 1449 1172 1490 authoritate
1189 1449 1489 1500 subscriptas:

256 1522 516 1573 “Perquam
539 1520 640 1562 R.d0
671 1520 728 1560 D.
754 1520 1020 1561 Villanova.

255 1593 303 1633 P.
327 1593 607 1633 Villanovae
629 1592 913 1644 Capitulum,
938 1592 1255 1643 magistratus,
1280 1597 1323 1631 et
1344 1590 1558 1631 Uclensis
1579 1594 1767 1640 praetor
1788 1587 1801 1605 ’“’

174 1676 398 1704 manuum
415 1665 588 1704 oscula.
609 1663 698 1703 Pro
717 1668 956 1714 comperto
972 1662 1196 1703 habemus
1213 1667 1440 1712 sanctam,
1460 1672 1600 1712 quam
1620 1660 1798 1709 incolis,

176 1735 362 1775 domum
390 1735 558 1786 quique
587 1746 690 1774 eam
718 1734 989 1774 inhabitatis
1016 1733 1200 1784 Patres,
1231 1733 1479 1785 plurimum
1505 1730 1802 1771 emolumenti

176 1806 349 1846 Christi
376 1805 600 1855 fidelibus,
635 1817 719 1845 nec
749 1805 901 1844 minus
927 1805 1050 1855 grati
1072 1804 1280 1855 obsequii
1309 1803 1495 1843 Christo
1522 1802 1631 1854 ipsi,
1668 1813 1801 1853 prae-

175 1883 316 1917 stare.
341 1875 573 1916 Nuncium
589 1887 692 1915 eam
714 1876 760 1915 in
776 1887 876 1915 rem
892 1875 1153 1927 profectum
1169 1874 1250 1914 tibi
1266 1874 1389 1914 hunc
1410 1874 1651 1924 mittimus,
1674 1873 1800 1912 obse·

175 1953 361 1987 crantes
381 1958 464 1998 per
485 1946 572 1986 Dei
593 1946 874 1986 charitatem
894 1952 942 1985 ut
963 1946 1117 1985 virum
1139 1945 1341 1996 aliquem
1362 1957 1420 1984 ex
1436 1950 1600 1984 sancta
1617 1944 1706 1983 ista
1723 1942 1801 1983 So-

175 2019 343 2059 cietate
371 2017 429 2057 ad
458 2029 543 2057 nos
570 2018 729 2057 venire
753 2016 938 2067 jubeas,
968 2022 1017 2056 ut
1042 2016 1244 2056 fructum
1276 2015 1544 2055 christianis
1571 2014 1802 2054 mentibus

174 2090 365 2140 dignum
386 2095 430 2129 et
458 2090 633 2140 plantet
662 2094 705 2127 et
736 2094 916 2127 mature
944 2087 1087 2127 faciat
1116 2087 1437 2139 pullulascere.
1471 2085 1591 2126 Nam
1616 2091 1800 2137 praeter

175 2159 602 2210 Congregationem
630 2158 827 2198 fratrum
855 2158 912 2198 D.
942 2158 1118 2211 Jacobo
1140 2157 1458 2208 militantium,
1490 2157 1633 2196 multa
1661 2155 1802 2195 etiam

175 2231 478 2270 circumstant
499 2241 583 2269 nos
605 2229 791 2281 oppida,
815 2229 936 2269 unde
967 2228 1043 2279 (ea
1065 2235 1133 2268 est
1153 2229 1361 2268 locorum
1381 2227 1721 2279 propinquitas)
1741 2227 1802 2266 ad

175 2301 263 2341 Dei
292 2300 521 2341 sermonis
557 2300 905 2350 evulgationem
932 2305 1197 2339 occurrunt.
1235 2298 1367 2350 Quod
1396 2299 1434 2338 si
1464 2299 1510 2338 in
1536 2298 1801 2350 praesentia

176 2383 342 2424 parum
363 2372 445 2411 tibi
466 2371 543 2411 fiat
566 2370 875 2419 commodum,
901 2370 1024 2422 quod
1046 2369 1217 2411 Christi
1239 2381 1397 2410 amore
1418 2369 1704 2420 flagitamus,
1728 2368 1800 2408 be-

176 2443 391 2483 neficium
423 2448 683 2493 praestare,
710 2442 799 2482 hoc
820 2442 986 2482 saltem
1007 2453 1198 2481 munere
1224 2452 1392 2480 munus
1418 2445 1663 2492 pensatum
1684 2440 1801 2479 arbi·

175 2521 370 2564 tramur,
396 2514 432 2553 si
455 2513 700 2564 epistolam
723 2512 782 2552 ad
803 2511 852 2552 Ρ.
876 2512 1225 2552 Emmanuelem
1255 2511 1554 2552 deferendam
1573 2510 1708 2550 nobis
1729 2510 1802 2549 de-

230 2673 240 2693 ¹
279 2672 420 2707 Equites
435 2673 593 2700 militaris
610 2672 744 2699 Ordinis
760 2671 877 2699 Sancti
893 2671 1009 2705 Jacobi
1036 2672 1091 2705 (de
1116 2672 1286 2705 §antiago
1310 2671 1351 2697 de
1375 2671 1408 2697 la
1434 2670 1580 2705 espada)
1602 2670 1802 2704 primariam

173 2720 226 2747 sui
253 2720 387 2747 Ordinis
412 2721 543 2747 domum
569 2720 739 2746 habebant
765 2720 794 2746 in
819 2719 939 2753 oppido
963 2719 1075 2750 Ueles,
1099 2719 1295 2753 provinciae
1319 2723 1352 2745 et
1374 2718 1566 2746 dioeceseos
1587 2717 1803 2744 Conchensis.

175 2766 462 2795 Commendatarii
475 2768 605 2801 equites
617 2766 831 2800 (Caballeros
845 2767 1136 2793 Comendadores)
1149 2766 1168 2792 ii
1183 2766 1393 2798 dicebantur,
1404 2773 1476 2792 cum
1491 2766 1537 2792 eis
1548 2772 1627 2800 pars
1637 2764 1804 2799 quaedam

174 2814 322 2848 regionis
338 2815 462 2841 tuenda
478 2815 679 2841 tradebatur
694 2821 768 2841 cum
782 2815 855 2848 jure
872 2822 913 2841 ex
930 2814 996 2841 illis
1012 2813 1198 2847 vectigalia
1213 2813 1431 2847 percipiendi.

228 2862 241 2880 ²
278 2861 370 2888 Voce
387 2862 539 2888 Senatus
555 2861 607 2888 hic
623 2861 774 2896 intellige
791 2862 878 2896 quod
890 2862 962 2896 Jam
976 2869 1054 2888 usus
1070 2861 1173 2888 habet
1188 2865 1224 2888 ut
1241 2865 1381 2887 vocetur
1405 2860 1617 2894 Capitulum,
1641 2867 1704 2892 se.,
1726 2866 1802 2887 con-

174 2913 298 2936 ventus
313 2909 496 2943 primorum
511 2909 653 2943 alicujus
669 2909 795 2936 ordinis
810 2909 882 2936 sive
899 2908 1122 2935 ecclesiastici
1138 2909 1209 2935 sive
1226 2908 1387 2942 religiosi.

228 2955 242 2973 ⁵
279 2956 396 2983 Melius
415 2956 531 2986 Prior:
546 2957 593 2982 sic
611 2956 698 2983 enim
715 2957 904 2984 vocabatur
920 2957 973 2990 qui
991 2956 1100 2983 domui
1117 2963 1174 2982 seu
1190 2956 1394 2983 monasterio
1416 2954 1608 2989 praefectus
1625 2957 1709 2981 erat.
