1987 3260
900 188 982 226 AN.
1014 188 1104 227 1552
1740 191 1802 226 751

178 285 224 324 in
254 286 411 326 culina
441 292 677 334 versatur3
711 286 855 326 verrit
878 287 1004 326 illam
1031 285 1304 337 aliquandO,
1338 286 1474 325 fricat
1496 288 1674 335 lances,
1708 298 1808 326 scu-

174 356 308 395 tellas
341 363 384 395 et
421 357 538 395 ollas
578 368 764 405 aeneas,
803 362 850 396 ut
882 368 1081 408 coquum
1116 355 1316 407 adjuvet.
1359 356 1566 408 Cumque
1606 357 1806 407 quodam

174 437 370 477 vespere
391 427 531 466 simul
558 434 679 466 esset
710 427 755 466 in
782 427 917 467 horto
945 439 1050 467 curn
1075 427 1317 477 fratribUS,
1351 427 1543 467 vocavit
1573 426 1690 467 duos
1716 427 1806 478 jus-

173 496 323 547 sitque
356 497 457 536 illos
486 497 591 536 inde
620 497 858 537 discedere
889 504 933 537 et
967 498 1098 538 brevi
1118 499 1328 538 oratione
1350 497 1517 538 offerre
1544 497 1644 538 Deo
1673 510 1802 549 opus,

173 566 295 616 quod
317 568 434 606 alter
458 567 642 607 illorum
671 567 878 608 facturus
909 576 1032 619 erat,
1061 575 1105 609 et
1131 569 1310 621 seipsos
1340 570 1398 609 ad
1427 569 1473 609 id
1499 568 1805 619 efficiendum

171 636 341 686 quibus
377 638 483 676 illuc
518 639 743 687 reversis,
783 639 827 678 in
864 640 962 678 solo
998 640 1190 691 supinus
1221 639 1357 691 jussit
1392 640 1573 680 illorum
1608 641 1803 680 alterum

171 718 315 758 super
335 720 383 747 se
406 714 553 757 stare,
578 709 643 748 ita
665 716 714 749 ut
736 722 827 750 uno
852 710 967 762 pede
988 723 1039 751 os
1059 712 1378 761 conculcaret,
1404 712 1550 751 altero
1571 722 1684 751 vero
1705 717 1805 762 gut-

172 784 248 818 tur
284 779 634 829 comprimeret,
669 788 713 820 et
744 781 928 821 interim
958 782 1073 822 haec
1109 782 1254 821 verba
1282 781 1514 833 proferre:
1544 781 1704 832 Pater,
1742 790 1803 822 at-

172 849 313 889 tende
335 849 394 888 ad
415 855 494 889 tua
517 851 695 890 scelera
723 857 767 890 et
797 852 1045 892 emendare
1067 863 1194 892 cura.
1226 852 1282 892 Et
1311 852 1457 892 frater
1486 853 1581 902 ille,
1614 852 1691 904 qui
1713 851 1805 903 jus-

173 931 252 960 sus
275 926 344 960 est
366 919 521 959 facere
551 921 686 969 haec,
717 921 824 961 fecit
855 934 961 962 curn
991 934 1163 974 magna
1194 924 1264 963 sui
1293 930 1336 963 et
1366 923 1588 963 stantium
1608 923 1804 964 fratrum

171 990 468 1041 confusione3
510 992 758 1043 statimque
804 993 850 1032 in
895 994 1108 1033 omnibus
1154 1006 1353 1034 accensa
1400 1000 1505 1034 sunt
1552 994 1806 1035 consimilis

172 1067 307 1102 actus
328 1062 531 1102 faciendi
553 1063 822 1115 desyderia,
848 1076 966 1116 quae
989 1066 1144 1105 omnia
1166 1078 1191 1105 a
1213 1065 1351 1105 Patre
1382 1066 1660 1106 mortificata
1682 1073 1802 1106 sunt.

257 1133 401 1174 Curat
423 1140 666 1185 praeterea
688 1135 826 1176 Pater
856 1137 1079 1177 exercitia
1110 1137 1341 1188 invenire,
1372 1138 1537 1189 quibus
1563 1150 1697 1177 amor
1718 1137 1805 1178 Dei

170 1211 214 1244 et
245 1205 463 1256 proprius
493 1212 789 1257 contemptus
821 1207 867 1246 in
897 1207 995 1247 dies
1024 1209 1202 1259 possint
1233 1220 1551 1248 concrescere.
1585 1209 1701 1248 Cum
1732 1209 1804 1248 die

171 1276 506 1326 Apostolorum
539 1276 664 1317 Petri
693 1284 737 1317 et
766 1278 899 1318 Pauli
928 1279 1114 1330 privata
1145 1279 1474 1329 collocutione,
1497 1284 1601 1331 post
1624 1280 1805 1319 concio-

169 1357 277 1386 nem
299 1358 439 1398 quam
463 1348 521 1387 ad
542 1349 766 1399 populum
787 1349 915 1400 fecit,
937 1361 1024 1389 nos
1046 1350 1332 1399 hortaretur,
1357 1350 1481 1401 quod
1511 1350 1555 1389 in
1586 1350 1657 1390 die
1683 1350 1802 1390 festo

169 1416 412 1468 cujuslibet
434 1419 585 1458 sancti
608 1431 887 1460 conaremur
907 1420 1026 1460 illius
1061 1421 1257 1460 virtutes
1288 1421 1460 1460 imitari
1488 1432 1571 1472 per
1603 1421 1801 1472 aliquem

170 1495 350 1535 actum,
376 1490 451 1528 vel
477 1490 778 1541 humilitatis,
803 1492 877 1531 vel
897 1492 1213 1543 reverentiae,
1238 1492 1311 1532 vel
1341 1492 1606 1539 charitatis,
1633 1494 1705 1532 vel
1726 1504 1801 1544 pa-

168 1559 374 1610 tientiae,
401 1568 443 1599 et
467 1561 590 1611 quod
610 1562 865 1614 praecipue
897 1562 1230 1614 Apostolorum
1261 1575 1468 1603 essemus
1498 1563 1678 1613 devoti,
1708 1575 1802 1604 sor-

169 1630 240 1669 titi
261 1642 422 1670 sumus
449 1643 609 1672 omnes
639 1631 895 1683 Apostolos
917 1645 1022 1673 cum
1042 1645 1215 1684 magna
1236 1634 1411 1673 laetitia
1431 1634 1643 1673 fratrum.
1673 1634 1803 1684 Quis-

167 1712 256 1751 que
292 1701 415 1741 enim
451 1701 731 1753 Apostolum
769 1704 854 1743 sibi
887 1704 1211 1744 obvenientem
1244 1716 1338 1744 non
1377 1705 1510 1744 aliter
1544 1704 1803 1755 accipiebat

166 1772 213 1811 in
236 1778 510 1823 patronum,
539 1786 677 1825 quam
698 1775 738 1814 si
757 1775 885 1815 illum
906 1776 1046 1827 longo
1068 1782 1274 1826 tempore
1296 1775 1642 1827 desyderasset,
1667 1776 1801 1827 idque

165 1853 248 1892 per
269 1848 416 1882 totum
438 1844 562 1884 vitae
596 1851 792 1896 tempus.
830 1846 887 1886 Et
915 1847 1101 1887 cuidam
1130 1846 1265 1886 fratri
1294 1847 1409 1886 haec
1435 1858 1547 1886 cura
1581 1847 1799 1887 mandata

165 1919 237 1953 est
266 1925 294 1953 a
326 1913 465 1954 Patre
497 1922 545 1955 ut
584 1927 745 1956 omnes
776 1928 1005 1958 memores
1032 1917 1207 1958 faceret
1237 1917 1293 1957 de
1328 1918 1414 1957 hac
1444 1930 1494 1958 re
1520 1918 1565 1957 in
1600 1918 1801 1968 quolibet

167 1985 284 2024 festo
309 1993 594 2026 sanctorum.

251 2055 508 2096 Adinvenit
550 2058 690 2098 etiam
718 2058 856 2099 Pater
883 2059 974 2100 duo
1004 2060 1116 2111 alia,
1148 2060 1314 2111 quibus
1353 2070 1678 2099 exerceremur
1712 2060 1802 2100 hoc

169 2138 353 2166 mense:
398 2128 620 2178 alterum,
663 2130 785 2180 quod
820 2142 904 2170 nos
938 2143 1098 2171 omnes
1131 2131 1327 2181 singulis
1362 2130 1523 2170 diebus
1559 2131 1804 2181 quinquies

167 2196 590 2249 mortificaremur;
634 2201 829 2240 alterum
864 2213 999 2251 vero,
1041 2201 1163 2253 quod
1197 2202 1385 2253 quilibet
1423 2207 1634 2241 nostrum
1672 2209 1802 2241 curet

166 2266 403 2318 inquirere
425 2269 638 2309 desectus
660 2272 850 2312 alterius
871 2272 1043 2323 fratris,
1068 2273 1366 2324 collectisque
1388 2273 1600 2312 omnibus
1616 2278 1661 2312 et
1677 2284 1704 2311 a
1720 2272 1800 2313 Su—

166 2338 354 2389 periore
374 2340 514 2390 visis,
539 2341 771 2392 aliquibus
793 2344 933 2384 etiam
949 2343 1081 2395 juxta
1103 2343 1200 2395 ejus
1221 2344 1463 2384 arbitrium
1492 2344 1671 2393 deletis,
1696 2345 1793 2383 reli-

166 2410 244 2460 qui
270 2410 316 2449 10
339 2411 591 2452 refectorio
615 2414 858 2455 manifeste
888 2416 1103 2467 legantur
1124 2417 1182 2456 ad
1203 2415 1592 2455 emendationem.
1615 2415 1685 2455 Ex
1707 2415 1801 2465 qui-

165 2480 250 2519 bus
273 2482 694 2524 exercitationibus
715 2484 892 2526 fructus
915 2498 1114 2538 magnus
1135 2486 1411 2538 decerpitur.

247 2552 384 2592 Tanti
410 2560 654 2603 praeterea
682 2555 859 2597 faciunt
886 2556 1050 2598 Patres
1076 2558 1153 2598 isti
1183 2570 1237 2597 ac
1264 2557 1432 2597 fratres
1456 2557 1677 2598 virtutem
1697 2558 1800 2597 obe-

165 2622 393 2673 diontiae,
418 2630 466 2664 ut
488 2636 652 2665 omnes
673 2633 838 2668 curent
859 2627 995 2669 dictis
1025 2627 1122 2679 ejus
1155 2629 1213 2668 ad
1242 2628 1442 2668 litteram
1467 2627 1672 2675 obedire,
1696 2639 1800 2667 cum

164 2704 402 2744 nunquam
436 2707 617 2736 memor
650 2697 788 2739 fuerit
824 2699 997 2751 aliquid
1032 2711 1081 2739 se
1112 2711 1169 2739 ex
1198 2699 1460 2739 obedientia
1488 2699 1800 2750 praecepisse.

164 2762 340 2804 Sufficit
367 2765 489 2805 enim
522 2777 654 2808 suam
683 2770 973 2810 voluntatem
1004 2770 1092 2810 illis
1123 2771 1325 2821 signare,
1359 2769 1548 2809 Dictum
1580 2775 1648 2809 est
1678 2770 1800 2809 enim

162 2834 349 2875 cuidam
377 2835 505 2876 Patri
536 2844 584 2877 ut
618 2839 775 2880 statim
803 2846 1017 2892 surgeret
1051 2847 1095 2881 et
1132 2842 1177 2880 in
1211 2841 1457 2880 ecclesiam
1493 2839 1794 2879 descenderet

162 2905 280 2954 (erat
314 2907 436 2946 enim
472 2913 582 2947 tune
612 2909 730 2950 hora
758 2912 1022 2962 matutina);
1055 2911 1256 2951 surrexit
1287 2912 1359 2950 ille
1388 2918 1432 2950 et
1468 2910 1515 2949 in
1549 2910 1794 2950 ecclesiam

163 2976 402 3016 descendit
432 2979 530 3017 sola
563 2979 751 3020 indutus
778 2981 1022 3026 subucula.
1056 2982 1205 3033 ibique
1228 2982 1272 3020 in
1296 2981 1505 3020 oratione
1526 2981 1797 3031 permansit;
