1987 3260
873 170 955 206 Ax.
986 170 1077 206 1550
1717 170 1788 207 ⁴227

164 267 256 307 alia
278 273 416 317 esset,
440 278 578 315 nune,
604 277 741 306 versa
763 277 918 306 rerum
939 265 1056 314 vice,
1081 265 1250 304 mirum
1266 270 1336 305 est
1353 276 1493 316 quam
1513 266 1649 316 longe
1667 266 1785 316 abje-

164 337 278 377 cerit
299 348 419 388 quae
439 336 570 388 prius
590 342 771 376 tantum
791 348 884 376 non
913 335 1153 375 adorabat.
1185 334 1319 386 Quod
1340 347 1445 375 cum
1472 335 1785 376 advertissent

163 419 412 458 secumque
433 407 737 447 contulissent
758 407 936 446 nobiles
958 406 1035 455 illi,
1057 417 1173 457 quos
1190 411 1328 446 antea
1346 406 1677 455 memorabam,
1702 406 1784 446 Pa—

161 479 219 518 tri
241 477 521 518 Villanovae
538 478 695 528 templi
713 477 949 528 magnifici
967 476 1332 523 exstructionem
1350 482 1394 516 et
1411 477 1599 517 domum
1615 478 1787 528 templo

161 549 352 599 dignam
378 549 654 598 obtulerunt,
679 560 759 599 per
782 548 918 588 fidem
938 548 1250 598 pietatemque
1272 547 1573 587 obsecrantes
1602 559 1659 587 ne
1683 559 1786 587 eam

162 620 417 667 civitatem,
446 619 521 658 cui
548 619 723 659 fontem
757 619 922 659 salutis
957 625 1260 669 aperuerant,
1284 618 1500 658 deserere
1520 619 1785 666 sustineren

161 691 270 742 quin
291 690 351 730 ad
370 702 419 729 se
441 690 594 741 potius
616 695 801 730 curaret
818 688 1110 729 mandandos
1133 688 1294 728 Patres
1315 689 1507 740 aliquot,
1532 689 1609 741 qui
1628 690 1788 740 populi

159 767 312 800 motus
334 760 566 810 sedarent,
587 761 700 800 vitia
721 766 1084 811 compescerent,
1101 758 1393 810 juventutem
1410 759 1695 799 catechismo
1717 771 1786 800 ar-

159 838 340 871 marent
375 832 828 882 praemunirentque.
864 829 960 870 Sibi
995 841 1136 870 curae
1165 830 1264 870 fore
1283 862 1291 881 ,
1331 842 1389 870 ne
1406 831 1584 881 templi,
1623 831 1788 870 domus

160 908 462 953 sumptusque
489 901 834 952 magnificentia
856 901 1215 941 desideraretur.
1239 901 1323 941 His
1350 907 1446 941 tam
1474 913 1532 941 ex
1556 902 1697 941 animi
1722 902 1787 941 vi-

157 974 366 1013 sceribus
388 973 607 1024 profectis
627 972 1041 1024 pollicitationibus
1063 971 1200 1012 Pater
1216 972 1471 1012 Villanova
1492 984 1584 1012 uno
1607 972 1784 1012 satisfe-

157 1045 217 1084 cit
252 1056 492 1096 responso,
525 1055 574 1083 se
608 1050 949 1083 conventurum
980 1042 1192 1083 Gandiae
1219 1042 1473 1082 Doctorem
1506 1042 1665 1082 Araoz
1699 1041 1707 1060 ¹
1742 1050 1786 1083 et

156 1127 260 1155 eum
277 1115 336 1154 ad
352 1126 401 1155 se
418 1116 672 1155 relaturum
693 1114 942 1165 affirmans,
965 1114 1150 1153 interim
1160 1114 1293 1153 bonis
1307 1125 1408 1153 esse
1426 1114 1593 1153 animis
1601 1113 1782 1165 jubens,

156 1187 241 1226 iter
269 1198 405 1226 suum
433 1186 630 1237 amplius
651 1198 744 1225 non
770 1185 1059 1225 existimavit
1083 1184 1400 1235 differendum,
1437 1185 1516 1236 qui
1538 1191 1582 1225 et
1605 1184 1701 1235 jam
1727 1186 1787 1224 ad

155 1269 240 1297 nos
256 1257 391 1297 rediit
412 1257 527 1297 satis
548 1262 860 1308 exspectatus3
886 1268 972 1296 nec
993 1256 1211 1296 Conchae
1233 1255 1405 1296 diutius
1422 1262 1630 1296 moratus
1655 1256 1700 1295 in
1717 1267 1785 1295 re-

155 1329 253 1368 ditu
274 1334 358 1378 est,
383 1339 523 1379 quam
543 1339 734 1367 necesse
754 1327 839 1367 fuit
860 1327 919 1367 ad
939 1326 1270 1379 paciscendum
1291 1338 1396 1366 cum
1412 1327 1688 1378 quibusdam
1711 1339 1784 1366 ca—

155 1399 335 1439 nonicis
362 1405 410 1438 ut
431 1399 520 1438 huc
541 1404 647 1450 post
668 1409 717 1438 se
737 1404 1068 1449 properarent;
1103 1404 1241 1449 atque
1263 1409 1343 1437 eos
1365 1398 1502 1437 modo
1525 1403 1784 1449 exspectat.

234 1468 367 1519 Vale,
391 1468 530 1509 Pater
551 1469 978 1509 observantissime.

234 1539 468 1591 Compluti
489 1539 759 1591 Hispaniae,
783 1538 1043 1591 Septembri
1065 1551 1223 1580 mense
1249 1539 1362 1579 1550.

236 1611 592 1662 Indignissimus
614 1617 722 1651 tuae
742 1610 1045 1651 Paternitatis
1067 1610 1187 1651 filius

1405 1752 1671 1793 DioNYsits.

236 1965 408 2005 Patris
430 1965 642 2005 Polcmco
664 1977 807 2005 mauu
824 1966 872 2004 in
894 1965 1073 2015 2.0s0l.
1099 1966 1188 2006 v.⁴':
1217 1964 1335 2015 1550,
1359 1964 1539 2004 Alcala.

212 2126 220 2145 ¹
263 2126 367 2153 Pater
382 2126 550 2153 Antonius
567 2126 677 2153 Araoz
693 2130 767 2153 erat
782 2126 843 2153 hoc
860 2130 1011 2160 tempore
1027 2125 1214 2159 Hispaniae
1226 2125 1462 2158 provincialis,
1475 2131 1532 2151 seu
1545 2125 1673 2151 cunctis
1685 2132 1786 2158 prae·

157 2179 231 2200 erat
247 2173 346 2200 sociis
363 2173 415 2207 qui
432 2173 464 2200 in
480 2173 643 2208 Hispania
658 2174 838 2207 degebant.
