1987 3260
867 197 950 235 Ax.
981 197 1067 235 1551
1714 196 1786 234 435

159 298 468 340 excolendam
489 296 644 337 facere
666 295 1026 336 consueverant?
1047 294 1160 345 Quis
1181 293 1304 333 enim
1325 298 1514 332 accuset
1535 304 1639 332 eam
1667 303 1786 344 quae

161 371 360 419 laborat,
386 374 477 417 net,
502 367 591 407 suit
611 373 660 406 ut
683 366 917 406 Christum
939 365 1109 405 vestiat
1136 364 1325 413 nudum,
1349 370 1398 403 ut
1426 362 1661 403 Christum
1688 374 1784 402 esu-

165 442 363 481 rientem
385 438 572 485 nutriat,
604 443 652 476 ut
673 436 858 476 Christo
880 436 1061 476 infirmo
1086 435 1354 487 opituletur?
1375 433 1487 484 Quis
1517 445 1610 474 non
1631 433 1789 473 videat

166 512 314 552 satius
348 521 449 550 esse
483 508 644 560 pietati
671 514 714 547 et
747 506 1096 547 misericordiae
1131 517 1270 558 quam
1296 505 1496 545 vanitati
1529 511 1572 545 et
1606 504 1790 556 pompis

175 582 387 622 insistere
409 585 546 630 atque
567 579 765 618 vacare?

250 651 320 692 De
342 650 602 701 virginibus
625 655 793 697 autem,
818 659 936 699 quae
958 648 1130 688 multae
1150 653 1271 697 sunt,
1296 658 1389 687 non
1410 657 1601 698 possum
1617 652 1790 697 tacere3

170 735 290 775 quae
311 728 490 762 tantum
518 720 681 772 spiritu
702 719 965 771 proficiunt,
990 718 1106 759 adeo
1135 719 1498 770 progrediuntur
1520 718 1566 757 in
1595 718 1684 757 viis
1706 717 1796 757 Do-

172 793 305 840 mini,
337 799 385 832 ut
422 798 547 831 certe
584 791 743 830 mundi
772 789 907 841 hujus
944 789 1113 829 oblitae
1140 789 1345 840 penitus.
1375 794 1556 828 tantum
1591 789 1798 839 cogitent

173 863 406 916 quomodo
428 862 612 903 Christo
634 862 871 912 placeant,
902 861 975 900 cui
997 872 1045 900 se
1066 865 1318 909 voverunt3
1349 871 1546 911 quarum
1575 870 1797 899 numerus

176 934 381 986 quotidie
411 933 686 982 adaugetur,
718 932 836 972 duae
863 931 1032 971 etenim
1054 931 1125 970 his
1150 942 1299 982 nuper
1320 929 1567 981 adjunctae
1594 930 1796 980 fuerunt,

166 1017 295 1056 quae
308 1012 350 1045 et
364 1005 491 1056 ipsae
502 1010 661 1043 votum
678 1002 962 1053 virginitatis
972 1001 1229 1049 ediderunt,
1246 1001 1379 1052 aliae,
1395 1001 1560 1052 quibus
1575 1001 1743 1040 mirum
1755 1001 1801 1040 in

178 1077 368 1116 modum
391 1086 496 1115 eum
524 1080 742 1125 parentes
771 1078 1052 1124 repugnent,
1084 1078 1333 1123 postquam
1359 1084 1438 1112 eos
1467 1083 1616 1123 aequo
1646 1072 1801 1112 animo

181 1146 497 1193 sustinuerint,
522 1145 710 1184 tandem
730 1144 901 1183 virtute
923 1143 1096 1194 sponsi,
1127 1143 1201 1182 cui
1221 1154 1270 1182 se
1300 1148 1422 1182 totas
1451 1143 1799 1193 commiserunt,

184 1217 447 1269 superiores
468 1215 693 1261 evadunt;
716 1214 922 1265 gaudent
943 1220 1099 1253 autem
1120 1214 1356 1264 genitores
1377 1220 1537 1265 postea
1565 1220 1609 1254 et
1632 1215 1803 1254 laetan-

186 1296 260 1328 tur
295 1299 400 1328 cum
428 1298 507 1326 cas
542 1286 709 1337 spiritu
735 1286 823 1325 Dei
854 1297 911 1324 ex
937 1285 1165 1325 fructibus
1192 1296 1352 1324 earum
1384 1285 1489 1325 duci
1525 1286 1805 1336 intelligunt3

187 1359 358 1400 etenim
389 1364 602 1398 mortuae
637 1357 743 1396 huic
774 1357 959 1396 saeculo
987 1362 1031 1395 et
1058 1356 1276 1406 vanitati,
1315 1356 1415 1396 Deo
1447 1357 1633 1407 vivunt,
1677 1356 1808 1408 cujus

189 1429 482 1470 dulcedinem
504 1434 548 1467 et
575 1427 855 1467 suavitatem
878 1427 941 1466 ita
969 1427 1187 1476 sentiunt,
1211 1432 1260 1466 ut
1281 1427 1485 1478 quotidie
1512 1429 1685 1468 multae
1715 1429 1810 1469 illa-

188 1512 289 1541 rum
312 1506 416 1540 octo
438 1500 580 1538 horas
602 1497 802 1538 orationi
823 1498 1046 1547 tribuant3
1067 1509 1215 1548 neque
1237 1509 1264 1537 a
1285 1498 1554 1548 parentibus
1580 1500 1674 1539 ulla
1696 1499 1742 1539 in
1762 1512 1813 1540 re

192 1571 516 1622 impediuntur,
537 1569 618 1608 sed
639 1568 908 1608 conceditur
929 1574 977 1608 ut
1001 1573 1225 1618 quantum
1247 1568 1391 1607 velint
1412 1569 1649 1620 temporis,
1674 1571 1813 1610 devo—

192 1642 305 1682 tioni
326 1653 438 1681 suae
458 1639 726 1691 impendere
747 1639 940 1690 possint.
966 1638 1203 1678 Coenobia
1225 1639 1421 1678 libenter
1437 1639 1811 1690 ingrederentur;

191 1713 273 1753 sed
295 1724 401 1752 curn
423 1711 615 1750 audiunt
632 1710 901 1749 monialium
923 1710 1158 1761 querelaS,
1179 1709 1302 1760 quod
1330 1711 1474 1750 veluti
1505 1711 1551 1750 in
1577 1723 1817 1752 carcerem

193 1795 243 1823 se
259 1783 464 1822 inclusas
481 1792 582 1820 esse
599 1782 923 1828 lamententur,
945 1792 969 1819 a
987 1780 1284 1820 monasteriis
1302 1780 1567 1828 abhorrent3
1588 1788 1631 1821 et
1649 1783 1817 1823 miran-

195 1861 268 1894 tur
300 1865 405 1893 cum
436 1853 552 1892 haec
584 1852 640 1891 ab
667 1851 756 1890 illis
787 1850 993 1901 audiunt3
1023 1851 1213 1901 cupiunt
1243 1856 1398 1891 autem
1420 1852 1560 1891 alicui
1592 1854 1819 1893 coenobio

196 1924 476 1965 Societatem
498 1934 730 1974 praeesse,
756 1922 877 1973 quod
898 1933 979 1973 per
1005 1921 1272 1961 Institutum
1299 1928 1512 1962 nostrum
1542 1935 1634 1962 non
1662 1924 1769 1964 licet
1794 1923 1819 1974 ¹;

197 2006 346 2046 neque
364 1994 484 2033 enim
502 1999 598 2032 tum
615 1992 837 2043 impedire
855 2003 935 2031 eas
952 1992 1206 2043 quidquam
1223 1998 1396 2042 posset,
1417 1993 1527 2043 quin
1545 1994 1824 2034 coenobium

199 2066 310 2105 illud
332 2064 674 2116 quamprimum
701 2063 1071 2113 ingrederentur,
1106 2063 1152 2101 in
1173 2074 1263 2113 quo
1293 2073 1538 2114 sperarent
1569 2069 1613 2103 et
1639 2065 1819 2106 concio-

199 2148 282 2175 nes
304 2146 352 2175 se
386 2134 642 2177 audituras.
672 2144 758 2172 nec
788 2133 1107 2183 impediendas
1135 2134 1381 2184 quominus
1409 2142 1708 2175 sacramenta
1737 2136 1823 2176 fre-

201 2211 501 2257 quentarent,
543 2205 708 2255 quibus
749 2204 962 2254 spiritum
998 2204 1164 2243 nutriri
1201 2210 1245 2243 et
1278 2204 1484 2245 fatentur
1519 2212 1564 2245 et
1604 2207 1823 2247 sentiunt.

200 2277 469 2316 Gauderent
490 2287 583 2314 non
604 2275 762 2314 dubito
784 2274 946 2314 Patres
967 2274 1250 2325 Fratresque
1265 2275 1428 2325 nostri,
1452 2276 1492 2315 si
1513 2276 1829 2327 intelligerent

203 2347 401 2387 familias
421 2357 522 2385 esse
540 2346 799 2395 nonnullas,
818 2351 867 2384 ut
884 2351 1006 2395 sunt,
1028 2345 1074 2384 in
1096 2345 1261 2395 quibus
1282 2357 1458 2396 omnes,
1483 2358 1620 2386 mane
1637 2359 1828 2399 surgen-

204 2428 287 2464 tes,
312 2418 447 2457 simul
468 2422 615 2465 orent,
640 2416 776 2454 simul
796 2415 947 2455 Deum
973 2415 1178 2465 laudentg
1202 2416 1339 2455 simul
1369 2424 1667 2457 sacramenta
1689 2419 1828 2458 susci-

206 2490 350 2540 piant,
376 2487 524 2527 sacris
547 2493 589 2526 et
611 2486 914 2526 concionibus
935 2486 1074 2526 etiam
1096 2487 1233 2526 simul
1255 2487 1424 2527 adsint.

285 2558 502 2598 Libenter
527 2556 673 2596 nostri
695 2568 876 2607 quoque
897 2556 1060 2596 Patres
1080 2563 1312 2597 vocantur
1333 2564 1378 2597 et
1398 2558 1679 2610 frequenter,
1700 2566 1750 2600 ut
1771 2561 1831 2600 in-

208 2630 448 2669 {irmorum
477 2627 794 2667 confessiones
824 2627 1029 2666 audiant.
1062 2627 1232 2667 Dolent
1260 2634 1414 2668 autem
1446 2629 1536 2678 isti,
1568 2641 1673 2669 eam
1703 2631 1837 2670 nobis

209 2712 301 2740 non
337 2711 438 2739 esse
473 2697 856 2738 consuetudinem
889 2703 937 2737 ut
967 2697 1270 2738 morientibus
1307 2698 1461 2739 adsint
1493 2699 1619 2749 (sic),
1647 2700 1771 2752 quod
1799 2702 1838 2740 si

213 2771 354 2817 lieret,
385 2781 411 2809 a
433 2781 522 2820 quo
544 2780 637 2808 non
658 2769 966 2808 vocarentur?
987 2768 1055 2808 Ita
1073 2769 1161 2808 illis
1181 2780 1434 2822 numquam
1452 2770 1613 2810 liceret
1630 2771 1838 2821 quiesce—

270 3000 278 3019 ·
319 2999 435 3026 Verba
450 2998 534 3025 haec
551 2999 640 3032 qnod
652 3002 718 3033 per
732 2997 905 3025 Instituta
913 3006 943 3025 m
960 3000 1118 3025 nostrum
1136 3006 1202 3025 non
1218 2999 1298 3026 licet
1315 2999 1442 3026 inserta
1457 3003 1533 3026 sunt
1548 3007 1568 3027 a
1584 3000 1742 3028 Polaneo.
