<?xml version="1.0" encoding="UTF-8"?>
<!DOCTYPE html PUBLIC "-//W3C//DTD XHTML 1.0 Transitional//EN"
    "http://www.w3.org/TR/xhtml1/DTD/xhtml1-transitional.dtd">
<html xmlns="http://www.w3.org/1999/xhtml" xml:lang="en" lang="en">
 <head>
  <title>
</title>
<meta http-equiv="Content-Type" content="text/html;charset=utf-8" />
  <meta name='ocr-system' content='tesseract 3.04.00' />
  <meta name='ocr-capabilities' content='ocr_page ocr_carea ocr_par ocr_line ocrx_word'/>
</head>
<body>
  <div class='ocr_page' id='page_1' title='image "./litteraequadrime1301lain_0312.png"; bbox 0 0 1987 3260; ppageno 0'>
   <div class='ocr_carea' id='block_1_1' title="bbox 237 173 1355 212">
    <p class='ocr_par' dir='ltr' id='par_1_1' title="bbox 237 173 1355 212">
     <span class='ocr_line' id='line_1_1' title="bbox 237 173 1355 212; baseline -0.002 -3"><span class='ocrx_word' id='word_1_1' title='bbox 237 174 307 210; x_wconf 71' lang='lat'>306</span> <span class='ocrx_word' id='word_1_2' title='bbox 745 173 973 209; x_wconf 78' lang='lat' dir='ltr'><strong>LITTERAE</strong></span> <span class='ocrx_word' id='word_1_3' title='bbox 999 182 1355 212; x_wconf 72' lang='lat' dir='ltr'>QUADRIMESTRES</span> 
     </span>
    </p>
   </div>
   <div class='ocr_carea' id='block_1_2' title="bbox 224 267 1861 2635">
    <p class='ocr_par' dir='ltr' id='par_1_2' title="bbox 233 267 1861 1024">
     <span class='ocr_line' id='line_1_2' title="bbox 237 267 1861 318; baseline -0.001 -10"><span class='ocrx_word' id='word_1_4' title='bbox 237 275 371 309; x_wconf 76' lang='lat' dir='ltr'>sexta</span> <span class='ocrx_word' id='word_1_5' title='bbox 405 269 633 308; x_wconf 87' lang='lat' dir='ltr'>matutina</span> <span class='ocrx_word' id='word_1_6' title='bbox 670 269 727 308; x_wconf 80' lang='lat' dir='ltr'>ad</span> <span class='ocrx_word' id='word_1_7' title='bbox 756 269 984 308; x_wconf 78' lang='lat' dir='ltr'>decimam</span> <span class='ocrx_word' id='word_1_8' title='bbox 1018 279 1183 318; x_wconf 84' lang='lat' dir='ltr'>usque,</span> <span class='ocrx_word' id='word_1_9' title='bbox 1220 267 1344 307; x_wconf 87' lang='lat' dir='ltr'>aliud</span> <span class='ocrx_word' id='word_1_10' title='bbox 1375 268 1490 307; x_wconf 87' lang='lat' dir='ltr'>nihil</span> <span class='ocrx_word' id='word_1_11' title='bbox 1520 267 1695 307; x_wconf 85' lang='lat' dir='ltr'>faciant</span> <span class='ocrx_word' id='word_1_12' title='bbox 1722 279 1861 318; x_wconf 87' lang='lat' dir='ltr'>quam</span> 
     </span>
     <span class='ocr_line' id='line_1_3' title="bbox 238 337 1859 387; baseline -0.002 -7"><span class='ocrx_word' id='word_1_13' title='bbox 238 339 554 380; x_wconf 80' lang='lat' dir='ltr'>confessiones</span> <span class='ocrx_word' id='word_1_14' title='bbox 577 340 757 387; x_wconf 84' lang='lat' dir='ltr'>audire,</span> <span class='ocrx_word' id='word_1_15' title='bbox 787 351 886 378; x_wconf 89' lang='lat' dir='ltr'>rem</span> <span class='ocrx_word' id='word_1_16' title='bbox 919 338 1125 378; x_wconf 82' lang='lat' dir='ltr'>divinam</span> <span class='ocrx_word' id='word_1_17' title='bbox 1154 337 1310 378; x_wconf 85' lang='lat' dir='ltr'>facere</span> <span class='ocrx_word' id='word_1_18' title='bbox 1340 344 1383 377; x_wconf 84' lang='lat' dir='ltr'>et</span> <span class='ocrx_word' id='word_1_19' title='bbox 1411 343 1764 378; x_wconf 87' lang='lat' dir='ltr'>sacrosanctam</span> <span class='ocrx_word' id='word_1_20' title='bbox 1786 349 1859 378; x_wconf 87' lang='lat' dir='ltr'>eu-</span> 
     </span>
     <span class='ocr_line' id='line_1_4' title="bbox 237 409 1860 460; baseline -0.001 -11"><span class='ocrx_word' id='word_1_21' title='bbox 237 410 510 450; x_wconf 79' lang='lat' dir='ltr'>charistiam</span> <span class='ocrx_word' id='word_1_22' title='bbox 542 410 897 459; x_wconf 87' lang='lat' dir='ltr'>administrare;</span> <span class='ocrx_word' id='word_1_23' title='bbox 935 409 1053 448; x_wconf 88' lang='lat' dir='ltr'>inter</span> <span class='ocrx_word' id='word_1_24' title='bbox 1084 420 1199 460; x_wconf 89' lang='lat' dir='ltr'>quos</span> <span class='ocrx_word' id='word_1_25' title='bbox 1232 409 1439 448; x_wconf 88' lang='lat' dir='ltr'>nonnulli</span> <span class='ocrx_word' id='word_1_26' title='bbox 1472 414 1580 448; x_wconf 91' lang='lat' dir='ltr'>sunt</span> <span class='ocrx_word' id='word_1_27' title='bbox 1614 409 1713 459; x_wconf 88' lang='lat' dir='ltr'>qui,</span> <span class='ocrx_word' id='word_1_28' title='bbox 1755 420 1860 448; x_wconf 88' lang='lat' dir='ltr'>cum</span> 
     </span>
     <span class='ocr_line' id='line_1_5' title="bbox 236 477 1857 530; baseline -0.001 -10"><span class='ocrx_word' id='word_1_29' title='bbox 236 487 376 520; x_wconf 90' lang='lat' dir='ltr'>antea</span> <span class='ocrx_word' id='word_1_30' title='bbox 403 494 430 520; x_wconf 86' lang='lat' dir='ltr'>a</span> <span class='ocrx_word' id='word_1_31' title='bbox 460 481 606 520; x_wconf 85' lang='lat' dir='ltr'>tribus</span> <span class='ocrx_word' id='word_1_32' title='bbox 641 487 719 519; x_wconf 90' lang='lat' dir='ltr'>aut</span> <span class='ocrx_word' id='word_1_33' title='bbox 753 486 950 530; x_wconf 88' lang='lat' dir='ltr'>quatuor</span> <span class='ocrx_word' id='word_1_34' title='bbox 985 479 1118 518; x_wconf 90' lang='lat' dir='ltr'>annis</span> <span class='ocrx_word' id='word_1_35' title='bbox 1146 479 1348 519; x_wconf 77' lang='lat' dir='ltr'>confessi</span> <span class='ocrx_word' id='word_1_36' title='bbox 1377 491 1470 518; x_wconf 92' lang='lat' dir='ltr'>non</span> <span class='ocrx_word' id='word_1_37' title='bbox 1496 479 1711 529; x_wconf 86' lang='lat' dir='ltr'>fuissent,</span> <span class='ocrx_word' id='word_1_38' title='bbox 1746 477 1857 529; x_wconf 89' lang='lat' dir='ltr'>jam,</span> 
     </span>
     <span class='ocr_line' id='line_1_6' title="bbox 235 549 1859 601; baseline -0.002 -10"><span class='ocrx_word' id='word_1_39' title='bbox 235 551 434 591; x_wconf 87' lang='lat' dir='ltr'>aliorum</span> <span class='ocrx_word' id='word_1_40' title='bbox 455 551 666 601; x_wconf 81' lang='lat' dir='ltr'>exemplo</span> <span class='ocrx_word' id='word_1_41' title='bbox 688 550 955 601; x_wconf 88' lang='lat' dir='ltr'>provocati,</span> <span class='ocrx_word' id='word_1_42' title='bbox 987 562 1070 601; x_wconf 92' lang='lat' dir='ltr'>pro</span> <span class='ocrx_word' id='word_1_43' title='bbox 1091 561 1220 589; x_wconf 87' lang='lat' dir='ltr'>more</span> <span class='ocrx_word' id='word_1_44' title='bbox 1248 549 1449 589; x_wconf 78' lang='lat' dir='ltr'>habeant</span> <span class='ocrx_word' id='word_1_45' title='bbox 1479 555 1647 589; x_wconf 86' lang='lat' dir='ltr'>octavo</span> <span class='ocrx_word' id='word_1_46' title='bbox 1677 561 1859 600; x_wconf 88' lang='lat' dir='ltr'>quoque</span> 
     </span>
     <span class='ocr_line' id='line_1_7' title="bbox 236 619 1856 671; baseline -0.001 -11"><span class='ocrx_word' id='word_1_47' title='bbox 236 621 309 661; x_wconf 84' lang='lat' dir='ltr'>die</span> <span class='ocrx_word' id='word_1_48' title='bbox 336 620 631 660; x_wconf 87' lang='lat' dir='ltr'>reconciliari</span> <span class='ocrx_word' id='word_1_49' title='bbox 658 626 702 660; x_wconf 87' lang='lat' dir='ltr'>et</span> <span class='ocrx_word' id='word_1_50' title='bbox 732 632 918 660; x_wconf 88' lang='lat' dir='ltr'>sacram</span> <span class='ocrx_word' id='word_1_51' title='bbox 947 621 1165 671; x_wconf 78' lang='lat' dir='ltr'>synaxim</span> <span class='ocrx_word' id='word_1_52' title='bbox 1186 620 1329 659; x_wconf 86' lang='lat' dir='ltr'>adire.</span> <span class='ocrx_word' id='word_1_53' title='bbox 1354 619 1415 659; x_wconf 90' lang='lat' dir='ltr'>Hi</span> <span class='ocrx_word' id='word_1_54' title='bbox 1445 631 1620 670; x_wconf 85' lang='lat' dir='ltr'>omnes,</span> <span class='ocrx_word' id='word_1_55' title='bbox 1647 631 1727 671; x_wconf 85' lang='lat' dir='ltr'>per</span> <span class='ocrx_word' id='word_1_56' title='bbox 1755 631 1856 670; x_wconf 82' lang='lat' dir='ltr'>gra-</span> 
     </span>
     <span class='ocr_line' id='line_1_8' title="bbox 237 689 1858 742; baseline -0.001 -11"><span class='ocrx_word' id='word_1_57' title='bbox 237 692 348 731; x_wconf 90' lang='lat' dir='ltr'>tiam</span> <span class='ocrx_word' id='word_1_58' title='bbox 365 690 467 742; x_wconf 89' lang='lat' dir='ltr'>Dei,</span> <span class='ocrx_word' id='word_1_59' title='bbox 487 692 533 730; x_wconf 90' lang='lat' dir='ltr'>in</span> <span class='ocrx_word' id='word_1_60' title='bbox 552 691 649 730; x_wconf 86' lang='lat' dir='ltr'>dies</span> <span class='ocrx_word' id='word_1_61' title='bbox 670 691 822 741; x_wconf 83' lang='lat' dir='ltr'>magis</span> <span class='ocrx_word' id='word_1_62' title='bbox 839 702 894 730; x_wconf 87' lang='lat' dir='ltr'>ac</span> <span class='ocrx_word' id='word_1_63' title='bbox 915 691 1067 741; x_wconf 81' lang='lat' dir='ltr'>magis</span> <span class='ocrx_word' id='word_1_64' title='bbox 1084 691 1130 729; x_wconf 89' lang='lat' dir='ltr'>in</span> <span class='ocrx_word' id='word_1_65' title='bbox 1151 690 1314 730; x_wconf 90' lang='lat' dir='ltr'>melius</span> <span class='ocrx_word' id='word_1_66' title='bbox 1334 689 1670 740; x_wconf 85' lang='lat' dir='ltr'>provehuntur,</span> <span class='ocrx_word' id='word_1_67' title='bbox 1696 698 1858 729; x_wconf 89' lang='lat' dir='ltr'>euntes</span> 
     </span>
     <span class='ocr_line' id='line_1_9' title="bbox 236 760 1855 812; baseline -0.001 -11"><span class='ocrx_word' id='word_1_68' title='bbox 236 762 292 802; x_wconf 85' lang='lat' dir='ltr'>de</span> <span class='ocrx_word' id='word_1_69' title='bbox 313 763 485 801; x_wconf 81' lang='lat' dir='ltr'>virtute</span> <span class='ocrx_word' id='word_1_70' title='bbox 506 762 552 800; x_wconf 91' lang='lat' dir='ltr'>in</span> <span class='ocrx_word' id='word_1_71' title='bbox 573 761 816 810; x_wconf 83' lang='lat' dir='ltr'>virtutem,</span> <span class='ocrx_word' id='word_1_72' title='bbox 841 767 1000 812; x_wconf 88' lang='lat' dir='ltr'>estque</span> <span class='ocrx_word' id='word_1_73' title='bbox 1022 772 1241 800; x_wconf 88' lang='lat' dir='ltr'>numerus</span> <span class='ocrx_word' id='word_1_74' title='bbox 1262 771 1423 800; x_wconf 90' lang='lat' dir='ltr'>eorum</span> <span class='ocrx_word' id='word_1_75' title='bbox 1446 760 1629 799; x_wconf 77' lang='lat' dir='ltr'>circiter</span> <span class='ocrx_word' id='word_1_76' title='bbox 1659 760 1855 811; x_wconf 88' lang='lat' dir='ltr'>quadra-</span> 
     </span>
     <span class='ocr_line' id='line_1_10' title="bbox 235 831 1855 882; baseline -0.001 -10"><span class='ocrx_word' id='word_1_77' title='bbox 235 833 366 882; x_wconf 82' lang='lat' dir='ltr'>ginta</span> <span class='ocrx_word' id='word_1_78' title='bbox 392 831 415 870; x_wconf 87' lang='lat'>¹.</span> <span class='ocrx_word' id='word_1_79' title='bbox 440 833 497 872; x_wconf 89' lang='lat' dir='ltr'>Et</span> <span class='ocrx_word' id='word_1_80' title='bbox 519 843 699 881; x_wconf 83' lang='lat' dir='ltr'>revera,</span> <span class='ocrx_word' id='word_1_81' title='bbox 723 832 761 871; x_wconf 88' lang='lat' dir='ltr'>si</span> <span class='ocrx_word' id='word_1_82' title='bbox 783 832 946 871; x_wconf 88' lang='lat' dir='ltr'>domus</span> <span class='ocrx_word' id='word_1_83' title='bbox 963 837 1083 871; x_wconf 88' lang='lat' dir='ltr'>esset</span> <span class='ocrx_word' id='word_1_84' title='bbox 1100 831 1296 882; x_wconf 89' lang='lat' dir='ltr'>amplior</span> <span class='ocrx_word' id='word_1_85' title='bbox 1313 838 1357 870; x_wconf 91' lang='lat' dir='ltr'>et</span> <span class='ocrx_word' id='word_1_86' title='bbox 1375 831 1599 870; x_wconf 89' lang='lat' dir='ltr'>sacellum</span> <span class='ocrx_word' id='word_1_87' title='bbox 1620 831 1855 882; x_wconf 88' lang='lat' dir='ltr'>capacius,</span> 
     </span>
     <span class='ocr_line' id='line_1_11' title="bbox 234 900 1855 953; baseline -0.001 -11"><span class='ocrx_word' id='word_1_88' title='bbox 234 904 326 942; x_wconf 92' lang='lat' dir='ltr'>tale</span> <span class='ocrx_word' id='word_1_89' title='bbox 346 902 622 953; x_wconf 87' lang='lat' dir='ltr'>praesertim</span> <span class='ocrx_word' id='word_1_90' title='bbox 643 902 767 953; x_wconf 87' lang='lat' dir='ltr'>quod</span> <span class='ocrx_word' id='word_1_91' title='bbox 787 902 989 953; x_wconf 88' lang='lat' dir='ltr'>plateam</span> <span class='ocrx_word' id='word_1_92' title='bbox 1010 902 1263 953; x_wconf 76' lang='lat' dir='ltr'>respiceret</span> <span class='ocrx_word' id='word_1_93' title='bbox 1284 900 1311 952; x_wconf 75' lang='lat'>²,</span> <span class='ocrx_word' id='word_1_94' title='bbox 1336 901 1524 941; x_wconf 86' lang='lat' dir='ltr'>dubium</span> <span class='ocrx_word' id='word_1_95' title='bbox 1544 912 1637 940; x_wconf 93' lang='lat' dir='ltr'>non</span> <span class='ocrx_word' id='word_1_96' title='bbox 1659 907 1727 941; x_wconf 92' lang='lat' dir='ltr'>est</span> <span class='ocrx_word' id='word_1_97' title='bbox 1744 901 1855 951; x_wconf 91' lang='lat' dir='ltr'>quin</span> 
     </span>
     <span class='ocr_line' id='line_1_12' title="bbox 233 972 1572 1024; baseline -0.001 -12"><span class='ocrx_word' id='word_1_98' title='bbox 233 974 371 1023; x_wconf 77' lang='lat' dir='ltr'>longe</span> <span class='ocrx_word' id='word_1_99' title='bbox 393 974 548 1024; x_wconf 85' lang='lat' dir='ltr'>plures</span> <span class='ocrx_word' id='word_1_100' title='bbox 569 972 920 1023; x_wconf 77' lang='lat' dir='ltr'>frequentarent</span> <span class='ocrx_word' id='word_1_101' title='bbox 941 973 1056 1012; x_wconf 88' lang='lat' dir='ltr'>haec</span> <span class='ocrx_word' id='word_1_102' title='bbox 1079 978 1241 1012; x_wconf 87' lang='lat' dir='ltr'>sancta</span> <span class='ocrx_word' id='word_1_103' title='bbox 1262 977 1572 1011; x_wconf 87' lang='lat' dir='ltr'>sacramenta.</span> 
     </span>
    </p>

    <p class='ocr_par' dir='ltr' id='par_1_3' title="bbox 224 1042 1857 2635">
     <span class='ocr_line' id='line_1_13' title="bbox 313 1042 1856 1094; baseline -0.001 -11"><span class='ocrx_word' id='word_1_104' title='bbox 313 1043 361 1083; x_wconf 86' lang='lat' dir='ltr'>P.</span> <span class='ocrx_word' id='word_1_105' title='bbox 383 1043 593 1094; x_wconf 78' lang='lat' dir='ltr'>Baptista</span> <span class='ocrx_word' id='word_1_106' title='bbox 610 1049 795 1094; x_wconf 88' lang='lat' dir='ltr'>praeter</span> <span class='ocrx_word' id='word_1_107' title='bbox 814 1044 1065 1083; x_wconf 78' lang='lat' dir='ltr'>conciones</span> <span class='ocrx_word' id='word_1_108' title='bbox 1087 1043 1363 1093; x_wconf 88' lang='lat' dir='ltr'>ordinarias,</span> <span class='ocrx_word' id='word_1_109' title='bbox 1387 1054 1503 1093; x_wconf 88' lang='lat' dir='ltr'>quas</span> <span class='ocrx_word' id='word_1_110' title='bbox 1524 1042 1725 1082; x_wconf 87' lang='lat' dir='ltr'>habebat</span> <span class='ocrx_word' id='word_1_111' title='bbox 1748 1047 1856 1081; x_wconf 90' lang='lat' dir='ltr'>tem-</span> 
     </span>
     <span class='ocr_line' id='line_1_14' title="bbox 229 1112 1857 1165; baseline -0.001 -12"><span class='ocrx_word' id='word_1_112' title='bbox 229 1125 347 1165; x_wconf 89' lang='lat' dir='ltr'>pore</span> <span class='ocrx_word' id='word_1_113' title='bbox 369 1114 788 1165; x_wconf 76' lang='lat' dir='ltr'>quadragesimali,</span> <span class='ocrx_word' id='word_1_114' title='bbox 812 1114 867 1153; x_wconf 88' lang='lat' dir='ltr'>iis</span> <span class='ocrx_word' id='word_1_115' title='bbox 894 1114 1035 1153; x_wconf 90' lang='lat' dir='ltr'>etiam</span> <span class='ocrx_word' id='word_1_116' title='bbox 1063 1114 1387 1165; x_wconf 88' lang='lat' dir='ltr'>praedicabat,</span> <span class='ocrx_word' id='word_1_117' title='bbox 1418 1113 1496 1164; x_wconf 89' lang='lat' dir='ltr'>qui</span> <span class='ocrx_word' id='word_1_118' title='bbox 1525 1124 1716 1152; x_wconf 89' lang='lat' dir='ltr'>carcere</span> <span class='ocrx_word' id='word_1_119' title='bbox 1748 1112 1857 1152; x_wconf 87' lang='lat' dir='ltr'>det-i-</span> 
     </span>
     <span class='ocr_line' id='line_1_15' title="bbox 230 1182 1856 1235; baseline -0.001 -11"><span class='ocrx_word' id='word_1_120' title='bbox 230 1191 399 1224; x_wconf 87' lang='lat' dir='ltr'>nentur</span> <span class='ocrx_word' id='word_1_121' title='bbox 420 1185 606 1234; x_wconf 88' lang='lat' dir='ltr'>inclusi,</span> <span class='ocrx_word' id='word_1_122' title='bbox 637 1196 833 1235; x_wconf 86' lang='lat' dir='ltr'>quorum</span> <span class='ocrx_word' id='word_1_123' title='bbox 863 1184 1177 1224; x_wconf 84' lang='lat' dir='ltr'>confessiones</span> <span class='ocrx_word' id='word_1_124' title='bbox 1208 1184 1454 1223; x_wconf 87' lang='lat' dir='ltr'>audierunt</span> <span class='ocrx_word' id='word_1_125' title='bbox 1484 1183 1561 1222; x_wconf 84' lang='lat' dir='ltr'>alii</span> <span class='ocrx_word' id='word_1_126' title='bbox 1592 1182 1754 1222; x_wconf 88' lang='lat' dir='ltr'>Patres</span> <span class='ocrx_word' id='word_1_127' title='bbox 1782 1182 1856 1222; x_wconf 92' lang='lat' dir='ltr'>do-</span> 
     </span>
     <span class='ocr_line' id='line_1_16' title="bbox 230 1240 1855 1305; baseline -0.001 -11"><span class='ocrx_word' id='word_1_128' title='bbox 230 1267 335 1294; x_wconf 90' lang='lat' dir='ltr'>mus</span> <span class='ocrx_word' id='word_1_129' title='bbox 355 1261 558 1295; x_wconf 89' lang='lat' dir='ltr'>nostrae.</span> <span class='ocrx_word' id='word_1_130' title='bbox 583 1240 674 1295; x_wconf 82' lang='lat' dir='ltr'>Sed</span> <span class='ocrx_word' id='word_1_131' title='bbox 691 1261 734 1295; x_wconf 89' lang='lat' dir='ltr'>et</span> <span class='ocrx_word' id='word_1_132' title='bbox 756 1267 879 1294; x_wconf 89' lang='lat' dir='ltr'>nunc</span> <span class='ocrx_word' id='word_1_133' title='bbox 902 1266 1063 1294; x_wconf 89' lang='lat' dir='ltr'>eorum</span> <span class='ocrx_word' id='word_1_134' title='bbox 1080 1254 1278 1294; x_wconf 86' lang='lat' dir='ltr'>habetur</span> <span class='ocrx_word' id='word_1_135' title='bbox 1294 1254 1449 1305; x_wconf 88' lang='lat' dir='ltr'>aliqua</span> <span class='ocrx_word' id='word_1_136' title='bbox 1471 1253 1484 1272; x_wconf 68' lang='grc'><strong>5</strong></span> <span class='ocrx_word' id='word_1_137' title='bbox 1506 1254 1645 1294; x_wconf 86' lang='lat' dir='ltr'>ratio:</span> <span class='ocrx_word' id='word_1_138' title='bbox 1668 1253 1855 1293; x_wconf 86' lang='lat' dir='ltr'>visitan-</span> 
     </span>
     <span class='ocr_line' id='line_1_17' title="bbox 229 1323 1856 1376; baseline -0.002 -10"><span class='ocrx_word' id='word_1_139' title='bbox 229 1332 306 1366; x_wconf 88' lang='lat' dir='ltr'>tur</span> <span class='ocrx_word' id='word_1_140' title='bbox 328 1326 450 1366; x_wconf 86' lang='lat' dir='ltr'>enim</span> <span class='ocrx_word' id='word_1_141' title='bbox 470 1337 803 1376; x_wconf 87' lang='lat' dir='ltr'>nonnunquam</span> <span class='ocrx_word' id='word_1_142' title='bbox 830 1332 873 1365; x_wconf 89' lang='lat' dir='ltr'>et</span> <span class='ocrx_word' id='word_1_143' title='bbox 906 1326 1207 1365; x_wconf 89' lang='lat' dir='ltr'>consolantur</span> <span class='ocrx_word' id='word_1_144' title='bbox 1235 1323 1248 1342; x_wconf 66' lang='lat'>⁴</span> <span class='ocrx_word' id='word_1_145' title='bbox 1276 1337 1300 1364; x_wconf 88' lang='lat' dir='ltr'>a</span> <span class='ocrx_word' id='word_1_146' title='bbox 1323 1325 1371 1364; x_wconf 88' lang='lat' dir='ltr'>P.</span> <span class='ocrx_word' id='word_1_147' title='bbox 1403 1325 1608 1365; x_wconf 90' lang='lat' dir='ltr'>Doctore</span> <span class='ocrx_word' id='word_1_148' title='bbox 1639 1330 1683 1364; x_wconf 88' lang='lat' dir='ltr'>et</span> <span class='ocrx_word' id='word_1_149' title='bbox 1715 1336 1741 1363; x_wconf 91' lang='lat' dir='ltr'>a</span> <span class='ocrx_word' id='word_1_150' title='bbox 1767 1323 1856 1364; x_wconf 80' lang='lat' dir='ltr'>fra-</span> 
     </span>
     <span class='ocr_line' id='line_1_18' title="bbox 230 1395 1854 1448; baseline -0.001 -12"><span class='ocrx_word' id='word_1_151' title='bbox 230 1397 400 1447; x_wconf 81' lang='lat' dir='ltr'>tribus3</span> <span class='ocrx_word' id='word_1_152' title='bbox 424 1402 467 1436; x_wconf 87' lang='lat' dir='ltr'>et</span> <span class='ocrx_word' id='word_1_153' title='bbox 488 1396 527 1435; x_wconf 91' lang='lat' dir='ltr'>si</span> <span class='ocrx_word' id='word_1_154' title='bbox 548 1408 637 1447; x_wconf 83' lang='lat' dir='ltr'>qua</span> <span class='ocrx_word' id='word_1_155' title='bbox 660 1397 749 1436; x_wconf 90' lang='lat' dir='ltr'>illis</span> <span class='ocrx_word' id='word_1_156' title='bbox 771 1396 1019 1448; x_wconf 89' lang='lat' dir='ltr'>peculiaris</span> <span class='ocrx_word' id='word_1_157' title='bbox 1041 1403 1258 1437; x_wconf 89' lang='lat' dir='ltr'>occurrat</span> <span class='ocrx_word' id='word_1_158' title='bbox 1279 1396 1550 1445; x_wconf 87' lang='lat' dir='ltr'>necessitas,</span> <span class='ocrx_word' id='word_1_159' title='bbox 1576 1395 1701 1435; x_wconf 90' lang='lat' dir='ltr'>circa</span> <span class='ocrx_word' id='word_1_160' title='bbox 1724 1395 1854 1445; x_wconf 88' lang='lat' dir='ltr'>spiri-</span> 
     </span>
     <span class='ocr_line' id='line_1_19' title="bbox 229 1465 1855 1518; baseline -0.001 -12"><span class='ocrx_word' id='word_1_161' title='bbox 229 1468 372 1507; x_wconf 87' lang='lat' dir='ltr'>tualia</span> <span class='ocrx_word' id='word_1_162' title='bbox 407 1467 717 1518; x_wconf 86' lang='lat' dir='ltr'>potissimum,</span> <span class='ocrx_word' id='word_1_163' title='bbox 758 1467 1015 1507; x_wconf 85' lang='lat' dir='ltr'>accersitur</span> <span class='ocrx_word' id='word_1_164' title='bbox 1043 1467 1092 1506; x_wconf 89' lang='lat' dir='ltr'>P.</span> <span class='ocrx_word' id='word_1_165' title='bbox 1126 1466 1322 1506; x_wconf 89' lang='lat' dir='ltr'>Doctor:</span> <span class='ocrx_word' id='word_1_166' title='bbox 1351 1467 1472 1506; x_wconf 89' lang='lat' dir='ltr'>unde</span> <span class='ocrx_word' id='word_1_167' title='bbox 1498 1466 1661 1517; x_wconf 86' lang='lat' dir='ltr'>paucis</span> <span class='ocrx_word' id='word_1_168' title='bbox 1687 1465 1855 1505; x_wconf 88' lang='lat' dir='ltr'>abhinc</span> 
     </span>
     <span class='ocr_line' id='line_1_20' title="bbox 230 1536 1853 1588; baseline -0.001 -11"><span class='ocrx_word' id='word_1_169' title='bbox 230 1539 413 1588; x_wconf 86' lang='lat' dir='ltr'>diebus,</span> <span class='ocrx_word' id='word_1_170' title='bbox 437 1538 639 1588; x_wconf 85' lang='lat' dir='ltr'>quodam</span> <span class='ocrx_word' id='word_1_171' title='bbox 660 1538 716 1577; x_wconf 94' lang='lat' dir='ltr'>ob</span> <span class='ocrx_word' id='word_1_172' title='bbox 739 1538 928 1577; x_wconf 85' lang='lat' dir='ltr'>sceleris</span> <span class='ocrx_word' id='word_1_173' title='bbox 949 1538 1342 1577; x_wconf 88' lang='lat' dir='ltr'>abominationem</span> <span class='ocrx_word' id='word_1_174' title='bbox 1370 1537 1429 1577; x_wconf 89' lang='lat' dir='ltr'>ad</span> <span class='ocrx_word' id='word_1_175' title='bbox 1457 1537 1656 1588; x_wconf 87' lang='lat' dir='ltr'>capitale</span> <span class='ocrx_word' id='word_1_176' title='bbox 1688 1536 1853 1587; x_wconf 89' lang='lat' dir='ltr'>suppli-</span> 
     </span>
     <span class='ocr_line' id='line_1_21' title="bbox 229 1607 1820 1658; baseline -0.001 -10"><span class='ocrx_word' id='word_1_177' title='bbox 229 1609 352 1648; x_wconf 86' lang='lat' dir='ltr'>cium</span> <span class='ocrx_word' id='word_1_178' title='bbox 374 1609 697 1658; x_wconf 87' lang='lat' dir='ltr'>condemnato,</span> <span class='ocrx_word' id='word_1_179' title='bbox 728 1608 986 1647; x_wconf 90' lang='lat' dir='ltr'>accersitus</span> <span class='ocrx_word' id='word_1_180' title='bbox 1012 1614 1080 1647; x_wconf 89' lang='lat' dir='ltr'>est</span> <span class='ocrx_word' id='word_1_181' title='bbox 1107 1607 1156 1647; x_wconf 88' lang='lat' dir='ltr'>P.</span> <span class='ocrx_word' id='word_1_182' title='bbox 1184 1608 1360 1647; x_wconf 91' lang='lat' dir='ltr'>Doctor</span> <span class='ocrx_word' id='word_1_183' title='bbox 1382 1613 1430 1647; x_wconf 90' lang='lat' dir='ltr'>ut</span> <span class='ocrx_word' id='word_1_184' title='bbox 1458 1620 1562 1647; x_wconf 91' lang='lat' dir='ltr'>eum</span> <span class='ocrx_word' id='word_1_185' title='bbox 1591 1608 1820 1647; x_wconf 88' lang='lat' dir='ltr'>animaret</span> 
     </span>
     <span class='ocr_line' id='line_1_22' title="bbox 228 1677 1852 1729; baseline -0.001 -11"><span class='ocrx_word' id='word_1_186' title='bbox 228 1691 284 1718; x_wconf 87' lang='lat' dir='ltr'>ac</span> <span class='ocrx_word' id='word_1_187' title='bbox 306 1678 403 1729; x_wconf 87' lang='lat' dir='ltr'>ejus</span> <span class='ocrx_word' id='word_1_188' title='bbox 423 1678 764 1718; x_wconf 87' lang='lat' dir='ltr'>confessionem</span> <span class='ocrx_word' id='word_1_189' title='bbox 786 1678 988 1728; x_wconf 82' lang='lat' dir='ltr'>audiret,</span> <span class='ocrx_word' id='word_1_190' title='bbox 1018 1678 1094 1729; x_wconf 88' lang='lat' dir='ltr'>qui</span> <span class='ocrx_word' id='word_1_191' title='bbox 1114 1684 1306 1729; x_wconf 89' lang='lat' dir='ltr'>propter</span> <span class='ocrx_word' id='word_1_192' title='bbox 1332 1678 1546 1728; x_wconf 89' lang='lat' dir='ltr'>corporis</span> <span class='ocrx_word' id='word_1_193' title='bbox 1576 1678 1748 1717; x_wconf 89' lang='lat' dir='ltr'>malam</span> <span class='ocrx_word' id='word_1_194' title='bbox 1777 1677 1852 1716; x_wconf 84' lang='lat' dir='ltr'>ha-</span> 
     </span>
     <span class='ocr_line' id='line_1_23' title="bbox 228 1747 1856 1800; baseline -0.001 -12"><span class='ocrx_word' id='word_1_195' title='bbox 228 1750 482 1789; x_wconf 84' lang='lat' dir='ltr'>bitudinem</span> <span class='ocrx_word' id='word_1_196' title='bbox 517 1748 562 1788; x_wconf 89' lang='lat' dir='ltr'>id</span> <span class='ocrx_word' id='word_1_197' title='bbox 590 1749 745 1788; x_wconf 86' lang='lat' dir='ltr'>facere</span> <span class='ocrx_word' id='word_1_198' title='bbox 779 1760 871 1788; x_wconf 93' lang='lat' dir='ltr'>non</span> <span class='ocrx_word' id='word_1_199' title='bbox 905 1749 1075 1800; x_wconf 89' lang='lat' dir='ltr'>potuit,</span> <span class='ocrx_word' id='word_1_200' title='bbox 1105 1749 1187 1788; x_wconf 86' lang='lat' dir='ltr'>sed</span> <span class='ocrx_word' id='word_1_201' title='bbox 1223 1749 1364 1788; x_wconf 91' lang='lat' dir='ltr'>alium</span> <span class='ocrx_word' id='word_1_202' title='bbox 1398 1748 1585 1788; x_wconf 89' lang='lat' dir='ltr'>Patrem</span> <span class='ocrx_word' id='word_1_203' title='bbox 1619 1748 1742 1788; x_wconf 87' lang='lat' dir='ltr'>misit</span> <span class='ocrx_word' id='word_1_204' title='bbox 1778 1747 1856 1798; x_wconf 89' lang='lat' dir='ltr'>qui</span> 
     </span>
     <span class='ocr_line' id='line_1_24' title="bbox 229 1818 1848 1870; baseline -0.001 -11"><span class='ocrx_word' id='word_1_205' title='bbox 229 1831 332 1859; x_wconf 84' lang='lat' dir='ltr'>eum</span> <span class='ocrx_word' id='word_1_206' title='bbox 354 1819 531 1859; x_wconf 81' lang='lat' dir='ltr'>audivit</span> <span class='ocrx_word' id='word_1_207' title='bbox 553 1825 595 1858; x_wconf 92' lang='lat' dir='ltr'>et</span> <span class='ocrx_word' id='word_1_208' title='bbox 617 1818 716 1870; x_wconf 86' lang='lat' dir='ltr'>ejus</span> <span class='ocrx_word' id='word_1_209' title='bbox 739 1819 943 1858; x_wconf 87' lang='lat' dir='ltr'>animam</span> <span class='ocrx_word' id='word_1_210' title='bbox 964 1819 1166 1859; x_wconf 91' lang='lat' dir='ltr'>Domino</span> <span class='ocrx_word' id='word_1_211' title='bbox 1188 1819 1549 1869; x_wconf 79' lang='lat' dir='ltr'>commendavit3</span> <span class='ocrx_word' id='word_1_212' title='bbox 1568 1831 1652 1870; x_wconf 89' lang='lat' dir='ltr'>pro</span> <span class='ocrx_word' id='word_1_213' title='bbox 1673 1830 1780 1870; x_wconf 84' lang='lat' dir='ltr'>qua,</span> <span class='ocrx_word' id='word_1_214' title='bbox 1804 1824 1848 1859; x_wconf 91' lang='lat' dir='ltr'>et</span> 
     </span>
     <span class='ocr_line' id='line_1_25' title="bbox 226 1889 1855 1941; baseline -0.001 -11"><span class='ocrx_word' id='word_1_215' title='bbox 226 1891 328 1941; x_wconf 88' lang='lat' dir='ltr'>ipso</span> <span class='ocrx_word' id='word_1_216' title='bbox 350 1889 422 1929; x_wconf 86' lang='lat' dir='ltr'>die</span> <span class='ocrx_word' id='word_1_217' title='bbox 444 1901 533 1941; x_wconf 88' lang='lat' dir='ltr'>quo</span> <span class='ocrx_word' id='word_1_218' title='bbox 556 1890 927 1930; x_wconf 88' lang='lat' dir='ltr'>concremandus</span> <span class='ocrx_word' id='word_1_219' title='bbox 949 1895 1069 1940; x_wconf 86' lang='lat' dir='ltr'>erat,</span> <span class='ocrx_word' id='word_1_220' title='bbox 1095 1890 1288 1930; x_wconf 88' lang='lat' dir='ltr'>Missam</span> <span class='ocrx_word' id='word_1_221' title='bbox 1309 1890 1563 1930; x_wconf 85' lang='lat' dir='ltr'>celebravit</span> <span class='ocrx_word' id='word_1_222' title='bbox 1584 1890 1639 1929; x_wconf 87' lang='lat' dir='ltr'>de</span> <span class='ocrx_word' id='word_1_223' title='bbox 1670 1890 1855 1929; x_wconf 89' lang='lat' dir='ltr'>nomine</span> 
     </span>
     <span class='ocr_line' id='line_1_26' title="bbox 225 1960 1856 2013; baseline 0 -13"><span class='ocrx_word' id='word_1_224' title='bbox 225 1962 351 2013; x_wconf 78' lang='lat' dir='ltr'>Jesu.</span> <span class='ocrx_word' id='word_1_225' title='bbox 389 1960 583 2010; x_wconf 80' lang='lat' dir='ltr'>Semper</span> <span class='ocrx_word' id='word_1_226' title='bbox 616 1971 839 2011; x_wconf 86' lang='lat' dir='ltr'>praesens</span> <span class='ocrx_word' id='word_1_227' title='bbox 873 1960 1018 2000; x_wconf 87' lang='lat' dir='ltr'>adfuit</span> <span class='ocrx_word' id='word_1_228' title='bbox 1050 1961 1149 2011; x_wconf 87' lang='lat' dir='ltr'>ipse</span> <span class='ocrx_word' id='word_1_229' title='bbox 1185 1966 1229 2000; x_wconf 90' lang='lat' dir='ltr'>et</span> <span class='ocrx_word' id='word_1_230' title='bbox 1259 1960 1436 2011; x_wconf 89' lang='lat' dir='ltr'>socius,</span> <span class='ocrx_word' id='word_1_231' title='bbox 1475 1960 1856 2012; x_wconf 82' lang='lat' dir='ltr'>deduxeruntque</span> 
     </span>
     <span class='ocr_line' id='line_1_27' title="bbox 227 2030 1854 2082; baseline 0 -12"><span class='ocrx_word' id='word_1_232' title='bbox 227 2043 332 2070; x_wconf 84' lang='lat' dir='ltr'>cum</span> <span class='ocrx_word' id='word_1_233' title='bbox 353 2037 485 2070; x_wconf 79' lang='lat' dir='ltr'>extra</span> <span class='ocrx_word' id='word_1_234' title='bbox 507 2037 667 2081; x_wconf 88' lang='lat' dir='ltr'>portas</span> <span class='ocrx_word' id='word_1_235' title='bbox 690 2031 916 2079; x_wconf 80' lang='lat' dir='ltr'>civitatiS,</span> <span class='ocrx_word' id='word_1_236' title='bbox 940 2031 1016 2070; x_wconf 88' lang='lat' dir='ltr'>ubi</span> <span class='ocrx_word' id='word_1_237' title='bbox 1038 2031 1264 2082; x_wconf 89' lang='lat' dir='ltr'>supplicio</span> <span class='ocrx_word' id='word_1_238' title='bbox 1286 2031 1554 2070; x_wconf 89' lang='lat' dir='ltr'>afficiendus</span> <span class='ocrx_word' id='word_1_239' title='bbox 1583 2037 1706 2081; x_wconf 86' lang='lat' dir='ltr'>erat,</span> <span class='ocrx_word' id='word_1_240' title='bbox 1731 2043 1816 2071; x_wconf 91' lang='lat' dir='ltr'>nec</span> <span class='ocrx_word' id='word_1_241' title='bbox 1841 2030 1854 2048; x_wconf 66' lang='lat'>‘³</span> 
     </span>
     <span class='ocr_line' id='line_1_28' title="bbox 230 2101 1850 2152; baseline 0.001 -12"><span class='ocrx_word' id='word_1_242' title='bbox 230 2102 287 2140; x_wconf 86' lang='lat' dir='ltr'>ab</span> <span class='ocrx_word' id='word_1_243' title='bbox 311 2113 365 2140; x_wconf 89' lang='lat' dir='ltr'>eo</span> <span class='ocrx_word' id='word_1_244' title='bbox 386 2107 681 2141; x_wconf 85' lang='lat' dir='ltr'>recesserunt</span> <span class='ocrx_word' id='word_1_245' title='bbox 704 2101 853 2141; x_wconf 87' lang='lat' dir='ltr'>donec</span> <span class='ocrx_word' id='word_1_246' title='bbox 875 2101 1149 2151; x_wconf 79' lang='lat' dir='ltr'>exspiraret.</span> <span class='ocrx_word' id='word_1_247' title='bbox 1174 2101 1410 2152; x_wconf 84' lang='lat' dir='ltr'>Quantum</span> <span class='ocrx_word' id='word_1_248' title='bbox 1437 2101 1665 2141; x_wconf 89' lang='lat' dir='ltr'>Dominus</span> <span class='ocrx_word' id='word_1_249' title='bbox 1693 2101 1850 2152; x_wconf 89' lang='lat' dir='ltr'>dabat,</span> 
     </span>
     <span class='ocr_line' id='line_1_29' title="bbox 232 2170 1855 2222; baseline 0.001 -11"><span class='ocrx_word' id='word_1_250' title='bbox 232 2172 386 2211; x_wconf 88' lang='lat' dir='ltr'>animo</span> <span class='ocrx_word' id='word_1_251' title='bbox 409 2170 637 2222; x_wconf 89' lang='lat' dir='ltr'>dejectum</span> <span class='ocrx_word' id='word_1_252' title='bbox 664 2171 710 2211; x_wconf 92' lang='lat' dir='ltr'>in</span> <span class='ocrx_word' id='word_1_253' title='bbox 743 2183 873 2222; x_wconf 86' lang='lat' dir='ltr'>spem</span> <span class='ocrx_word' id='word_1_254' title='bbox 901 2172 1142 2222; x_wconf 84' lang='lat' dir='ltr'>erigebant</span> <span class='ocrx_word' id='word_1_255' title='bbox 1173 2179 1216 2212; x_wconf 91' lang='lat' dir='ltr'>et</span> <span class='ocrx_word' id='word_1_256' title='bbox 1243 2173 1604 2212; x_wconf 89' lang='lat' dir='ltr'>consolabantur</span> <span class='ocrx_word' id='word_1_257' title='bbox 1633 2178 1698 2222; x_wconf 87' lang='lat' dir='ltr'>et,</span> <span class='ocrx_word' id='word_1_258' title='bbox 1730 2173 1855 2212; x_wconf 91' lang='lat' dir='ltr'>omni</span> 
     </span>
     <span class='ocr_line' id='line_1_30' title="bbox 230 2242 1853 2293; baseline 0.001 -12"><span class='ocrx_word' id='word_1_259' title='bbox 230 2255 321 2293; x_wconf 87' lang='lat' dir='ltr'>quo</span> <span class='ocrx_word' id='word_1_260' title='bbox 356 2248 572 2293; x_wconf 88' lang='lat' dir='ltr'>poterant</span> <span class='ocrx_word' id='word_1_261' title='bbox 594 2242 857 2281; x_wconf 87' lang='lat' dir='ltr'>devotionis</span> <span class='ocrx_word' id='word_1_262' title='bbox 888 2242 1075 2293; x_wconf 82' lang='lat' dir='ltr'>spiritu,</span> <span class='ocrx_word' id='word_1_263' title='bbox 1112 2254 1193 2283; x_wconf 90' lang='lat' dir='ltr'>cor</span> <span class='ocrx_word' id='word_1_264' title='bbox 1222 2243 1422 2282; x_wconf 89' lang='lat' dir='ltr'>hominis</span> <span class='ocrx_word' id='word_1_265' title='bbox 1451 2243 1512 2282; x_wconf 89' lang='lat' dir='ltr'>ad</span> <span class='ocrx_word' id='word_1_266' title='bbox 1532 2242 1771 2283; x_wconf 87' lang='lat' dir='ltr'>Creatoris</span> <span class='ocrx_word' id='word_1_267' title='bbox 1799 2255 1853 2282; x_wconf 89' lang='lat' dir='ltr'>ac</span> 
     </span>
     <span class='ocr_line' id='line_1_31' title="bbox 227 2312 1851 2361; baseline 0 -8"><span class='ocrx_word' id='word_1_268' title='bbox 227 2312 488 2353; x_wconf 84' lang='lat' dir='ltr'>Salvatoris</span> <span class='ocrx_word' id='word_1_269' title='bbox 510 2313 581 2351; x_wconf 90' lang='lat' dir='ltr'>sui</span> <span class='ocrx_word' id='word_1_270' title='bbox 609 2312 904 2352; x_wconf 86' lang='lat' dir='ltr'>dilectionem</span> <span class='ocrx_word' id='word_1_271' title='bbox 934 2312 1297 2353; x_wconf 89' lang='lat' dir='ltr'>inflammabant.</span> <span class='ocrx_word' id='word_1_272' title='bbox 1329 2313 1525 2353; x_wconf 88' lang='lat' dir='ltr'>Factum</span> <span class='ocrx_word' id='word_1_273' title='bbox 1553 2319 1622 2353; x_wconf 92' lang='lat' dir='ltr'>est</span> <span class='ocrx_word' id='word_1_274' title='bbox 1648 2314 1851 2361; x_wconf 87' lang='lat' dir='ltr'>tandem,</span> 
     </span>
     <span class='ocr_line' id='line_1_32' title="bbox 227 2383 1851 2434; baseline 0.001 -12"><span class='ocrx_word' id='word_1_275' title='bbox 227 2383 317 2422; x_wconf 82' lang='lat' dir='ltr'>Dei</span> <span class='ocrx_word' id='word_1_276' title='bbox 338 2383 591 2422; x_wconf 79' lang='lat' dir='ltr'>auxiliante</span> <span class='ocrx_word' id='word_1_277' title='bbox 612 2383 785 2433; x_wconf 83' lang='lat' dir='ltr'>gratia,</span> <span class='ocrx_word' id='word_1_278' title='bbox 810 2389 859 2423; x_wconf 95' lang='lat' dir='ltr'>ut</span> <span class='ocrx_word' id='word_1_279' title='bbox 880 2389 976 2423; x_wconf 91' lang='lat' dir='ltr'>tam</span> <span class='ocrx_word' id='word_1_280' title='bbox 997 2383 1248 2423; x_wconf 85' lang='lat' dir='ltr'>conformis</span> <span class='ocrx_word' id='word_1_281' title='bbox 1268 2383 1454 2424; x_wconf 85' lang='lat' dir='ltr'>divinae</span> <span class='ocrx_word' id='word_1_282' title='bbox 1482 2384 1731 2434; x_wconf 86' lang='lat' dir='ltr'>voluntati,</span> <span class='ocrx_word' id='word_1_283' title='bbox 1755 2391 1851 2424; x_wconf 90' lang='lat' dir='ltr'>tam</span> 
     </span>
     <span class='ocr_line' id='line_1_33' title="bbox 228 2453 1854 2506; baseline 0.001 -14"><span class='ocrx_word' id='word_1_284' title='bbox 228 2453 410 2493; x_wconf 85' lang='lat' dir='ltr'>fervido</span> <span class='ocrx_word' id='word_1_285' title='bbox 443 2464 667 2492; x_wconf 88' lang='lat' dir='ltr'>accensus</span> <span class='ocrx_word' id='word_1_286' title='bbox 700 2464 874 2503; x_wconf 91' lang='lat' dir='ltr'>amore,</span> <span class='ocrx_word' id='word_1_287' title='bbox 900 2459 1122 2505; x_wconf 88' lang='lat' dir='ltr'>tantaque</span> <span class='ocrx_word' id='word_1_288' title='bbox 1150 2454 1196 2493; x_wconf 91' lang='lat' dir='ltr'>in</span> <span class='ocrx_word' id='word_1_289' title='bbox 1216 2454 1466 2494; x_wconf 89' lang='lat' dir='ltr'>Dominum</span> <span class='ocrx_word' id='word_1_290' title='bbox 1494 2454 1654 2506; x_wconf 89' lang='lat' dir='ltr'>Jesum</span> <span class='ocrx_word' id='word_1_291' title='bbox 1684 2454 1854 2494; x_wconf 88' lang='lat' dir='ltr'>fiducia</span> 
     </span>
     <span class='ocr_line' id='line_1_34' title="bbox 230 2523 1854 2575; baseline 0.001 -13"><span class='ocrx_word' id='word_1_292' title='bbox 230 2529 503 2574; x_wconf 82' lang='lat' dir='ltr'>moreretur,</span> <span class='ocrx_word' id='word_1_293' title='bbox 534 2528 582 2562; x_wconf 92' lang='lat' dir='ltr'>ut</span> <span class='ocrx_word' id='word_1_294' title='bbox 604 2523 635 2562; x_wconf 88' lang='lat' dir='ltr'>ii</span> <span class='ocrx_word' id='word_1_295' title='bbox 656 2523 732 2574; x_wconf 90' lang='lat' dir='ltr'>qui</span> <span class='ocrx_word' id='word_1_296' title='bbox 763 2523 957 2563; x_wconf 86' lang='lat' dir='ltr'>aderant</span> <span class='ocrx_word' id='word_1_297' title='bbox 983 2523 1292 2575; x_wconf 87' lang='lat' dir='ltr'>affirmarent,</span> <span class='ocrx_word' id='word_1_298' title='bbox 1324 2537 1351 2564; x_wconf 89' lang='lat' dir='ltr'>a</span> <span class='ocrx_word' id='word_1_299' title='bbox 1372 2525 1526 2564; x_wconf 91' lang='lat' dir='ltr'>multis</span> <span class='ocrx_word' id='word_1_300' title='bbox 1547 2525 1681 2564; x_wconf 87' lang='lat' dir='ltr'>annis</span> <span class='ocrx_word' id='word_1_301' title='bbox 1704 2525 1854 2564; x_wconf 91' lang='lat' dir='ltr'>visam</span> 
     </span>
     <span class='ocr_line' id='line_1_35' title="bbox 224 2593 1853 2635; baseline 0.001 -2"><span class='ocrx_word' id='word_1_302' title='bbox 224 2606 323 2634; x_wconf 85' lang='lat' dir='ltr'>non</span> <span class='ocrx_word' id='word_1_303' title='bbox 351 2593 493 2633; x_wconf 84' lang='lat' dir='ltr'>fuisse</span> <span class='ocrx_word' id='word_1_304' title='bbox 522 2599 701 2633; x_wconf 89' lang='lat' dir='ltr'>tantam</span> <span class='ocrx_word' id='word_1_305' title='bbox 732 2594 874 2633; x_wconf 87' lang='lat' dir='ltr'>animi</span> <span class='ocrx_word' id='word_1_306' title='bbox 903 2595 1216 2634; x_wconf 86' lang='lat' dir='ltr'>constantiam</span> <span class='ocrx_word' id='word_1_307' title='bbox 1250 2607 1305 2635; x_wconf 91' lang='lat' dir='ltr'>ac</span> <span class='ocrx_word' id='word_1_308' title='bbox 1340 2594 1661 2635; x_wconf 87' lang='lat' dir='ltr'>fortitudinem</span> <span class='ocrx_word' id='word_1_309' title='bbox 1696 2595 1741 2634; x_wconf 88' lang='lat' dir='ltr'>in</span> <span class='ocrx_word' id='word_1_310' title='bbox 1776 2596 1853 2635; x_wconf 91' lang='lat' dir='ltr'>ho-</span> 
     </span>
    </p>
   </div>
   <div class='ocr_carea' id='block_1_3' title="bbox 356 2687 435 2690">
    <p class='ocr_par' dir='ltr' id='par_1_4' title="bbox 356 2687 435 2690">
     <span class='ocr_line' id='line_1_36' title="bbox 356 2687 435 2690; baseline 0 0"><span class='ocrx_word' id='word_1_311' title='bbox 356 2687 435 2690; x_wconf 95' lang='lat' dir='ltr'> </span> 
     </span>
    </p>
   </div>
   <div class='ocr_carea' id='block_1_4' title="bbox 285 2725 1852 2994">
    <p class='ocr_par' dir='ltr' id='par_1_5' title="bbox 285 2725 1852 2810">
     <span class='ocr_line' id='line_1_37' title="bbox 288 2725 1852 2763; baseline 0.004 -12"><span class='ocrx_word' id='word_1_312' title='bbox 288 2727 294 2745; x_wconf 86' lang='lat'>¹</span> <span class='ocrx_word' id='word_1_313' title='bbox 337 2725 451 2753; x_wconf 80' lang='lat' dir='ltr'>Verba</span> <span class='ocrx_word' id='word_1_314' title='bbox 467 2727 561 2753; x_wconf 84' lang='lat' dir='ltr'>haec:</span> <span class='ocrx_word' id='word_1_315' title='bbox 579 2729 698 2759; x_wconf 78' lang='lat' dir='ltr'>estque</span> <span class='ocrx_word' id='word_1_316' title='bbox 714 2734 883 2753; x_wconf 80' lang='lat' dir='ltr'>numerus</span> <span class='ocrx_word' id='word_1_317' title='bbox 899 2735 1017 2754; x_wconf 78' lang='lat' dir='ltr'>eornm</span> <span class='ocrx_word' id='word_1_318' title='bbox 1033 2729 1176 2755; x_wconf 75' lang='lat' dir='ltr'>circiter</span> <span class='ocrx_word' id='word_1_319' title='bbox 1190 2730 1428 2763; x_wconf 77' lang='lat' dir='ltr'>quadraginta</span> <span class='ocrx_word' id='word_1_320' title='bbox 1443 2730 1555 2756; x_wconf 87' lang='lat' dir='ltr'>deleta</span> <span class='ocrx_word' id='word_1_321' title='bbox 1570 2734 1646 2756; x_wconf 88' lang='lat' dir='ltr'>sunt</span> <span class='ocrx_word' id='word_1_322' title='bbox 1662 2738 1681 2756; x_wconf 90' lang='lat' dir='ltr'>a</span> <span class='ocrx_word' id='word_1_323' title='bbox 1696 2729 1852 2758; x_wconf 84' lang='lat' dir='ltr'>Polanco.</span> 
     </span>
     <span class='ocr_line' id='line_1_38' title="bbox 285 2773 1710 2810; baseline 0.003 -11"><span class='ocrx_word' id='word_1_324' title='bbox 285 2774 298 2791; x_wconf 66' lang='lat'>2&#39;</span> <span class='ocrx_word' id='word_1_325' title='bbox 336 2773 450 2799; x_wconf 85' lang='lat' dir='ltr'>Etiam</span> <span class='ocrx_word' id='word_1_326' title='bbox 466 2774 560 2800; x_wconf 82' lang='lat' dir='ltr'>haec:</span> <span class='ocrx_word' id='word_1_327' title='bbox 577 2773 648 2800; x_wconf 81' lang='lat' dir='ltr'>tale</span> <span class='ocrx_word' id='word_1_328' title='bbox 660 2775 878 2807; x_wconf 73' lang='lat' dir='ltr'>praesertim</span> <span class='ocrx_word' id='word_1_329' title='bbox 896 2775 984 2807; x_wconf 81' lang='lat' dir='ltr'>qnod</span> <span class='ocrx_word' id='word_1_330' title='bbox 996 2775 1155 2809; x_wconf 76' lang='lat' dir='ltr'>plateam</span> <span class='ocrx_word' id='word_1_331' title='bbox 1174 2777 1378 2810; x_wconf 75' lang='lat' dir='ltr'>respiceret,</span> <span class='ocrx_word' id='word_1_332' title='bbox 1392 2776 1518 2803; x_wconf 84' lang='lat' dir='ltr'>delevit</span> <span class='ocrx_word' id='word_1_333' title='bbox 1534 2776 1710 2804; x_wconf 85' lang='lat' dir='ltr'>Polancus.</span> 
     </span>
    </p>

    <p class='ocr_par' dir='ltr' id='par_1_6' title="bbox 287 2820 924 2853">
     <span class='ocr_line' id='line_1_39' title="bbox 287 2820 924 2853; baseline 0.005 -8"><span class='ocrx_word' id='word_1_334' title='bbox 287 2820 300 2837; x_wconf 55' lang='grc' dir='ltr'>Γ·</span> <span class='ocrx_word' id='word_1_335' title='bbox 340 2820 465 2853; x_wconf 73' lang='lat' dir='ltr'>Aliqua</span> <span class='ocrx_word' id='word_1_336' title='bbox 481 2822 651 2847; x_wconf 79' lang='lat' dir='ltr'>sublatum</span> <span class='ocrx_word' id='word_1_337' title='bbox 666 2825 750 2847; x_wconf 83' lang='lat' dir='ltr'>esta</span> <span class='ocrx_word' id='word_1_338' title='bbox 767 2821 924 2848; x_wconf 86' lang='lat' dir='ltr'>Polanco.</span> 
     </span>
    </p>

    <p class='ocr_par' dir='ltr' id='par_1_7' title="bbox 290 2867 915 2900">
     <span class='ocr_line' id='line_1_40' title="bbox 290 2867 915 2900; baseline 0.002 -7"><span class='ocrx_word' id='word_1_339' title='bbox 290 2869 296 2886; x_wconf 64' lang='grc' dir='ltr'><strong>ἰ</strong></span> <span class='ocrx_word' id='word_1_340' title='bbox 337 2867 401 2900; x_wconf 81' lang='lat' dir='ltr'>Sic,</span> <span class='ocrx_word' id='word_1_341' title='bbox 417 2874 478 2894; x_wconf 83' lang='lat' dir='ltr'>nec</span> <span class='ocrx_word' id='word_1_342' title='bbox 494 2868 708 2894; x_wconf 84' lang='lat' dir='ltr'>emendatum</span> <span class='ocrx_word' id='word_1_343' title='bbox 722 2875 742 2894; x_wconf 85' lang='lat' dir='ltr'>a</span> <span class='ocrx_word' id='word_1_344' title='bbox 759 2868 915 2895; x_wconf 89' lang='lat' dir='ltr'>Polanco.</span> 
     </span>
    </p>

    <p class='ocr_par' dir='ltr' id='par_1_8' title="bbox 286 2914 1200 2949">
     <span class='ocr_line' id='line_1_41' title="bbox 286 2914 1200 2949; baseline 0.005 -9"><span class='ocrx_word' id='word_1_345' title='bbox 286 2915 300 2931; x_wconf 65' lang='grc' dir='ltr'>ἱ·</span> <span class='ocrx_word' id='word_1_346' title='bbox 338 2914 586 2941; x_wconf 80' lang='lat' dir='ltr'>Maximilianus</span> <span class='ocrx_word' id='word_1_347' title='bbox 601 2915 715 2941; x_wconf 85' lang='lat' dir='ltr'>habet:</span> <span class='ocrx_word' id='word_1_348' title='bbox 733 2915 946 2949; x_wconf 74' lang='lat' dir='ltr'>confortaret</span> <span class='ocrx_word' id='word_1_349' title='bbox 962 2919 993 2942; x_wconf 76' lang='lat' dir='ltr'>et</span> <span class='ocrx_word' id='word_1_350' title='bbox 1011 2918 1200 2945; x_wconf 74' lang='lat' dir='ltr'>animaret.</span> 
     </span>
    </p>

    <p class='ocr_par' dir='ltr' id='par_1_9' title="bbox 286 2959 1243 2994">
     <span class='ocr_line' id='line_1_42' title="bbox 286 2959 1243 2994; baseline 0.006 -8"><span class='ocrx_word' id='word_1_351' title='bbox 286 2960 301 2977; x_wconf 70' lang='lat'>⁰</span> <span class='ocrx_word' id='word_1_352' title='bbox 339 2959 410 2987; x_wconf 86' lang='lat' dir='ltr'>Nec</span> <span class='ocrx_word' id='word_1_353' title='bbox 425 2961 537 2987; x_wconf 74' lang='lat' dir='ltr'>latum</span> <span class='ocrx_word' id='word_1_354' title='bbox 555 2969 706 2994; x_wconf 79' lang='lat' dir='ltr'>unguem</span> <span class='ocrx_word' id='word_1_355' title='bbox 724 2962 765 2988; x_wconf 84' lang='lat' dir='ltr'>ab</span> <span class='ocrx_word' id='word_1_356' title='bbox 782 2969 819 2988; x_wconf 82' lang='lat' dir='ltr'>eo</span> <span class='ocrx_word' id='word_1_357' title='bbox 835 2962 967 2989; x_wconf 76' lang='lat' dir='ltr'>dixerat</span> <span class='ocrx_word' id='word_1_358' title='bbox 986 2963 1243 2992; x_wconf 84' lang='lat' dir='ltr'>Maximilianus.</span> 
     </span>
    </p>
   </div>
  </div>
 </body>
</html>
