1987 3260
223 200 293 237 316
747 199 971 234 Lirri-:RAE
999 208 1356 240 QUADRIMESTRES

220 301 270 335 ut
297 295 631 336 conscientiam
665 293 820 333 multis
854 292 1068 333 sordibus
1096 294 1463 334 contaminatam
1489 301 1768 345 purgarent,
1801 300 1846 335 et

220 365 442 405 vitiorum
462 365 671 405 maculas
692 364 891 411 luerent,
916 373 1019 402 sese
1048 368 1303 414 receptant.
1333 364 1405 404 Ex
1431 364 1502 404 his
1532 364 1609 404 alii
1629 370 1845 416 quatuor,

224 435 302 475 alii
340 448 445 486 sex,
482 434 668 487 quidam
702 438 900 484 septem,
937 433 1145 473 nonnulli
1182 433 1364 485 decem,
1396 446 1544 485 neque
1570 435 1709 485 pauci
1743 435 1852 475 totis

224 506 384 546 decem
410 511 454 545 et
488 510 591 545 octo
627 510 706 543 aut
739 503 906 554 viginti
934 503 1089 554 annis,
1128 504 1323 543 salutari
1349 505 1664 555 poenitentiae
1695 516 1850 545 sacra-

223 582 378 616 mento
407 581 451 616 et
479 575 764 615 sacramenti
797 573 1021 613 beneficio
1056 580 1325 625 caruerant,
1362 575 1437 614 hic
1471 575 1765 616 fortunarum
1782 575 1847 627 ja-

223 652 355 686 ctura
389 646 448 686 ad
484 645 857 696 desperationem
889 644 1129 695 redactuS,
1163 644 1237 684 ille
1270 645 1530 685 inveterato
1568 646 1674 685 odio
1710 651 1853 697 atque

222 717 389 757 animis
419 715 698 756 exulceratis
727 715 1084 765 contabescens,
1119 715 1328 754 nonnulli
1358 715 1450 766 qui,
1474 716 1521 754 in
1542 717 1854 756 concubinatu

224 793 360 838 atque
392 785 619 826 adulterio
642 785 872 835 obdurati,
904 785 962 824 ad
984 797 1118 825 omne
1139 797 1256 836 pene
1278 785 1479 825 immane
1500 785 1683 826 facinus
1705 788 1853 827 occal-

224 859 425 906 luerant,
463 856 577 896 nihil
612 856 763 895 minus
799 867 938 907 quam
969 856 1025 895 de
1060 867 1144 895 sua
1181 857 1330 896 salute
1363 857 1640 906 cogitantes.
1679 857 1855 897 Verum

225 928 479 977 enimvero,
517 931 811 965 sacramento
841 925 1146 966 confessionis
1168 926 1268 966 Deo
1290 938 1374 966 suo
1396 927 1711 978 reconciliati,
1736 933 1779 967 et
1800 927 1855 968 de

226 1003 455 1049 potestate
477 997 776 1036 tenebrarum
797 997 965 1047 erepti,
988 997 1364 1048 gravissimoque
1395 997 1633 1037 servitutis
1646 997 1776 1049 jugo,
1799 1010 1856 1037 ex

226 1068 491 1108 cervicibus
525 1067 740 1118 depulso,
779 1067 982 1117 liberati,
1019 1067 1167 1107 vitam
1197 1068 1335 1118 longe
1367 1068 1507 1107 aliam
1539 1068 1852 1108 instituerunt.

305 1138 527 1178 Meretrix
548 1136 778 1188 quaedam
804 1137 923 1177 inter
953 1138 1090 1188 alias,
1122 1149 1240 1188 quae
1271 1136 1367 1188 jam
1394 1138 1555 1178 decem
1582 1149 1731 1178 annos
1759 1138 1852 1178 foe-

226 1208 417 1249 dissimo
451 1207 753 1258 turpitudinis
774 1218 920 1247 coeno
947 1208 1183 1256 involuta,
1215 1208 1411 1247 circaeis
1440 1209 1618 1259 poculis
1649 1208 1856 1260 perditos

219 1279 416 1331 juvenes
435 1278 482 1318 in
503 1290 608 1318 sues
630 1283 917 1318 commutare
941 1277 950 1296 ¹
973 1278 1108 1318 solita
1140 1284 1260 1329 erat,
1292 1290 1384 1318 non
1415 1280 1564 1319 solum
1585 1291 1643 1319 ex
1663 1279 1852 1330 profun-

226 1350 417 1389 dissima
447 1349 780 1388 obscoenitatis
802 1349 1030 1399 voragine
1050 1348 1064 1366 ²
1085 1360 1340 1400 emergere,
1360 1349 1441 1389 sed
1462 1361 1511 1389 se
1533 1350 1673 1389 etiam
1688 1349 1789 1390 Deo
1806 1350 1853 1389 in

224 1420 450 1470 religione
472 1430 750 1459 consecrare
771 1419 1025 1459 constituit.

304 1490 643 1530 Poenitentium
664 1501 884 1530 numerus
911 1490 1039 1530 hisce
1061 1491 1220 1530 diebus
1242 1490 1255 1508 ⁵
1276 1490 1461 1531 fuerunt
1484 1491 1669 1530 circiter
1690 1491 1813 1530 mille
1836 1489 1851 1508 ⁴

228 1567 307 1601 aut
329 1566 454 1601 certe
480 1572 573 1600 non
603 1561 747 1600 multo
775 1572 922 1600 secus.
956 1560 1074 1600 Nam
1095 1561 1249 1601 multis
1272 1561 1446 1612 diebus,
1471 1567 1578 1601 ante
1599 1562 1765 1611 lucem,
1791 1561 1850 1600 ad

226 1632 539 1672 confessiones
561 1631 816 1671 audiendas
838 1632 1059 1682 quinque,
1090 1632 1167 1683 qui
1184 1632 1307 1672 domi
1328 1643 1535 1682 eramus,
1560 1632 1848 1681 sacerdotes,

228 1703 602 1752 accersebamur,
635 1708 679 1741 et
708 1713 853 1753 usque
889 1702 948 1741 ad
982 1702 1169 1742 tertiam
1199 1703 1350 1742 noctis
1380 1703 1545 1742 horam
1578 1704 1855 1754 plerumque

226 1773 314 1813 illis
335 1773 575 1813 audiendis
597 1772 945 1812 distinebamur.
982 1772 1141 1823 Neque
1171 1785 1284 1812 vero
1310 1773 1341 1812 ii
1369 1779 1566 1824 tantum,
1591 1773 1669 1824 qui
1690 1773 1749 1813 ad
1769 1784 1854 1812 nos

227 1843 538 1893 ventitabant,
563 1842 763 1882 confessi
790 1849 921 1893 sunt,
949 1854 1231 1894 quamquam
1251 1844 1458 1883 nonnulli
1479 1843 1640 1893 etiam,
1664 1849 1854 1894 propter

227 1925 460 1954 summum
480 1926 538 1953 ex
559 1914 781 1953 extremis
800 1914 927 1953 urbis
948 1914 1217 1964 regionibus
1248 1926 1553 1964 concursum,
1588 1926 1693 1954 cum
1723 1914 1855 1965 paria

227 1985 382 2024 facere
403 1996 495 2024 non
517 1996 783 2035 possemus,
808 1984 979 2035 repulsi
1010 1991 1139 2035 sunt3
1173 1985 1254 2024 sed
1285 1985 1423 2025 etiam
1453 1985 1679 2025 moniales
1707 1983 1854 2035 cujus-

228 2055 335 2095 dam
366 2055 577 2095 coenobii
604 2055 796 2094 summis
824 2055 1040 2106 precibus
1071 2056 1407 2095 contenderunt
1428 2062 1477 2095 ut
1498 2066 1660 2095 earum
1681 2055 1855 2095 confes-

227 2125 380 2165 siones
418 2130 684 2164 nostrorum
719 2125 885 2176 aliquis
921 2125 1122 2176 audiret,
1161 2126 1284 2177 quod
1320 2137 1426 2166 cum
1466 2126 1658 2165 honeste
1693 2126 1856 2177 negari

228 2207 320 2235 non
348 2200 505 2247 posset
533 2207 560 2234 a
587 2195 741 2245 nobis,
772 2196 978 2235 maxima
1011 2196 1194 2235 illarum
1224 2196 1422 2236 utilitate
1452 2202 1495 2236 et
1529 2196 1684 2236 fructu
1711 2196 1855 2248 perse-

228 2271 356 2305 ctum
375 2271 458 2305 est.
492 2265 595 2304 Non
625 2264 868 2305 defuerunt
898 2266 1108 2317 plurimi,
1142 2266 1219 2317 qui
1254 2265 1314 2305 ad
1342 2278 1427 2306 nos
1458 2267 1731 2306 munuscula
1752 2267 1854 2306 mis-

228 2336 442 2386 sitarent;
480 2336 561 2375 sed
595 2347 649 2375 ea
685 2336 841 2375 omnia
876 2348 1058 2387 semper
1088 2336 1264 2376 intacta
1295 2337 1581 2387 remisimus,
1614 2343 1664 2376 ut
1699 2342 1742 2376 et
1776 2348 1855 2377 no-

228 2412 375 2445 strum
396 2406 559 2446 melius
582 2406 842 2445 institutum
863 2406 1213 2457 intelligeretur,
1238 2412 1282 2446 et
1303 2418 1403 2457 nos,
1424 2418 1529 2447 cum
1551 2406 1673 2447 Divo
1695 2406 1853 2457 Paulo,

229 2488 323 2516 non
343 2487 428 2516 sua
449 2476 531 2516 sed
552 2488 600 2515 se
622 2488 846 2527 quaerere
869 2477 1333 2517 animadverteretur.

306 2547 411 2599 Jam
431 2558 544 2586 vero
566 2547 770 2597 quotidie
799 2547 855 2586 ab
887 2547 1237 2598 aegrotantibus
1267 2554 1311 2587 et
1340 2548 1490 2587 minus
1521 2554 1647 2588 recta
1679 2550 1854 2588 valetu-

286 2750 296 2769 ¹
336 2754 544 2778 commutare
567 2753 598 2777 el
619 2751 825 2777 sirenarum
846 2753 952 2778 cantu
976 2751 1111 2778 illectos
1129 2753 1349 2786 praecipites
1369 2760 1482 2785 agere.
1506 2753 1629 2780 Ac11.—-
1641 2757 1859 2780 commutare.

235 2797 311 2823 PoL.

289 2845 302 2862 ‘—'
341 2846 505 2878 voragine
521 2853 561 2872 ac
577 2845 753 2872 barathro.
768 2846 854 2871 Aen.

285 2891 298 2909 ·“·
336 2891 451 2918 Verba
468 2892 550 2918 haec
566 2892 661 2919 hisce
676 2892 801 2918 diebus
815 2892 944 2919 addidit
962 2892 1147 2919 PoLAxcus.

283 2938 297 2956 s*
332 2938 393 2965 «500.
416 2939 633 2966 Acir—1000.
658 2939 850 2973 PoLANcUs,
875 2940 928 2973 qui
952 2939 1086 2966 aliunde
1108 2939 1205 2973 hujus
1227 2940 1355 2966 numeri
1380 2940 1536 2967 notitiam
1559 2940 1710 2967 hausisse
1736 2944 1855 2974 putan-

229 2985 289 3012 dus
304 2990 365 3012 cst.
