1987 3260
873 152 954 189 ΑΝ.
985 150 1075 189 1549
1714 150 1784 187 173

238 250 361 290 Bene
384 251 537 289 valeat
558 249 608 289 Ρ.
630 249 689 289 V.
713 260 889 300 nosque
913 258 1072 288 omnes
1103 246 1151 286 P.
1182 246 1240 285 V.
1274 246 1560 296 aliorumque
1590 245 1781 285 Patrum

157 333 213 361 ac
234 320 452 360 Fratrum
475 319 765 360 orationibus
782 318 938 370 juvari
959 328 1221 369 precamur.

235 391 261 429 4
282 390 500 432 Octobris
528 389 640 429 1549.

1158 527 1381 578 Indignus
1403 539 1568 568 servus

1109 635 1392 674 LEONARDUS
1416 633 1611 674 KESSEL.

232 884 596 935 Sttpe‘rscm'ptt'o.
621 883 675 923 R.
698 883 825 923 Patri
853 882 974 922 Dno.
1008 882 1188 932 Ignatio
1218 893 1245 920 a
1276 881 1476 932 Loyoia,
1508 882 1781 933 praeposito

153 954 400 995 Societatis
421 955 546 1008 Jesu,
571 954 765 994 Romae.

231 1025 340 1065 Alsa
363 1037 524 1065 mann:
544 1025 569 1063 4
585 1025 626 1065 d’
644 1024 781 1065 Obre.
810 1023 922 1074 1549,
947 1023 1192 1064 Leonardo
1210 1023 1386 1073 Kessel,
1413 1022 1619 1063 Colonia.

232 1096 295 1136 Et
317 1096 430 1135 alsa:
451 1096 602 1136 Vista.

230 1166 443 1207 Teodoro
466 1165 657 1206 Peltano
680 1167 713 1205 s’
736 1170 759 1206 e
781 1166 987 1216 obligato
1010 1166 1101 1205 alla
1130 1164 1382 1216 Compag.³

230 1237 331 1278 Due
353 1237 459 1278 altri
479 1237 671 1288 giovani
691 1237 730 1276 si
760 1236 985 1276 ridueono
1015 1248 1042 1276 a
1070 1236 1222 1275 buona
1253 1236 1348 1274 vita
1378 1247 1464 1275 con
1493 1236 1520 1274 l’
1552 1234 1785 1285 essempio

153 1309 260 1349 delli
280 1308 366 1348 nri.

229 1380 302 1420 Un
326 1378 544 1418 Veseovo
567 1377 846 1418 scandaloso
864 1389 952 1418 con
968 1377 1033 1428 gli
1050 1377 1276 1417 essercitii
1299 1376 1528 1428 spirituali
1545 1376 1583 1415 si
1600 1375 1776 1425 riduce,

151 1463 175 1490 e
210 1451 281 1490 sul
314 1449 489 1501 pulpito
518 1447 737 1489 dimanda
763 1448 970 1499 perdono
1002 1449 1047 1487 al
1072 1460 1156 1488 suo
1184 1449 1353 1499 popolo
1385 1447 1505 1487 della
1531 1447 1654 1486 mala
1680 1446 1779 1486 vita

151 1527 358 1572 passata3
381 1525 609 1572 promette
630 1519 675 1559 di
696 1531 823 1559 esser
843 1519 944 1559 loro
967 1519 1091 1559 buon
1112 1524 1300 1570 pastore
1322 1530 1404 1569 per
1425 1517 1451 1556 1'
1474 1518 1678 1557 avenire.

230 1591 278 1632 Si
298 1592 343 1631 fa
363 1590 550 1642 profitto
570 1591 679 1630 nelli
699 1590 840 1630 studii
861 1596 905 1630 et
926 1590 1046 1629 nello
1072 1589 1249 1640 spirito.

232 1662 305 1703 Nil
326 1661 452 1702 aliud
472 1661 532 1702 ad
552 1661 713 1701 histor.
