1987 3260
851 191 933 228 AN.
967 190 1057 227 1552
1697 191 1768 226 515

144 291 189 329 in
210 288 580 339 desperationem
602 288 878 339 quandoque
895 288 1183 339 redigantur3
1208 288 1253 327 in
1270 287 1435 339 quibus
1452 287 1763 337 consolandis,

144 366 187 400 et
209 360 255 399 in
272 358 602 399 consolationis
624 371 754 410 spem
775 358 1010 409 erigendis
1035 365 1079 399 et
1100 358 1158 398 ad
1179 358 1350 399 Christi
1371 357 1558 398 Domini
1580 357 1767 397 medita-

144 431 316 470 tionem
338 429 615 478 attollendis,
641 441 735 468 non
756 441 921 480 parum
949 429 1006 469 ab
1034 441 1088 469 eo
1123 440 1295 480 operae
1315 429 1575 468 insumitur.
1599 428 1770 468 Multos

146 507 389 552 praeterea
414 500 459 539 in
481 500 593 539 urbe
615 500 672 539 ab
695 500 812 540 odiis
843 506 887 540 et
909 500 1160 540 inimicitiis
1188 506 1256 540 est
1278 499 1574 550 dehortatus,
1607 510 1772 550 pacem

149 572 266 611 inter
287 571 457 611 multos
479 570 565 610 sibi
586 576 745 610 mutuo
776 571 1101 619 adversantes,
1132 571 1259 611 viros
1289 576 1332 610 et
1362 581 1554 620 uxores,
1589 582 1772 621 compo-

147 642 258 691 suit,
282 648 502 692 utrosque
525 641 582 681 ad
605 641 944 682 confessionem
972 642 1166 692 singulis
1195 641 1428 682 mensibus
1456 641 1773 692 peragendam

150 712 387 752 inducens.
412 713 468 752 Et
490 714 626 763 plane
647 713 814 753 mirum
835 719 904 752 est
926 719 1149 764 quantum
1171 714 1288 753 inter
1310 714 1577 763 nonnullos,
1603 713 1681 764 qui
1701 725 1774 752 ca-

151 784 280 834 pitali
302 783 406 823 odio
439 783 745 833 dissidebant,
777 784 893 824 haec
922 796 1059 824 sacra
1086 783 1316 824 consessio
1348 784 1519 824 virium
1545 784 1772 823 habuerit.

153 854 283 895 Unde
303 854 350 894 fit
371 860 420 894 ut
443 855 473 894 ii
495 855 624 904 alios,
650 866 756 894 curn
775 855 941 906 quibus
962 862 1227 906 versantur,
1253 855 1312 895 ad
1333 866 1435 895 eam
1462 855 1622 895 sedulo
1657 855 1777 894 exci—

154 931 264 965 tent.
301 924 394 965 Res
428 932 496 965 est
530 925 739 976 profecto
775 926 896 966 unde
931 925 1130 977 Spiritus
1157 925 1357 967 Sanctus
1388 926 1446 965 sit
1486 937 1779 977 summopere

154 995 435 1045 laudandus,
474 997 550 1047 qui
589 1002 745 1036 tantas
780 996 821 1036 ei
854 997 981 1036 vires
1015 997 1313 1048 suppeditare
1348 997 1582 1048 dignatur,
1619 1002 1668 1036 ut
1703 996 1779 1036 ali·-

156 1068 341 1119 quando
369 1069 631 1118 complures
657 1079 830 1119 easque
865 1069 1111 1119 generales
1146 1067 1485 1118 confessiones,
1516 1079 1571 1108 ac
1603 1067 1779 1117 decem,

157 1138 434 1189 quindecim,
459 1139 628 1189 viginti
649 1151 892 1189 annorum,
916 1139 1052 1179 unico
1076 1139 1148 1179 die
1171 1139 1345 1190 audiat,
1369 1140 1539 1179 multas
1566 1139 1707 1179 horas
1737 1139 1784 1178 in

157 1209 244 1249 hoc
267 1209 404 1249 unico
425 1209 613 1259 negotio
634 1210 758 1249 nulla
782 1210 1122 1250 intermissione
1145 1211 1433 1262 impendens.

237 1280 477 1319 Hactenus
498 1279 642 1320 Ducis
663 1282 923 1330 voluntate,
948 1281 1026 1332 qui
1046 1281 1091 1321 id
1114 1294 1140 1321 a
1160 1281 1209 1321 P.
1239 1282 1297 1321 V.
1329 1294 1412 1333 per
1438 1282 1618 1322 litteras
1646 1282 1784 1333 impe·

157 1351 299 1390 travit
321 1350 379 1389 ad
401 1358 602 1402 tempus,
627 1352 945 1402 orphanarum
963 1352 1244 1403 puellarum,
1269 1364 1386 1403 quae
1418 1353 1658 1404 octoginta
1679 1358 1786 1392 sunt

160 1428 237 1461 aut
259 1423 429 1473 plures,
452 1422 591 1462 Pater
612 1421 734 1462 idem
756 1434 918 1462 curam
939 1423 1048 1473 egit,
1072 1434 1189 1474 quae
1212 1424 1258 1463 in
1279 1429 1503 1474 quantum
1525 1424 1788 1463 sanctitatis

159 1493 395 1532 evaserint
416 1504 527 1533 vere
547 1504 724 1544 nequeo
753 1494 1030 1544 exprimere.
1063 1494 1180 1534 Fere
1208 1506 1369 1534 omnes
1397 1495 1621 1535 exercitia
1650 1495 1788 1546 degu-

161 1571 362 1613 starunt,
394 1575 590 1615 quorum
617 1564 854 1615 beneficio,
878 1564 934 1605 de
961 1565 1127 1616 quibus
1153 1567 1278 1605 nulla
1305 1566 1552 1617 probitatis
1573 1577 1679 1617 spes
1710 1572 1790 1606 aut

162 1635 400 1685 pertenuis
422 1634 692 1685 affulgebat,
718 1642 930 1676 caeteras
951 1637 1200 1676 nonnullae
1222 1642 1521 1687 superarunt;
1544 1644 1593 1676 ut
1615 1648 1696 1676 eas
1722 1649 1788 1676 re-

163 1713 298 1746 natas
319 1707 455 1756 plane
477 1712 520 1746 et
542 1706 656 1746 alias
679 1706 868 1746 effectas
891 1719 917 1747 a
938 1707 1094 1747 multis
1116 1713 1159 1747 et
1189 1708 1375 1759 quidem
1400 1708 1583 1759 publice
1611 1708 1790 1759 praedi-

164 1784 309 1818 cetur.
334 1777 403 1817 Ac
425 1789 481 1817 ne
504 1777 750 1829 quaepiam
772 1784 908 1827 esset,
933 1789 1051 1829 quae
1071 1779 1248 1818 nullum
1268 1778 1471 1819 fructum
1492 1791 1551 1818 ex
1572 1790 1625 1818 eo
1646 1779 1791 1830 perci-

165 1854 314 1899 peret,
339 1848 532 1899 contigit
553 1854 601 1888 ut
623 1848 742 1888 inter
763 1860 843 1888 eas
865 1854 992 1889 muta
1015 1849 1355 1900 comperiretur
1376 1855 1514 1901 atque
1536 1850 1663 1889 velut
1685 1861 1791 1901 quo-

166 1920 273 1960 dam
508 1919 517 1937 ¹
540 1919 694 1969 surda,
715 1918 846 1970 cujus
868 1920 1073 1960 animum
1094 1931 1200 1960 cum
1221 1920 1378 1960 nescio
1400 1921 1632 1971 quomodo
1656 1920 1794 1960 Pater

134 2046 137 2048 .
166 1990 448 2030 Paschasius
469 1990 707 2040 colligeret
738 2002 831 2029 non
865 1991 1130 2041 vulgarem,
1155 1991 1287 2030 novit
1307 1991 1429 2030 enirn
1451 1991 1705 2031 textrinam
1725 2003 1793 2030 ar-

166 2070 274 2112 tem,
289 2062 418 2101 novit
431 2067 475 2101 et
488 2061 744 2111 imaginum
755 2060 1148 2101 conficiendarum
1160 2061 1349 2102 modum
1361 2073 1490 2101 more
1505 2073 1666 2102 earum
1679 2074 1797 2114 quae

168 2134 216 2172 in
238 2132 473 2172 coenobiis
495 2138 662 2183 agunt,
686 2132 832 2171 voluit
854 2138 902 2172 ut
937 2132 1076 2172 rebus
1098 2133 1248 2172 sacris
1277 2133 1410 2172 daret
1438 2133 1579 2173 etiam
1608 2144 1799 2184 operam

169 2210 306 2254 atque
328 2203 754 2253 condiscipularum
775 2215 903 2243 more
920 2202 1236 2243 confiteretur.
1258 2202 1348 2244 Sed
1369 2204 1479 2255 quid
1501 2215 1631 2254 agas,
1653 2203 1796 2253 aJunt,

170 2274 280 2325 quid
318 2274 540 2324 moliaris,
577 2273 685 2325 quid
712 2279 886 2323 tentes,
923 2274 1000 2313 ubi
1035 2273 1273 2325 quidpiam
1304 2275 1463 2326 nequit
1492 2274 1617 2314 fieri?
1652 2275 1801 2326 Loqui

173 2345 338 2395 nescit,
364 2345 524 2385 auditu
546 2350 692 2392 caret,
717 2344 909 2395 pingere
931 2356 1023 2384 non
1044 2344 1188 2384 novit.
1217 2344 1361 2396 Quasi
1388 2357 1523 2393 vero,
1548 2346 1801 2397 respondet

174 2417 378 2467 prudens
400 2428 455 2456 ac
476 2415 663 2466 sapiens
683 2415 784 2465 iste,
804 2414 932 2455 Deus
954 2415 1060 2467 Opt.
1080 2415 1207 2456 MaX.
1228 2427 1332 2456 eam
1351 2417 1488 2467 plane
1511 2417 1635 2457 omni
1656 2417 1798 2457 subsi-

175 2488 250 2527 dio
274 2487 547 2528 destituerit.
571 2485 735 2536 Sinite,
759 2486 927 2538 inquit,
951 2487 1180 2538 loquetur,
1204 2498 1291 2526 nec
1312 2489 1540 2538 loquetur.
1564 2487 1718 2539 Atque
1738 2488 1803 2528 ita

178 2571 283 2598 cum
304 2559 363 2598 ad
384 2570 496 2606 rem,
521 2558 610 2597 hoc
631 2564 713 2607 est,
738 2557 797 2596 ad
812 2557 1152 2598 confessionem
1174 2564 1365 2598 ventum
1383 2565 1466 2607 est,
1488 2559 1604 2599 adeo
1622 2570 1724 2598 sese
1742 2559 1803 2598 in-

179 2629 470 2679 telligebant,
494 2628 603 2668 dum
624 2629 739 2668 alter
761 2628 907 2679 signis
929 2629 1215 2679 interrogat,
1241 2630 1389 2669 altera
1417 2629 1592 2669 eisdem
1618 2640 1806 2681 respon-

179 2701 274 2750 det,
299 2706 347 2740 ut
373 2699 596 2751 Spiritum
624 2698 849 2739 Sanctum
875 2699 922 2739 in
954 2710 1116 2739 eorum
1144 2700 1311 2739 animis
1339 2706 1524 2739 mutuos
1552 2706 1808 2752 conceptus

181 2782 409 2822 sensaque
437 2770 702 2821 significare
731 2782 785 2809 ac
812 2770 1109 2820 interpretari
1136 2771 1290 2809 nullus
1319 2770 1407 2809 nisi
1440 2770 1708 2821 imprudens
1733 2783 1808 2811 ne-

178 2848 352 2891 gasset.
373 2841 508 2893 Quod
529 2852 634 2881 cum
656 2841 797 2880 semel
818 2846 956 2892 atque
977 2840 1146 2880 iterum
1167 2840 1369 2889 fecisset,
1390 2840 1448 2880 ad
1470 2842 1809 2882 communionis

238 3002 247 3022 ¹
289 3002 349 3029 Est
369 3002 422 3029 hic
435 3001 637 3029 vocabulum
650 2999 816 3033 quoddam
831 3000 877 3027 sic
894 2999 990 3027 lineis
1005 3004 1200 3033 coopertum
1216 3003 1251 3026 ut
1270 2999 1335 3033 legi
1354 3004 1509 3033 nequeat.
