1987 3260
221 153 291 194 474
733 153 958 190 LITTERAE
984 164 1340 197 QUADRIMESTRES

959 599 1109 654 CXV

291 827 337 864 P.
364 825 580 864 Antonius
601 827 744 864 Vinck

338 891 457 928 Patri
475 891 642 939 Ignatio
661 891 715 928 de
737 892 916 939 Loyola.

386 956 610 1002 Messana,
638 957 653 993 1
675 956 873 1003 Januarii
894 956 985 993 1552
1003 957 1028 990 ¹.

985 1130 1082 1206 uls

295 1306 458 1347 Gratia
493 1314 537 1347 et
571 1319 665 1359 pax
698 1306 885 1347 Domini
912 1308 1059 1347 nostri
1085 1308 1195 1361 Jesu
1223 1307 1395 1348 Christi
1426 1307 1483 1347 sit
1510 1318 1695 1357 semper
1729 1319 1836 1348 cum

214 1378 428 1418 omnibus
449 1378 595 1418 nobis.
620 1377 786 1418 Amen.

295 1449 526 1500 Quoniam
553 1448 684 1488 adest
713 1454 894 1500 tempus
922 1449 968 1489 in
999 1461 1089 1500 quo
1124 1449 1413 1489 obedientiae
1443 1449 1575 1500 jussu
1609 1449 1840 1489 rationem

216 1519 438 1559 reddituri
470 1531 629 1559 sumus
656 1518 778 1559 Reae
808 1518 1083 1559 Paternitati
1110 1525 1216 1559 tuae
1246 1531 1428 1570 eorum,
1460 1531 1579 1571 quae
1608 1519 1839 1559 Dominus

213 1602 298 1629 sua
320 1590 605 1640 benignitate
625 1590 712 1630 hoc
740 1590 952 1641 proximo
981 1590 1309 1641 quadrimestri
1337 1590 1521 1641 operari
1547 1601 1630 1641 per
1657 1601 1744 1629 nos
1776 1590 1836 1629 di>

217 1666 388 1710 gnatus
409 1666 492 1707 est,
516 1672 570 1700 ea
592 1672 683 1712 qua
703 1666 867 1711 potero
889 1661 1118 1700 brevitate
1136 1661 1434 1712 complectar.

295 1730 416 1770 R.d¹JS
439 1731 487 1771 P.
511 1731 679 1771 Noster
700 1731 1014 1783 Hieronymus
1035 1730 1216 1771 Natalis
1236 1731 1325 1771 hoc
1347 1737 1553 1782 tempore
1583 1732 1630 1770 in
1657 1730 1835 1780 Africa,

216 1813 361 1853 usque
385 1803 442 1842 ad
463 1802 759 1842 undecimum
778 1801 1075 1852 Novembris,
1100 1814 1191 1853 quo
1212 1802 1480 1842 Messanam
1502 1802 1697 1854 appulit,
1726 1808 1837 1842 stre-

214 1885 303 1913 nue
331 1873 378 1912 in
412 1873 596 1924 pietatis
629 1873 846 1924 operibus
881 1885 930 1912 se
958 1873 1179 1913 exercuit.
1218 1873 1503 1924 Frequenter
1535 1873 1839 1913 concionatus

215 1949 285 1983 est
321 1955 479 1983 coram
514 1944 708 1983 ducibus
735 1949 779 1983 et
806 1944 1040 1983 militibus.
1081 1943 1295 1995 Quotidie
1330 1944 1591 1983 doctrinam
1627 1944 1835 1984 christia-

214 2025 343 2061 nam,
377 2020 624 2065 praesente
655 2013 855 2053 Domino
882 2014 1196 2063 Ferdinando,
1229 2014 1534 2054 Illustrissimi
1560 2014 1754 2067 Joannis
1782 2014 1837 2054 de

218 2084 370 2135 Vega,
400 2085 638 2136 Pro-regis
666 2084 871 2135 Siciliae,
903 2084 1015 2135 filio,
1042 2085 1313 2125 declaravit.
1338 2083 1668 2125 Sacerdotibus
1687 2084 1743 2125 de
1765 2097 1837 2125 ca-

212 2155 339 2195 sibus
368 2155 681 2195 conscientiae
709 2161 753 2194 et
782 2155 905 2205 aliis,
929 2166 1047 2206 quae
1076 2155 1134 2194 ad
1165 2155 1313 2195 officia
1343 2167 1503 2195 eorum
1531 2156 1681 2195 debite
1708 2167 1836 2207 prae-

212 2225 378 2265 standa
413 2226 633 2275 attinent,
663 2226 821 2266 sedulo
856 2227 1000 2265 multa
1034 2226 1292 2277 proposuit.
1330 2225 1504 2266 Omitto
1539 2231 1764 2277 quantum
1792 2227 1838 2265 in

212 2297 509 2337 sublevandis
553 2297 836 2348 pauperibus
875 2303 918 2336 et
964 2297 1299 2348 componendis
1344 2297 1540 2337 militum
1587 2297 1839 2337 inimicitiis

213 2367 347 2419 (quae
382 2368 609 2419 plurimae
643 2368 763 2407 inter
796 2379 876 2407 eos
911 2369 1039 2415 sunt)
1080 2367 1381 2407 insudaverit.
1421 2368 1491 2407 Ex
1525 2367 1596 2407 his
1631 2373 1725 2407 tres
1758 2374 1835 2407 aut

212 2444 411 2490 quatuor
432 2438 617 2477 fuerunt
639 2438 737 2489 qui,
761 2438 875 2477 inita
896 2438 1015 2477 inter
1036 2449 1085 2477 se
1106 2438 1281 2488 gratia,
1305 2438 1441 2478 tertio
1471 2443 1551 2477 aut
1573 2444 1739 2489 quarto
1762 2438 1834 2478 dic

211 2514 315 2559 post
336 2520 394 2548 ex
414 2508 503 2547 hac
524 2508 620 2548 vita
642 2508 941 2548 decesserunt
961 2514 1010 2547 ut
1030 2519 1146 2559 pace
1168 2514 1392 2560 perpetua
1417 2508 1671 2548 fuerentur.
1701 2507 1835 2548 Adeo

212 2584 368 2618 autem
389 2578 658 2618 relucebant
678 2577 776 2629 ejus
796 2578 918 2617 bona
941 2590 1107 2629 opera,
1133 2584 1181 2618 ut
1201 2590 1294 2618 non
1321 2579 1471 2618 solum
1498 2578 1624 2618 utilis
1653 2578 1734 2618 sed
1761 2591 1834 2618 ne-

209 2649 444 2689 cessarius
478 2649 664 2688 omnino
692 2660 719 2688 a
745 2648 861 2689 duce
887 2660 1068 2688 summo
1097 2647 1398 2699 judicaretur;
1437 2661 1526 2700 quo
1557 2648 1733 2689 factum
1765 2657 1835 2689 est

265 2807 275 2827 ¹
315 2809 560 2843 Autographae
584 2808 723 2836 Antonii
748 2807 860 2834 Vinck
883 2808 1020 2835 litterae
1044 2811 1121 2834 sunt
1145 2808 1178 2834 in
1200 2807 1278 2834 folio
1304 2807 1437 2841 duplici,
1459 2807 1511 2833 cui
1534 2807 1612 2834 olim
1633 2808 1763 2834 numeri
1784 2808 1836 2834 340

208 2859 243 2882 et
257 2855 326 2889 350,
342 2864 427 2883 nunc
443 2860 558 2883 autem
580 2856 615 2883 95
636 2859 668 2882 et
691 2855 736 2882 96.
756 2855 842 2882 Prae
858 2855 1012 2882 manibus
1027 2855 1131 2882 etiam
1145 2854 1241 2882 nobis
1255 2858 1333 2882 sunt
1359 2854 1556 2888 apographa
1579 2855 1735 2888 exempla
1756 2855 1834 2887 tria;

208 2908 309 2930 unum
326 2902 359 2929 in
373 2903 452 2930 folio
468 2903 602 2937 duplici,
618 2902 670 2929 cui
686 2902 765 2929 olim
784 2909 838 2930 nn.
852 2901 905 2929 340
918 2906 951 2929 et
965 2902 1027 2936 341,
1045 2909 1131 2929 nunc
1146 2909 1227 2929 vero
1242 2901 1286 2935 94;
1302 2901 1447 2928 alterum
1463 2901 1495 2927 in
1512 2900 1600 2928 soliis
1614 2901 1648 2927 28
1669 2905 1701 2929 et
1715 2901 1750 2928 29
1772 2901 1833 2928 Co-

208 2949 293 2976 dicis
316 2950 392 2983 1551;
411 2950 549 2977 tertium
563 2950 704 2984 denique
720 2949 752 2975 in
767 2948 928 2976 Historia
944 2949 1058 2981 varia,
1073 2949 1140 2975 vol.
1158 2949 1249 2982 1,fol.
1267 2948 1328 2975 2116.
