1987 3260
901 214 983 251 AN.
1020 214 1109 251 1552
1745 213 1815 249 045

193 322 282 362 que
303 322 329 350 a
350 321 519 350 novem
541 322 596 350 ac
618 310 777 350 decem
798 309 934 350 annis
953 321 1046 350 non
1065 309 1208 349 fuisse
1229 308 1484 358 confessos,
1508 309 1587 359 qui
1607 307 1718 348 R.dis
1737 307 1817 348 Pa-

193 381 338 421 tribus
357 380 530 420 nostris
551 380 754 420 confessi
775 386 895 420 sunt.
915 379 1083 420 Dicam
1105 378 1316 431 amplius:
1337 389 1578 419 accessere
1595 378 1673 429 qui
1690 378 1813 429 quin-

192 451 341 492 decim
363 451 570 491 nonnulli
596 457 639 491 et
661 452 738 503 qui
756 457 878 492 totos
894 451 1061 502 viginti
1078 462 1224 490 annos
1242 450 1341 490 sine
1358 449 1650 490 confessione
1667 455 1814 489 trans—

192 527 401 572 egerant.
423 520 514 561 Sed
534 528 579 561 et
600 533 717 562 unus
739 523 861 562 intra
882 521 1050 573 viginti
1079 526 1124 561 et
1154 520 1355 572 quinque
1387 531 1535 560 annos
1557 531 1606 560 se
1631 525 1699 560 ter
1720 527 1814 569 aut,

192 599 239 632 ut
261 592 528 643 plurimum,
562 598 727 644 quater
747 593 1012 633 confessum
1033 591 1200 643 ajebat.
1231 591 1350 642 Quid
1372 592 1519 643 plura,
1549 602 1654 631 cum
1681 591 1814 631 fateri

191 664 332 703 etiam
353 675 445 703 non
466 664 764 714 erubescant,
791 664 1010 714 ignorare
1036 674 1085 702 se
1114 674 1341 702 annorum
1362 673 1626 712 numerum,
1651 661 1816 713 quibus

195 734 322 774 hisce
344 735 650 775 sacramentis
671 735 924 775 caruerint?

271 805 420 845 Fuere
441 811 485 845 et
505 805 701 857 juvenes
722 806 897 857 aliquot
923 806 1078 845 animo
1100 805 1231 856 vagi,
1260 804 1468 844 moribus
1489 815 1656 855 parum
1677 803 1812 843 hone-

191 876 288 925 stis,
313 876 390 926 qui
411 877 628 916 conversi
657 882 764 916 sunt
790 875 848 916 ad
875 876 1112 916 meliorem
1142 881 1357 915 mentem.
1390 874 1599 925 Quorum
1627 885 1747 914 unus
1766 874 1813 913 li—

192 947 299 986 bros
320 958 444 996 suos,
469 948 546 998 qui
567 947 680 987 nihil
700 947 789 987 nisi
817 958 990 987 vanum
1011 946 1330 997 lascivumque
1351 946 1519 986 docere
1541 946 1669 985 illum
1688 952 1811 996 pote—

191 1022 318 1066 rant,
350 1017 409 1057 ad
436 1029 521 1057 nos
548 1018 711 1058 detulit
738 1024 782 1057 et
803 1017 939 1068 alios,
963 1028 1157 1068 quorum
1183 1017 1380 1057 lectione
1408 1016 1570 1056 melior
1591 1016 1740 1065 fieret,
1764 1022 1815 1055 ut

193 1088 464 1137 Gersonem,
486 1087 736 1138 Speculum
757 1087 911 1128 crucis
931 1093 975 1128 et
996 1086 1259 1138 hujusmodi
1279 1087 1365 1127 sibi
1386 1087 1693 1138 comparavit.
1717 1086 1813 1126 Nec

191 1158 281 1198 ullo
311 1163 519 1209 tempore
545 1166 741 1199 vacatur
772 1159 829 1199 ab
858 1159 1012 1210 aliquo
1042 1159 1195 1199 fructu
1216 1158 1478 1209 colligendo
1499 1158 1659 1198 divina
1688 1158 1811 1198 boni-

189 1234 298 1279 tate,
321 1240 379 1268 ne
399 1234 497 1269 tum
515 1230 702 1280 quidem
727 1241 833 1269 cum
860 1230 1061 1270 maxime
1082 1240 1281 1280 regnare
1303 1229 1502 1269 daemon
1533 1240 1587 1268 ac
1613 1228 1813 1280 plurima

189 1309 328 1349 posse
363 1299 582 1340 creditur.
612 1299 732 1340 Nam
762 1301 910 1352 pridie
944 1301 1151 1341 cinerum
1179 1308 1274 1340 tres
1301 1301 1346 1340 in
1373 1306 1534 1340 nostro
1563 1300 1734 1351 templo
1756 1299 1814 1338 ab

190 1381 280 1410 uno
307 1370 562 1422 eodemque
585 1372 829 1411 sacerdote
862 1372 1107 1421 generales
1136 1371 1454 1411 confessiones
1484 1370 1669 1410 auditae
1690 1377 1810 1410 sunt.

190 1440 355 1480 Milites
382 1453 566 1493 quoque
598 1442 905 1493 hispanarum
937 1443 1192 1493 legionum,
1226 1449 1365 1494 atque
1393 1454 1451 1482 ex
1477 1442 1548 1481 his
1576 1441 1813 1493 praecipui

186 1511 375 1562 quidam
413 1524 468 1552 ac
507 1512 746 1564 praefecti,
788 1513 964 1553 nostris
1003 1512 1219 1553 Patribus
1259 1519 1365 1553 sunt
1404 1512 1629 1562 confessi;
1672 1518 1715 1552 et
1750 1512 1813 1551 in-

188 1582 304 1622 firmi
325 1583 554 1634 plerique,
578 1595 684 1624 cum
705 1584 750 1624 in
772 1583 1010 1635 hospitali,
1034 1591 1131 1624 tum
1152 1584 1198 1624 in
1225 1584 1475 1623 multorum
1503 1583 1730 1634 domibus,
1755 1582 1813 1622 ad

186 1665 301 1704 quas
323 1653 623 1694 advocamur.
648 1653 699 1694 In
720 1666 910 1695 carcere
931 1666 1060 1704 vero,
1084 1666 1175 1694 non
1196 1662 1356 1694 nostro
1378 1654 1668 1694 infirmorum
1687 1652 1713 1704 ¹,
1733 1654 1814 1694 sed

187 1732 229 1762 et
252 1724 450 1765 aliorum
469 1736 651 1776 quoque
672 1725 834 1765 Patres
860 1725 1007 1765 nostri
1034 1724 1280 1765 audierunt
1301 1725 1620 1765 confessiones
1641 1730 1685 1764 et
1702 1726 1813 1769 mul-

187 1801 260 1833 tos
281 1795 386 1835 inde
407 1796 714 1847 eleemosynis
735 1796 1013 1847 liberarunt,
1040 1796 1118 1847 qui
1140 1807 1248 1836 aere
1270 1796 1422 1836 alieno
1444 1796 1593 1847 pressi
1618 1795 1680 1835 ibi
1702 1796 1811 1836 deti-

187 1865 412 1905 nebantur
447 1877 553 1906 curn
587 1867 809 1907 solvendo
843 1879 936 1907 non
971 1873 1139 1907 essent.
1177 1866 1267 1907 Sed
1302 1867 1358 1907 de
1393 1867 1702 1918 eleemosynis
1729 1878 1812 1906 suo

188 1943 353 1986 postea
374 1937 554 1977 dicetur
575 1939 693 1978 loco.

265 2006 414 2057 Nunc,
434 2009 655 2058 quoniam
672 2021 695 2048 e
714 2009 964 2049 multorum
987 2010 1154 2049 animis
1174 2009 1387 2060 fugatum
1404 2009 1679 2048 daemonem
1700 2008 1814 2048 dixi-

186 2089 307 2127 mus,
345 2077 643 2128 subjiciamus
679 2079 882 2119 breviter
917 2087 964 2119 ut
1000 2092 1023 2119 e
1060 2080 1333 2131 corporibus
1364 2091 1546 2131 quoque
1575 2080 1813 2119 nonnullo-

185 2161 287 2188 rum
317 2149 374 2188 sit
406 2150 644 2200 expulsus.
678 2149 965 2190 Adolescens
994 2150 1240 2190 duodecim
1276 2162 1506 2190 annorum
1536 2150 1636 2201 qui,
1673 2157 1814 2190 tume-

184 2219 307 2260 facto
329 2226 533 2271 gutture,
553 2221 678 2271 quod
695 2233 722 2260 a
740 2227 866 2261 muto
888 2222 1054 2273 spiritu
1077 2222 1381 2272 obsideretur,
1402 2221 1499 2272 jam
1521 2222 1619 2261 dies
1641 2221 1815 2272 aliquot

185 2291 310 2330 omni
331 2290 434 2331 cibo
452 2291 757 2341 abstinuerat,
779 2292 869 2342 ubi,
889 2292 948 2332 ad
965 2293 1188 2344 templum
1209 2300 1422 2332 nostrum
1444 2291 1688 2339 adductuS,
1710 2304 1814 2332 con-

185 2361 334 2401 fessus
354 2368 438 2411 est,
462 2363 612 2402 laetus
635 2374 689 2401 ac
711 2362 826 2402 liber
848 2374 955 2402 cum
981 2363 1250 2414 parentibus
1272 2364 1459 2403 domum
1481 2363 1631 2403 rediit.
1656 2362 1813 2403 Puella

184 2432 307 2479 item,
338 2432 540 2483 quinque
569 2434 673 2483 plus
695 2433 847 2473 minus
880 2445 1123 2483 annorum,
1156 2445 1260 2474 cum
1292 2440 1438 2474 totam
1459 2434 1646 2474 domum
1668 2434 1817 2485 patris

185 2503 255 2542 sui
285 2503 548 2551 infestaret,
587 2504 676 2543 huc
705 2504 879 2553 delata,
910 2506 1116 2555 acceptis
1143 2505 1359 2545 remediis
1393 2512 1558 2545 curata
1587 2512 1669 2544 est.
1707 2504 1812 2544 Alia

188 2584 373 2624 quoque
414 2573 639 2613 infantula
678 2575 866 2625 nobilis,
904 2575 1062 2615 fasciis
1100 2576 1331 2625 involuta,
1374 2587 1492 2627 quae
1515 2588 1541 2615 a
1568 2576 1813 2615 daemonio

190 2644 351 2683 vexari
372 2645 664 2694 credebatur,
699 2646 817 2685 lecto
846 2657 984 2697 super
1013 2659 1116 2686 eam
1142 2647 1399 2697 Evangelio
1426 2646 1620 2699 Joannis
1646 2654 1690 2686 et
1712 2658 1811 2686 ora-

187 2714 309 2754 tione
338 2714 606 2765 Dominica,
640 2715 829 2756 domum
860 2728 972 2756 sana
1004 2717 1249 2768 deportata
1280 2725 1363 2757 est.
1392 2717 1717 2758 Nobilissimae
1738 2729 1811 2757 cu-

241 2874 250 2893 ¹
291 2874 377 2901 Vide
394 2874 559 2907 PoLAxco,
578 2874 711 2908 Cltron„
727 2879 750 2902 t.
767 2883 799 2909 11,
817 2883 894 2910 pag.
910 2877 954 2910 37,
971 2884 1000 2903 n.
1018 2876 1147 2904 77.—lbi
1164 2877 1296 2911 quidem
1310 2884 1419 2904 sermo
1436 2881 1486 2904 est
1501 2877 1540 2903 dc
1556 2877 1737 2910 Panormo;
1754 2879 1811 2904 sed

189 2922 292 2947 verba
309 2922 392 2948 haec
409 2921 588 2948 Annibalis
614 2922 782 2956 indicium,
808 2923 839 2950 ni
866 2923 1025 2956 fallimur,
1052 2924 1225 2958 probabile
1250 2924 1334 2951 satis
1357 2926 1521 2958 praebent
1546 2924 1632 2951 idem
1657 2932 1676 2951 a
1697 2924 1810 2950 Natali

187 2967 361 2995 Messanae
384 2968 416 2995 in
439 2968 729 2996 incarceratorum
754 2970 925 3003 auxilium,
951 2972 1027 2998 dum
1053 2973 1268 3004 aegrotabat,
1290 2972 1434 3003 factum,
1456 2971 1541 3005 quod
1557 2971 1636 2998 fecit
1652 2971 1811 2998 Panormi

190 3014 290 3041 Pater
310 3016 511 3041 Domini-th.
