1987 3260
877 178 945 214 fix.
981 176 1070 213 1540
1717 180 1784 217 160

228 857 358 894 Pater
376 855 636 894 Leonardus
655 857 811 894 Kessel

272 922 391 958 Patri
408 922 574 968 Ignatio
595 922 646 959 de
668 921 849 970 Loyola.

321 987 515 1029 Colonia,
539 987 584 1023 20
603 987 794 1033 Augusti
816 987 904 1024 1549
924 987 947 1021 ¹.

923 1160 1019 1234 iiis

231 1336 393 1377 Gratia
434 1345 476 1376 et
516 1348 609 1388 pax
647 1334 727 1376 X.i
767 1346 948 1386 semper
988 1342 1169 1375 crescat
1210 1336 1255 1375 in
1295 1336 1499 1376 omnium
1540 1337 1773 1377 cordibus.

154 1406 317 1447 Amen.

229 1478 635 1519 Reverendissime
656 1478 703 1518 in
724 1477 804 1517 X.0
826 1477 935 1530 Jesu
957 1475 1109 1516 Pater:

229 1549 432 1589 Litterae
460 1561 517 1589 ex
545 1549 764 1588 mandato
792 1547 840 1587 P.
871 1547 929 1587 V.
959 1559 1041 1598 per
1068 1546 1395 1587 Reverendum
1424 1547 1611 1588 Patrem
1639 1548 1776 1600 Joan-

153 1631 259 1660 nem
286 1620 342 1660 de
375 1620 579 1659 Polanco
605 1619 664 1659 ad
689 1631 773 1659 nos
803 1619 1026 1670 scriptae,
1057 1629 1163 1657 cum
1190 1618 1356 1658 litteris
1384 1618 1671 1659 confratrum
1698 1631 1776 1659 no-

150 1698 372 1741 strorum,
402 1701 573 1741 magno
604 1701 708 1730 cum
736 1689 909 1740 gaudio
938 1695 1043 1729 sunt
1070 1689 1240 1739 lectae,
1275 1688 1442 1740 quibus
1476 1689 1777 1740 intelligimus

151 1773 240 1813 qua
262 1761 505 1801 dilectione
526 1767 812 1812 paternoque
839 1771 997 1800 amore
1018 1759 1067 1799 P.
1091 1759 1149 1799 V.
1173 1771 1258 1799 nos
1287 1770 1448 1799 omnes
1475 1760 1522 1799 in
1542 1759 1662 1800 filios
1683 1771 1776 1800 am-

148 1834 379 1884 plectatur
421 1832 734 1872 charissimos.
773 1831 924 1881 Quam
962 1830 1051 1870 hoc
1090 1830 1312 1870 nuncium
1351 1831 1564 1871 omnibus
1602 1832 1777 1872 laetum

149 1902 249 1953 fuit,
274 1916 331 1943 ex
353 1915 516 1943 eorum
536 1903 703 1943 litteris
724 1903 772 1942 P.
798 1901 856 1941 V.
881 1902 1016 1941 facile
1038 1901 1304 1952 perspicere
1324 1901 1510 1952 poterit.

228 1974 407 2014 Bullam
425 1986 606 2025 quoque
625 1974 784 2024 accepi
801 1983 883 2024 per
900 1971 1179 2022 Magistrum
1200 1971 1462 2012 Adrianum
1482 1972 1694 2013 Lovanio
1718 1973 1778 2014 ad

147 2057 232 2085 nos
254 2045 462 2092 missam,
487 2057 576 2096 qua
598 2044 646 2084 P.
670 2044 729 2084 V.
762 2043 961 2094 plurima
988 2042 1121 2082 nobis
1149 2042 1328 2082 confert
1358 2043 1598 2083 beneficia.
1629 2043 1776 2095 Spero

148 2117 193 2156 in
227 2117 430 2156 Domino
466 2128 551 2155 nos
585 2115 733 2155 bonos
767 2114 865 2154 fore
897 2119 1185 2154 executores.
1220 2113 1390 2153 Multas
1417 2113 1465 2153 P.
1496 2114 1555 2152 V.
1593 2114 1776 2165 agimus

147 2188 326 2237 gratias
346 2193 584 2237 totumque
609 2186 731 2237 quod
752 2185 977 2225 habemus
1006 2190 1049 2224 et
1076 2195 1343 2235 possumus,
1373 2184 1419 2224 in
1446 2184 1647 2224 Domino
1670 2184 1774 2225 offe-

148 2258 291 2297 rimus
312 2257 361 2297 P.
386 2257 462 2307 V„
488 2267 671 2307 semper
699 2255 976 2296 ineffabilem
1007 2254 1096 2294 Dei
1123 2255 1417 2295 clementiam
1437 2261 1776 2307 paternamque

148 2329 492 2378 liberalitatem,
519 2339 610 2379 qua
633 2338 719 2367 nos
741 2337 901 2366 omnes
922 2326 997 2366 hic
1019 2325 1241 2366 Coloniae
1262 2331 1456 2376 agentes
1473 2325 1501 2375 ²,
1527 2326 1604 2377 qui
1625 2327 1777 2377 magis

148 2406 308 2439 nostro
339 2399 568 2439 desiderio
595 2398 779 2438 videtur
807 2397 1056 2446 inservire,
1088 2407 1229 2447 quam
1255 2408 1341 2436 nos
1367 2395 1466 2447 ejus
1487 2397 1690 2447 gratiam
1710 2397 1773 2437 in—

148 2470 345 2521 quirere.
370 2470 520 2510 Tanta
542 2474 610 2509 est
631 2474 680 2508 ut
700 2468 856 2508 verbis
877 2467 1113 2519 explicare
1134 2478 1228 2507 non
1248 2467 1438 2518 possim.

226 2540 318 2581 Mei
359 2540 618 2580 confratres
652 2540 699 2579 in
739 2539 902 2579 studiis
944 2549 1166 2589 magnam
1206 2537 1425 2577 adhibent
1465 2538 1769 2588 diligentiam,

148 2611 360 2651 eumdem
381 2617 625 2651 servantes
646 2610 856 2650 ordinem
885 2610 1068 2661 qualem
1091 2609 1149 2649 ad
1170 2609 1362 2659 longum
1384 2608 1632 2660 aliquando
1663 2609 1773 2649 scri—

148 2682 232 2732 psi;
269 2681 327 2722 ad
362 2681 674 2722 obedientiam
712 2680 1046 2732 promptissimi
1083 2691 1280 2731 semper,
1314 2679 1548 2731 simplices
1578 2686 1623 2720 et
1658 2681 1774 2720 recti

149 2752 309 2799 corde3
341 2763 501 2792 eorum
530 2751 887 2791 conversatione
915 2752 1166 2791 multorum
1194 2750 1478 2790 studentium
1506 2751 1688 2791 animas
1715 2751 1775 2791 ad

207 2889 215 2908 ¹
256 2889 483 2923 Autographa
499 2894 572 2916 tota
587 2895 687 2915 manu
703 2887 738 2915 P.
754 2887 792 2915 L.
810 2887 926 2915 Kessel
940 2909 945 2921 ,
961 2887 1040 2914 solio
1056 2887 1152 2914 unico
1167 2894 1198 2913 n.
1213 2886 1275 2913 624.
1517 2927 1519 2929 Ι

202 2937 215 2955 “-’
254 2936 378 2964 Deesse
400 2936 453 2963 hic
475 2935 609 2969 aliquod
634 2936 774 2962 verbum
795 2935 940 2964 videtur.
961 2943 1019 2968 sc..
1040 2934 1281 2969 prosequitur,
1303 2934 1532 2968 amplectitur
1547 2938 1605 2961 aut
1627 2933 1719 2961 aliud
1733 2934 1775 2960 si-

151 2983 239 3010 mile.
