<?xml version="1.0" encoding="UTF-8"?>
<!DOCTYPE html PUBLIC "-//W3C//DTD XHTML 1.0 Transitional//EN"
    "http://www.w3.org/TR/xhtml1/DTD/xhtml1-transitional.dtd">
<html xmlns="http://www.w3.org/1999/xhtml" xml:lang="en" lang="en">
 <head>
  <title>
</title>
<meta http-equiv="Content-Type" content="text/html;charset=utf-8" />
  <meta name='ocr-system' content='tesseract 3.04.00' />
  <meta name='ocr-capabilities' content='ocr_page ocr_carea ocr_par ocr_line ocrx_word'/>
</head>
<body>
  <div class='ocr_page' id='page_1' title='image "./litteraequadrime1301lain_0634.png"; bbox 0 0 1987 3260; ppageno 0'>
   <div class='ocr_carea' id='block_1_1' title="bbox 237 159 1359 201">
    <p class='ocr_par' dir='ltr' id='par_1_1' title="bbox 237 159 1359 201">
     <span class='ocr_line' id='line_1_1' title="bbox 237 159 1359 201; baseline -0.005 -1"><span class='ocrx_word' id='word_1_1' title='bbox 237 164 312 200; x_wconf 78' lang='lat'>628</span> <span class='ocrx_word' id='word_1_2' title='bbox 752 159 976 195; x_wconf 75' lang='lat' dir='ltr'>LITTERAE</span> <span class='ocrx_word' id='word_1_3' title='bbox 1003 168 1359 201; x_wconf 73' lang='lat' dir='ltr'>QUADRiMEs‘rREs</span> 
     </span>
    </p>
   </div>
   <div class='ocr_carea' id='block_1_2' title="bbox 238 253 1876 2972">
    <p class='ocr_par' dir='ltr' id='par_1_2' title="bbox 238 253 1864 379">
     <span class='ocr_line' id='line_1_2' title="bbox 238 253 1864 312; baseline -0.003 -14"><span class='ocrx_word' id='word_1_4' title='bbox 238 259 422 312; x_wconf 88' lang='lat' dir='ltr'>insuper</span> <span class='ocrx_word' id='word_1_5' title='bbox 446 257 597 307; x_wconf 88' lang='lat' dir='ltr'>prima</span> <span class='ocrx_word' id='word_1_6' title='bbox 627 256 814 305; x_wconf 88' lang='lat' dir='ltr'>linguae</span> <span class='ocrx_word' id='word_1_7' title='bbox 835 260 1026 293; x_wconf 90' lang='lat' dir='ltr'>sanctae</span> <span class='ocrx_word' id='word_1_8' title='bbox 1059 254 1395 304; x_wconf 76' lang='lat' dir='ltr'>grammatices</span> <span class='ocrx_word' id='word_1_9' title='bbox 1422 253 1665 304; x_wconf 83' lang='lat' dir='ltr'>principia,</span> <span class='ocrx_word' id='word_1_10' title='bbox 1698 254 1864 304; x_wconf 88' lang='lat' dir='ltr'>quibus</span> 
     </span>
     <span class='ocr_line' id='line_1_3' title="bbox 239 323 1489 379; baseline -0.006 -11"><span class='ocrx_word' id='word_1_11' title='bbox 239 335 282 369; x_wconf 88' lang='lat' dir='ltr'>et</span> <span class='ocrx_word' id='word_1_12' title='bbox 304 328 589 379; x_wconf 89' lang='lat' dir='ltr'>psalmorum</span> <span class='ocrx_word' id='word_1_13' title='bbox 611 324 931 375; x_wconf 76' lang='lat' dir='ltr'>interpretatio</span> <span class='ocrx_word' id='word_1_14' title='bbox 950 323 1046 374; x_wconf 89' lang='lat' dir='ltr'>jam</span> <span class='ocrx_word' id='word_1_15' title='bbox 1066 335 1187 363; x_wconf 88' lang='lat' dir='ltr'>nunc</span> <span class='ocrx_word' id='word_1_16' title='bbox 1206 323 1489 374; x_wconf 86' lang='lat' dir='ltr'>adjungitur.</span> 
     </span>
    </p>

    <p class='ocr_par' dir='ltr' id='par_1_3' title="bbox 317 393 1865 451">
     <span class='ocr_line' id='line_1_4' title="bbox 317 393 1865 451; baseline -0.004 -13"><span class='ocrx_word' id='word_1_17' title='bbox 317 399 421 451; x_wconf 90' lang='lat' dir='ltr'>Jam</span> <span class='ocrx_word' id='word_1_18' title='bbox 442 398 479 437; x_wconf 89' lang='lat' dir='ltr'>si</span> <span class='ocrx_word' id='word_1_19' title='bbox 500 407 741 436; x_wconf 90' lang='lat' dir='ltr'>numerum</span> <span class='ocrx_word' id='word_1_20' title='bbox 762 395 1026 434; x_wconf 86' lang='lat' dir='ltr'>auditorum</span> <span class='ocrx_word' id='word_1_21' title='bbox 1056 401 1322 434; x_wconf 90' lang='lat' dir='ltr'>nostrorum</span> <span class='ocrx_word' id='word_1_22' title='bbox 1350 394 1533 434; x_wconf 80' lang='lat' dir='ltr'>discere</span> <span class='ocrx_word' id='word_1_23' title='bbox 1564 393 1723 433; x_wconf 80' lang='lat' dir='ltr'>forsan</span> <span class='ocrx_word' id='word_1_24' title='bbox 1751 393 1865 433; x_wconf 87' lang='lat' dir='ltr'>desi-</span> 
     </span>
    </p>

    <p class='ocr_par' dir='ltr' id='par_1_4' title="bbox 241 464 1875 2491">
     <span class='ocr_line' id='line_1_5' title="bbox 241 464 1867 516; baseline -0.004 -7"><span class='ocrx_word' id='word_1_25' title='bbox 241 470 391 515; x_wconf 87' lang='lat' dir='ltr'>deras,</span> <span class='ocrx_word' id='word_1_26' title='bbox 415 473 521 507; x_wconf 91' lang='lat' dir='ltr'>ante</span> <span class='ocrx_word' id='word_1_27' title='bbox 544 467 716 516; x_wconf 77' lang='lat' dir='ltr'>aliquot</span> <span class='ocrx_word' id='word_1_28' title='bbox 738 464 849 515; x_wconf 87' lang='lat' dir='ltr'>dies,</span> <span class='ocrx_word' id='word_1_29' title='bbox 873 470 1107 504; x_wconf 90' lang='lat' dir='ltr'>trecentos</span> <span class='ocrx_word' id='word_1_30' title='bbox 1123 465 1432 515; x_wconf 86' lang='lat' dir='ltr'>examinatos,</span> <span class='ocrx_word' id='word_1_31' title='bbox 1455 464 1685 503; x_wconf 90' lang='lat' dir='ltr'>admissos</span> <span class='ocrx_word' id='word_1_32' title='bbox 1703 476 1756 502; x_wconf 89' lang='lat' dir='ltr'>ac</span> <span class='ocrx_word' id='word_1_33' title='bbox 1775 469 1867 502; x_wconf 89' lang='lat' dir='ltr'>stu-</span> 
     </span>
     <span class='ocr_line' id='line_1_6' title="bbox 241 534 1869 586; baseline -0.004 -7"><span class='ocrx_word' id='word_1_34' title='bbox 241 541 479 579; x_wconf 90' lang='lat' dir='ltr'>diosorum</span> <span class='ocrx_word' id='word_1_35' title='bbox 499 542 766 576; x_wconf 89' lang='lat' dir='ltr'>nostrorum</span> <span class='ocrx_word' id='word_1_36' title='bbox 788 535 1036 585; x_wconf 74' lang='lat' dir='ltr'>cathalogo</span> <span class='ocrx_word' id='word_1_37' title='bbox 1059 535 1259 586; x_wconf 90' lang='lat' dir='ltr'>scriptos</span> <span class='ocrx_word' id='word_1_38' title='bbox 1280 546 1383 574; x_wconf 90' lang='lat' dir='ltr'>esse</span> <span class='ocrx_word' id='word_1_39' title='bbox 1410 535 1658 585; x_wconf 79' lang='lat' dir='ltr'>intelligas.</span> <span class='ocrx_word' id='word_1_40' title='bbox 1679 534 1869 573; x_wconf 86' lang='lat' dir='ltr'>Interim</span> 
     </span>
     <span class='ocr_line' id='line_1_7' title="bbox 241 604 1870 650; baseline -0.004 -1"><span class='ocrx_word' id='word_1_41' title='bbox 241 618 396 650; x_wconf 86' lang='lat' dir='ltr'>tamen</span> <span class='ocrx_word' id='word_1_42' title='bbox 417 607 680 648; x_wconf 88' lang='lat' dir='ltr'>auditorum</span> <span class='ocrx_word' id='word_1_43' title='bbox 697 617 915 645; x_wconf 91' lang='lat' dir='ltr'>numerus</span> <span class='ocrx_word' id='word_1_44' title='bbox 932 606 978 645; x_wconf 89' lang='lat' dir='ltr'>in</span> <span class='ocrx_word' id='word_1_45' title='bbox 996 606 1093 645; x_wconf 90' lang='lat' dir='ltr'>dies</span> <span class='ocrx_word' id='word_1_46' title='bbox 1111 605 1263 645; x_wconf 90' lang='lat' dir='ltr'>adhuc</span> <span class='ocrx_word' id='word_1_47' title='bbox 1283 606 1624 645; x_wconf 90' lang='lat' dir='ltr'>incrementum</span> <span class='ocrx_word' id='word_1_48' title='bbox 1640 605 1792 644; x_wconf 88' lang='lat' dir='ltr'>sumit.</span> <span class='ocrx_word' id='word_1_49' title='bbox 1812 604 1870 644; x_wconf 85' lang='lat' dir='ltr'>Et</span> 
     </span>
     <span class='ocr_line' id='line_1_8' title="bbox 241 676 1871 729; baseline -0.004 -10"><span class='ocrx_word' id='word_1_50' title='bbox 241 681 287 720; x_wconf 89' lang='lat' dir='ltr'>hi</span> <span class='ocrx_word' id='word_1_51' title='bbox 308 679 502 729; x_wconf 85' lang='lat' dir='ltr'>singulis</span> <span class='ocrx_word' id='word_1_52' title='bbox 522 677 774 727; x_wconf 87' lang='lat' dir='ltr'>mensibus,</span> <span class='ocrx_word' id='word_1_53' title='bbox 797 676 997 728; x_wconf 89' lang='lat' dir='ltr'>plurima</span> <span class='ocrx_word' id='word_1_54' title='bbox 1019 688 1131 716; x_wconf 89' lang='lat' dir='ltr'>sane</span> <span class='ocrx_word' id='word_1_55' title='bbox 1153 676 1416 725; x_wconf 89' lang='lat' dir='ltr'>devotione,</span> <span class='ocrx_word' id='word_1_56' title='bbox 1441 681 1635 726; x_wconf 89' lang='lat' dir='ltr'>peccata</span> <span class='ocrx_word' id='word_1_57' title='bbox 1660 686 1741 714; x_wconf 90' lang='lat' dir='ltr'>sua</span> <span class='ocrx_word' id='word_1_58' title='bbox 1763 685 1871 713; x_wconf 87' lang='lat' dir='ltr'>con-</span> 
     </span>
     <span class='ocr_line' id='line_1_9' title="bbox 243 744 1872 799; baseline -0.004 -9"><span class='ocrx_word' id='word_1_59' title='bbox 243 752 441 799; x_wconf 81' lang='lat' dir='ltr'>fitentur,</span> <span class='ocrx_word' id='word_1_60' title='bbox 479 754 523 788; x_wconf 91' lang='lat' dir='ltr'>et</span> <span class='ocrx_word' id='word_1_61' title='bbox 558 749 636 799; x_wconf 89' lang='lat' dir='ltr'>qui</span> <span class='ocrx_word' id='word_1_62' title='bbox 670 746 937 787; x_wconf 88' lang='lat' dir='ltr'>sufficientis</span> <span class='ocrx_word' id='word_1_63' title='bbox 967 747 1133 786; x_wconf 89' lang='lat' dir='ltr'>aetatis</span> <span class='ocrx_word' id='word_1_64' title='bbox 1165 754 1296 794; x_wconf 88' lang='lat' dir='ltr'>sunt,</span> <span class='ocrx_word' id='word_1_65' title='bbox 1330 757 1467 786; x_wconf 89' lang='lat' dir='ltr'>sacra</span> <span class='ocrx_word' id='word_1_66' title='bbox 1503 751 1703 785; x_wconf 89' lang='lat' dir='ltr'>sumunt.</span> <span class='ocrx_word' id='word_1_67' title='bbox 1740 744 1872 784; x_wconf 89' lang='lat' dir='ltr'>Multi</span> 
     </span>
     <span class='ocr_line' id='line_1_10' title="bbox 243 815 1875 868; baseline -0.004 -8"><span class='ocrx_word' id='word_1_68' title='bbox 243 821 382 860; x_wconf 81' lang='lat' dir='ltr'>etiam</span> <span class='ocrx_word' id='word_1_69' title='bbox 414 819 659 859; x_wconf 91' lang='lat' dir='ltr'>nobiscum</span> <span class='ocrx_word' id='word_1_70' title='bbox 694 817 889 868; x_wconf 90' lang='lat' dir='ltr'>singulis</span> <span class='ocrx_word' id='word_1_71' title='bbox 924 816 1243 857; x_wconf 83' lang='lat' dir='ltr'>hebdomadis.</span> <span class='ocrx_word' id='word_1_72' title='bbox 1281 816 1355 856; x_wconf 84' lang='lat' dir='ltr'>Ad</span> <span class='ocrx_word' id='word_1_73' title='bbox 1389 815 1504 855; x_wconf 88' lang='lat' dir='ltr'>haec</span> <span class='ocrx_word' id='word_1_74' title='bbox 1540 815 1607 855; x_wconf 90' lang='lat' dir='ltr'>sic</span> <span class='ocrx_word' id='word_1_75' title='bbox 1647 826 1875 865; x_wconf 89' lang='lat' dir='ltr'>germano</span> 
     </span>
     <span class='ocr_line' id='line_1_11' title="bbox 242 886 1870 942; baseline -0.003 -12"><span class='ocrx_word' id='word_1_76' title='bbox 242 902 435 942; x_wconf 86' lang='lat' dir='ltr'>prorsus</span> <span class='ocrx_word' id='word_1_77' title='bbox 469 901 627 929; x_wconf 89' lang='lat' dir='ltr'>amore</span> <span class='ocrx_word' id='word_1_78' title='bbox 666 889 713 928; x_wconf 89' lang='lat' dir='ltr'>in</span> <span class='ocrx_word' id='word_1_79' title='bbox 746 900 830 928; x_wconf 91' lang='lat' dir='ltr'>nos</span> <span class='ocrx_word' id='word_1_80' title='bbox 859 899 1018 927; x_wconf 91' lang='lat' dir='ltr'>omnes</span> <span class='ocrx_word' id='word_1_81' title='bbox 1052 888 1237 927; x_wconf 82' lang='lat' dir='ltr'>accensi</span> <span class='ocrx_word' id='word_1_82' title='bbox 1265 893 1391 937; x_wconf 90' lang='lat' dir='ltr'>sunt,</span> <span class='ocrx_word' id='word_1_83' title='bbox 1423 892 1472 926; x_wconf 93' lang='lat' dir='ltr'>ut</span> <span class='ocrx_word' id='word_1_84' title='bbox 1500 897 1737 937; x_wconf 87' lang='lat' dir='ltr'>nunquam</span> <span class='ocrx_word' id='word_1_85' title='bbox 1764 886 1870 925; x_wconf 89' lang='lat' dir='ltr'>hinc</span> 
     </span>
     <span class='ocr_line' id='line_1_12' title="bbox 243 955 1872 1012; baseline -0.004 -11"><span class='ocrx_word' id='word_1_86' title='bbox 243 962 379 1001; x_wconf 83' lang='lat' dir='ltr'>avelli</span> <span class='ocrx_word' id='word_1_87' title='bbox 413 960 591 1012; x_wconf 86' lang='lat' dir='ltr'>possint</span> <span class='ocrx_word' id='word_1_88' title='bbox 620 959 847 1010; x_wconf 80' lang='lat' dir='ltr'>plerique.</span> <span class='ocrx_word' id='word_1_89' title='bbox 876 959 924 998; x_wconf 88' lang='lat' dir='ltr'>ni</span> <span class='ocrx_word' id='word_1_90' title='bbox 956 958 1102 998; x_wconf 89' lang='lat' dir='ltr'>serior</span> <span class='ocrx_word' id='word_1_91' title='bbox 1132 958 1247 998; x_wconf 91' lang='lat' dir='ltr'>hora</span> <span class='ocrx_word' id='word_1_92' title='bbox 1275 958 1533 997; x_wconf 87' lang='lat' dir='ltr'>discessum</span> <span class='ocrx_word' id='word_1_93' title='bbox 1561 963 1743 1007; x_wconf 89' lang='lat' dir='ltr'>urgeat.</span> <span class='ocrx_word' id='word_1_94' title='bbox 1779 955 1872 995; x_wconf 85' lang='lat' dir='ltr'>Sed</span> 
     </span>
     <span class='ocr_line' id='line_1_13' title="bbox 242 1027 1870 1083; baseline -0.004 -11"><span class='ocrx_word' id='word_1_95' title='bbox 242 1043 463 1083; x_wconf 84' lang='lat' dir='ltr'>quorsum</span> <span class='ocrx_word' id='word_1_96' title='bbox 484 1031 559 1070; x_wconf 92' lang='lat' dir='ltr'>hic</span> <span class='ocrx_word' id='word_1_97' title='bbox 580 1041 842 1069; x_wconf 89' lang='lat' dir='ltr'>memorare</span> <span class='ocrx_word' id='word_1_98' title='bbox 859 1029 1022 1069; x_wconf 84' lang='lat' dir='ltr'>attinet</span> <span class='ocrx_word' id='word_1_99' title='bbox 1040 1027 1293 1077; x_wconf 87' lang='lat' dir='ltr'>confessos,</span> <span class='ocrx_word' id='word_1_100' title='bbox 1318 1034 1367 1067; x_wconf 91' lang='lat' dir='ltr'>ut</span> <span class='ocrx_word' id='word_1_101' title='bbox 1383 1028 1645 1079; x_wconf 87' lang='lat' dir='ltr'>plurimum,</span> <span class='ocrx_word' id='word_1_102' title='bbox 1665 1027 1870 1077; x_wconf 89' lang='lat' dir='ltr'>singulo-</span> 
     </span>
     <span class='ocr_line' id='line_1_14' title="bbox 242 1098 1872 1152; baseline -0.004 -10"><span class='ocrx_word' id='word_1_103' title='bbox 242 1115 343 1142; x_wconf 91' lang='lat' dir='ltr'>rum</span> <span class='ocrx_word' id='word_1_104' title='bbox 370 1102 568 1141; x_wconf 81' lang='lat' dir='ltr'>fratrum</span> <span class='ocrx_word' id='word_1_105' title='bbox 594 1101 735 1152; x_wconf 90' lang='lat' dir='ltr'>pedes</span> <span class='ocrx_word' id='word_1_106' title='bbox 761 1101 1022 1139; x_wconf 87' lang='lat' dir='ltr'>osculatum</span> <span class='ocrx_word' id='word_1_107' title='bbox 1053 1098 1302 1139; x_wconf 82' lang='lat' dir='ltr'>accedere?</span> <span class='ocrx_word' id='word_1_108' title='bbox 1333 1098 1548 1149; x_wconf 91' lang='lat' dir='ltr'>quamvis</span> <span class='ocrx_word' id='word_1_109' title='bbox 1577 1108 1872 1148; x_wconf 87' lang='lat' dir='ltr'>nequaquam</span> 
     </span>
     <span class='ocr_line' id='line_1_15' title="bbox 242 1167 1871 1220; baseline -0.004 -8"><span class='ocrx_word' id='word_1_110' title='bbox 242 1174 299 1212; x_wconf 88' lang='lat' dir='ltr'>ad</span> <span class='ocrx_word' id='word_1_111' title='bbox 321 1173 409 1212; x_wconf 92' lang='lat' dir='ltr'>hoc</span> <span class='ocrx_word' id='word_1_112' title='bbox 431 1172 751 1220; x_wconf 84' lang='lat' dir='ltr'>admittantur,</span> <span class='ocrx_word' id='word_1_113' title='bbox 774 1182 897 1220; x_wconf 89' lang='lat' dir='ltr'>nam,</span> <span class='ocrx_word' id='word_1_114' title='bbox 922 1176 970 1209; x_wconf 91' lang='lat' dir='ltr'>ut</span> <span class='ocrx_word' id='word_1_115' title='bbox 991 1170 1196 1219; x_wconf 85' lang='lat' dir='ltr'>videtur,</span> <span class='ocrx_word' id='word_1_116' title='bbox 1221 1181 1313 1209; x_wconf 92' lang='lat' dir='ltr'>non</span> <span class='ocrx_word' id='word_1_117' title='bbox 1335 1169 1448 1208; x_wconf 87' lang='lat' dir='ltr'>satis</span> <span class='ocrx_word' id='word_1_118' title='bbox 1476 1169 1721 1208; x_wconf 89' lang='lat' dir='ltr'>honestum</span> <span class='ocrx_word' id='word_1_119' title='bbox 1751 1167 1871 1206; x_wconf 90' lang='lat' dir='ltr'>foret</span> 
     </span>
     <span class='ocr_line' id='line_1_16' title="bbox 242 1237 1873 1293; baseline -0.004 -10"><span class='ocrx_word' id='word_1_120' title='bbox 242 1251 289 1283; x_wconf 88' lang='lat' dir='ltr'>ut</span> <span class='ocrx_word' id='word_1_121' title='bbox 312 1244 519 1283; x_wconf 86' lang='lat' dir='ltr'>sinamus</span> <span class='ocrx_word' id='word_1_122' title='bbox 542 1242 793 1293; x_wconf 87' lang='lat' dir='ltr'>discipulos</span> <span class='ocrx_word' id='word_1_123' title='bbox 814 1247 1000 1280; x_wconf 88' lang='lat' dir='ltr'>nostros</span> <span class='ocrx_word' id='word_1_124' title='bbox 1021 1240 1280 1291; x_wconf 84' lang='lat' dir='ltr'>provolutis</span> <span class='ocrx_word' id='word_1_125' title='bbox 1299 1239 1494 1289; x_wconf 89' lang='lat' dir='ltr'>genibus</span> <span class='ocrx_word' id='word_1_126' title='bbox 1524 1244 1709 1278; x_wconf 89' lang='lat' dir='ltr'>nostros</span> <span class='ocrx_word' id='word_1_127' title='bbox 1730 1237 1873 1289; x_wconf 88' lang='lat' dir='ltr'>pedes</span> 
     </span>
     <span class='ocr_line' id='line_1_17' title="bbox 242 1309 1875 1362; baseline -0.004 -8"><span class='ocrx_word' id='word_1_128' title='bbox 242 1314 519 1354; x_wconf 79' lang='lat' dir='ltr'>exosculari.</span> <span class='ocrx_word' id='word_1_129' title='bbox 561 1313 737 1353; x_wconf 82' lang='lat' dir='ltr'>Sufficit</span> <span class='ocrx_word' id='word_1_130' title='bbox 764 1323 989 1362; x_wconf 87' lang='lat' dir='ltr'>namque,</span> <span class='ocrx_word' id='word_1_131' title='bbox 1021 1312 1060 1351; x_wconf 91' lang='lat' dir='ltr'>si</span> <span class='ocrx_word' id='word_1_132' title='bbox 1087 1311 1196 1362; x_wconf 92' lang='lat' dir='ltr'>quid</span> <span class='ocrx_word' id='word_1_133' title='bbox 1222 1310 1533 1362; x_wconf 90' lang='lat' dir='ltr'>imprudentia</span> <span class='ocrx_word' id='word_1_134' title='bbox 1564 1314 1769 1349; x_wconf 86' lang='lat' dir='ltr'>erratum</span> <span class='ocrx_word' id='word_1_135' title='bbox 1796 1309 1875 1358; x_wconf 61' lang='lat' dir='ltr'>sit,</span> 
     </span>
     <span class='ocr_line' id='line_1_18' title="bbox 242 1379 1872 1436; baseline -0.004 -12"><span class='ocrx_word' id='word_1_136' title='bbox 242 1386 385 1425; x_wconf 88' lang='lat' dir='ltr'>errati</span> <span class='ocrx_word' id='word_1_137' title='bbox 408 1384 678 1436; x_wconf 88' lang='lat' dir='ltr'>suppliciter</span> <span class='ocrx_word' id='word_1_138' title='bbox 700 1383 890 1423; x_wconf 88' lang='lat' dir='ltr'>veniam</span> <span class='ocrx_word' id='word_1_139' title='bbox 910 1388 1086 1434; x_wconf 89' lang='lat' dir='ltr'>petant,</span> <span class='ocrx_word' id='word_1_140' title='bbox 1110 1382 1216 1421; x_wconf 91' lang='lat' dir='ltr'>licet</span> <span class='ocrx_word' id='word_1_141' title='bbox 1237 1388 1280 1421; x_wconf 87' lang='lat' dir='ltr'>et</span> <span class='ocrx_word' id='word_1_142' title='bbox 1300 1381 1388 1420; x_wconf 91' lang='lat' dir='ltr'>hoc</span> <span class='ocrx_word' id='word_1_143' title='bbox 1408 1381 1597 1420; x_wconf 90' lang='lat' dir='ltr'>minime</span> <span class='ocrx_word' id='word_1_144' title='bbox 1619 1380 1676 1419; x_wconf 89' lang='lat' dir='ltr'>ab</span> <span class='ocrx_word' id='word_1_145' title='bbox 1702 1379 1759 1419; x_wconf 88' lang='lat' dir='ltr'>iis</span> <span class='ocrx_word' id='word_1_146' title='bbox 1780 1379 1872 1418; x_wconf 86' lang='lat' dir='ltr'>exi—</span> 
     </span>
     <span class='ocr_line' id='line_1_19' title="bbox 241 1449 1873 1507; baseline -0.004 -12"><span class='ocrx_word' id='word_1_147' title='bbox 241 1462 403 1507; x_wconf 88' lang='lat' dir='ltr'>gatur,</span> <span class='ocrx_word' id='word_1_148' title='bbox 429 1456 567 1495; x_wconf 90' lang='lat' dir='ltr'>immo</span> <span class='ocrx_word' id='word_1_149' title='bbox 598 1455 724 1494; x_wconf 85' lang='lat' dir='ltr'>nullo</span> <span class='ocrx_word' id='word_1_150' title='bbox 745 1460 886 1505; x_wconf 91' lang='lat' dir='ltr'>pacto</span> <span class='ocrx_word' id='word_1_151' title='bbox 917 1453 1208 1502; x_wconf 86' lang='lat' dir='ltr'>conceditur,</span> <span class='ocrx_word' id='word_1_152' title='bbox 1240 1452 1278 1491; x_wconf 88' lang='lat' dir='ltr'>si</span> <span class='ocrx_word' id='word_1_153' title='bbox 1308 1451 1503 1491; x_wconf 83' lang='lat' dir='ltr'>forsitan</span> <span class='ocrx_word' id='word_1_154' title='bbox 1533 1449 1825 1490; x_wconf 88' lang='lat' dir='ltr'>olfecerimus</span> <span class='ocrx_word' id='word_1_155' title='bbox 1846 1461 1873 1488; x_wconf 90' lang='lat' dir='ltr'>a</span> 
     </span>
     <span class='ocr_line' id='line_1_20' title="bbox 244 1522 1381 1576; baseline -0.004 -10"><span class='ocrx_word' id='word_1_156' title='bbox 244 1526 530 1566; x_wconf 86' lang='lat' dir='ltr'>confessario</span> <span class='ocrx_word' id='word_1_157' title='bbox 554 1526 645 1565; x_wconf 86' lang='lat' dir='ltr'>tale</span> <span class='ocrx_word' id='word_1_158' title='bbox 674 1524 894 1576; x_wconf 89' lang='lat' dir='ltr'>quiddam</span> <span class='ocrx_word' id='word_1_159' title='bbox 916 1524 972 1563; x_wconf 91' lang='lat' dir='ltr'>iis</span> <span class='ocrx_word' id='word_1_160' title='bbox 993 1522 1249 1574; x_wconf 88' lang='lat' dir='ltr'>injunctum</span> <span class='ocrx_word' id='word_1_161' title='bbox 1265 1534 1381 1561; x_wconf 88' lang='lat' dir='ltr'>esse.</span> 
     </span>
     <span class='ocr_line' id='line_1_21' title="bbox 259 1586 1872 1652; baseline -0.004 -16"><span class='ocrx_word' id='word_1_162' title='bbox 259 1647 265 1652; x_wconf 90' lang='lat'>.</span> <span class='ocrx_word' id='word_1_163' title='bbox 300 1586 726 1645; x_wconf 64' lang='lat' dir='ltr'>‘Declamationes,</span> <span class='ocrx_word' id='word_1_164' title='bbox 762 1606 878 1646; x_wconf 92' lang='lat' dir='ltr'>quas</span> <span class='ocrx_word' id='word_1_165' title='bbox 908 1593 1085 1634; x_wconf 84' lang='lat' dir='ltr'>Romae</span> <span class='ocrx_word' id='word_1_166' title='bbox 1115 1593 1276 1633; x_wconf 90' lang='lat' dir='ltr'>haberi</span> <span class='ocrx_word' id='word_1_167' title='bbox 1304 1598 1576 1632; x_wconf 91' lang='lat' dir='ltr'>consuetum</span> <span class='ocrx_word' id='word_1_168' title='bbox 1603 1596 1693 1641; x_wconf 86' lang='lat' dir='ltr'>est,</span> <span class='ocrx_word' id='word_1_169' title='bbox 1724 1598 1766 1630; x_wconf 89' lang='lat' dir='ltr'>et</span> <span class='ocrx_word' id='word_1_170' title='bbox 1798 1590 1872 1630; x_wconf 92' lang='lat' dir='ltr'>hic</span> 
     </span>
     <span class='ocr_line' id='line_1_22' title="bbox 242 1654 764 1717; baseline -0.006 -10"><span class='ocrx_word' id='word_1_171' title='bbox 242 1654 402 1707; x_wconf 82' lang='lat' dir='ltr'>haberi</span> <span class='ocrx_word' id='word_1_172' title='bbox 429 1672 620 1717; x_wconf 87' lang='lat' dir='ltr'>coeptae</span> <span class='ocrx_word' id='word_1_173' title='bbox 644 1672 764 1705; x_wconf 90' lang='lat' dir='ltr'>sunt.</span> 
     </span>
     <span class='ocr_line' id='line_1_23' title="bbox 322 1731 1868 1788; baseline -0.005 -10.356"><span class='ocrx_word' id='word_1_174' title='bbox 322 1738 371 1778; x_wconf 86' lang='grc' dir='ltr'>Ρ.</span> <span class='ocrx_word' id='word_1_175' title='bbox 394 1738 619 1788; x_wconf 89' lang='lat' dir='ltr'>Magister</span> <span class='ocrx_word' id='word_1_176' title='bbox 640 1736 882 1775; x_wconf 81' lang='lat' dir='ltr'>Bobadilla</span> <span class='ocrx_word' id='word_1_177' title='bbox 898 1736 986 1775; x_wconf 91' lang='lat' dir='ltr'>hoc</span> <span class='ocrx_word' id='word_1_178' title='bbox 1004 1733 1399 1786; x_wconf 86' lang='lat' dir='ltr'>quadragesimali</span> <span class='ocrx_word' id='word_1_179' title='bbox 1415 1739 1622 1783; x_wconf 89' lang='lat' dir='ltr'>tempore</span> <span class='ocrx_word' id='word_1_180' title='bbox 1638 1732 1785 1784; x_wconf 86' lang='lat' dir='ltr'>Jonae</span> <span class='ocrx_word' id='word_1_181' title='bbox 1802 1731 1868 1770; x_wconf 92' lang='lat' dir='ltr'>hi-</span> 
     </span>
     <span class='ocr_line' id='line_1_24' title="bbox 243 1794 1869 1859; baseline -0.006 -10"><span class='ocrx_word' id='word_1_182' title='bbox 243 1794 436 1849; x_wconf 85' lang='lat' dir='ltr'>storiam</span> <span class='ocrx_word' id='word_1_183' title='bbox 469 1807 781 1859; x_wconf 86' lang='lat' dir='ltr'>quadraginta</span> <span class='ocrx_word' id='word_1_184' title='bbox 815 1806 1090 1846; x_wconf 90' lang='lat' dir='ltr'>lectionibus</span> <span class='ocrx_word' id='word_1_185' title='bbox 1125 1817 1178 1844; x_wconf 90' lang='lat' dir='ltr'>eo</span> <span class='ocrx_word' id='word_1_186' title='bbox 1212 1804 1349 1844; x_wconf 88' lang='lat' dir='ltr'>modo</span> <span class='ocrx_word' id='word_1_187' title='bbox 1385 1815 1530 1854; x_wconf 91' lang='lat' dir='ltr'>eaque</span> <span class='ocrx_word' id='word_1_188' title='bbox 1565 1801 1777 1842; x_wconf 88' lang='lat' dir='ltr'>doctrina</span> <span class='ocrx_word' id='word_1_189' title='bbox 1815 1814 1869 1841; x_wconf 91' lang='lat' dir='ltr'>ac</span> 
     </span>
     <span class='ocr_line' id='line_1_25' title="bbox 242 1863 1871 1931; baseline -0.006 -11"><span class='ocrx_word' id='word_1_190' title='bbox 242 1863 397 1931; x_wconf 74' lang='lat' dir='ltr'>gratia</span> <span class='ocrx_word' id='word_1_191' title='bbox 431 1884 744 1930; x_wconf 89' lang='lat' dir='ltr'>prosequutus</span> <span class='ocrx_word' id='word_1_192' title='bbox 772 1883 862 1927; x_wconf 88' lang='lat' dir='ltr'>est,</span> <span class='ocrx_word' id='word_1_193' title='bbox 892 1883 940 1916; x_wconf 91' lang='lat' dir='ltr'>ut</span> <span class='ocrx_word' id='word_1_194' title='bbox 969 1876 1110 1916; x_wconf 89' lang='lat' dir='ltr'>totius</span> <span class='ocrx_word' id='word_1_195' title='bbox 1138 1874 1274 1926; x_wconf 89' lang='lat' dir='ltr'>hujus</span> <span class='ocrx_word' id='word_1_196' title='bbox 1308 1874 1442 1925; x_wconf 89' lang='lat' dir='ltr'>regni</span> <span class='ocrx_word' id='word_1_197' title='bbox 1474 1873 1871 1924; x_wconf 86' lang='lat' dir='ltr'>Archiepiscopus</span> 
     </span>
     <span class='ocr_line' id='line_1_26' title="bbox 244 1934 1871 2001; baseline -0.005 -11"><span class='ocrx_word' id='word_1_198' title='bbox 244 1934 481 2001; x_wconf 76' lang='lat' dir='ltr'>nunquam</span> <span class='ocrx_word' id='word_1_199' title='bbox 502 1948 698 1989; x_wconf 90' lang='lat' dir='ltr'>cessarit</span> <span class='ocrx_word' id='word_1_200' title='bbox 727 1947 904 1987; x_wconf 89' lang='lat' dir='ltr'>orando</span> <span class='ocrx_word' id='word_1_201' title='bbox 931 1953 975 1986; x_wconf 92' lang='lat' dir='ltr'>et</span> <span class='ocrx_word' id='word_1_202' title='bbox 1005 1946 1315 1996; x_wconf 83' lang='lat' dir='ltr'>obsecrando,</span> <span class='ocrx_word' id='word_1_203' title='bbox 1347 1945 1455 1996; x_wconf 90' lang='lat' dir='ltr'>quin</span> <span class='ocrx_word' id='word_1_204' title='bbox 1484 1944 1623 1984; x_wconf 89' lang='lat' dir='ltr'>etiam</span> <span class='ocrx_word' id='word_1_205' title='bbox 1644 1944 1871 1994; x_wconf 88' lang='lat' dir='ltr'>imperan-</span> 
     </span>
     <span class='ocr_line' id='line_1_27' title="bbox 245 2009 1871 2071; baseline -0.005 -11"><span class='ocrx_word' id='word_1_206' title='bbox 245 2009 319 2071; x_wconf 82' lang='lat' dir='ltr'>do,</span> <span class='ocrx_word' id='word_1_207' title='bbox 361 2021 507 2060; x_wconf 88' lang='lat' dir='ltr'>donec</span> <span class='ocrx_word' id='word_1_208' title='bbox 547 2018 685 2059; x_wconf 85' lang='lat' dir='ltr'>Pater</span> <span class='ocrx_word' id='word_1_209' title='bbox 725 2018 981 2069; x_wconf 88' lang='lat' dir='ltr'>susceperit</span> <span class='ocrx_word' id='word_1_210' title='bbox 1019 2016 1312 2067; x_wconf 88' lang='lat' dir='ltr'>provinciam</span> <span class='ocrx_word' id='word_1_211' title='bbox 1357 2015 1601 2066; x_wconf 89' lang='lat' dir='ltr'>epistolam</span> <span class='ocrx_word' id='word_1_212' title='bbox 1641 2014 1773 2054; x_wconf 87' lang='lat' dir='ltr'>Pauli</span> <span class='ocrx_word' id='word_1_213' title='bbox 1813 2013 1871 2052; x_wconf 89' lang='lat' dir='ltr'>ad</span> 
     </span>
     <span class='ocr_line' id='line_1_28' title="bbox 246 2075 1870 2140; baseline -0.005 -9"><span class='ocrx_word' id='word_1_214' title='bbox 246 2075 484 2131; x_wconf 77' lang='lat' dir='ltr'>Romanos</span> <span class='ocrx_word' id='word_1_215' title='bbox 520 2091 566 2129; x_wconf 93' lang='lat' dir='ltr'>in</span> <span class='ocrx_word' id='word_1_216' title='bbox 595 2091 766 2140; x_wconf 88' lang='lat' dir='ltr'>templo</span> <span class='ocrx_word' id='word_1_217' title='bbox 802 2087 966 2138; x_wconf 88' lang='lat' dir='ltr'>majori</span> <span class='ocrx_word' id='word_1_218' title='bbox 1001 2086 1359 2138; x_wconf 86' lang='lat' dir='ltr'>interpretandi,</span> <span class='ocrx_word' id='word_1_219' title='bbox 1399 2097 1537 2137; x_wconf 90' lang='lat' dir='ltr'>quam</span> <span class='ocrx_word' id='word_1_220' title='bbox 1574 2096 1684 2124; x_wconf 88' lang='lat' dir='ltr'>sane</span> <span class='ocrx_word' id='word_1_221' title='bbox 1719 2084 1870 2123; x_wconf 88' lang='lat' dir='ltr'>lectio-</span> 
     </span>
     <span class='ocr_line' id='line_1_29' title="bbox 245 2155 1871 2213; baseline -0.005 -11"><span class='ocrx_word' id='word_1_222' title='bbox 245 2175 349 2202; x_wconf 85' lang='lat' dir='ltr'>nem</span> <span class='ocrx_word' id='word_1_223' title='bbox 379 2162 527 2213; x_wconf 88' lang='lat' dir='ltr'>prima</span> <span class='ocrx_word' id='word_1_224' title='bbox 561 2173 586 2200; x_wconf 89' lang='lat' dir='ltr'>a</span> <span class='ocrx_word' id='word_1_225' title='bbox 614 2160 741 2200; x_wconf 87' lang='lat' dir='ltr'>feriis</span> <span class='ocrx_word' id='word_1_226' title='bbox 767 2158 1064 2210; x_wconf 86' lang='lat' dir='ltr'>paschalibus</span> <span class='ocrx_word' id='word_1_227' title='bbox 1093 2157 1324 2196; x_wconf 89' lang='lat' dir='ltr'>dominica</span> <span class='ocrx_word' id='word_1_228' title='bbox 1353 2167 1492 2207; x_wconf 86' lang='lat' dir='ltr'>quam</span> <span class='ocrx_word' id='word_1_229' title='bbox 1521 2155 1787 2195; x_wconf 87' lang='lat' dir='ltr'>felicissime</span> <span class='ocrx_word' id='word_1_230' title='bbox 1818 2166 1871 2194; x_wconf 88' lang='lat' dir='ltr'>ac</span> 
     </span>
     <span class='ocr_line' id='line_1_30' title="bbox 243 2225 1871 2284; baseline -0.005 -12"><span class='ocrx_word' id='word_1_231' title='bbox 243 2225 373 2284; x_wconf 85' lang='lat' dir='ltr'>juxta</span> <span class='ocrx_word' id='word_1_232' title='bbox 395 2232 660 2271; x_wconf 88' lang='lat' dir='ltr'>doctissime</span> <span class='ocrx_word' id='word_1_233' title='bbox 681 2231 878 2270; x_wconf 89' lang='lat' dir='ltr'>adorsus</span> <span class='ocrx_word' id='word_1_234' title='bbox 899 2235 991 2279; x_wconf 85' lang='lat' dir='ltr'>est,</span> <span class='ocrx_word' id='word_1_235' title='bbox 1022 2229 1069 2267; x_wconf 87' lang='lat' dir='ltr'>in</span> <span class='ocrx_word' id='word_1_236' title='bbox 1096 2240 1241 2278; x_wconf 90' lang='lat' dir='ltr'>eaque</span> <span class='ocrx_word' id='word_1_237' title='bbox 1274 2227 1470 2277; x_wconf 88' lang='lat' dir='ltr'>singulis</span> <span class='ocrx_word' id='word_1_238' title='bbox 1500 2226 1682 2266; x_wconf 84' lang='lat' dir='ltr'>festivis</span> <span class='ocrx_word' id='word_1_239' title='bbox 1712 2226 1871 2265; x_wconf 89' lang='lat' dir='ltr'>diebus</span> 
     </span>
     <span class='ocr_line' id='line_1_31' title="bbox 248 2288 1867 2355; baseline -0.004 -13"><span class='ocrx_word' id='word_1_240' title='bbox 248 2288 662 2355; x_wconf 66' lang='lat' dir='ltr'>tajn&#39;ta‘auciitomm</span> <span class='ocrx_word' id='word_1_241' title='bbox 683 2300 921 2351; x_wconf 88' lang='lat' dir='ltr'>utriusque</span> <span class='ocrx_word' id='word_1_242' title='bbox 945 2310 1083 2338; x_wconf 82' lang='lat' dir='ltr'>sexus</span> <span class='ocrx_word' id='word_1_243' title='bbox 1105 2296 1416 2347; x_wconf 87' lang='lat' dir='ltr'>multitudine,</span> <span class='ocrx_word' id='word_1_244' title='bbox 1449 2296 1573 2348; x_wconf 90' lang='lat' dir='ltr'>quod</span> <span class='ocrx_word' id='word_1_245' title='bbox 1598 2296 1674 2336; x_wconf 89' lang='lat' dir='ltr'>hic</span> <span class='ocrx_word' id='word_1_246' title='bbox 1693 2307 1867 2344; x_wconf 85' lang='lat' dir='ltr'>rarum,</span> 
     </span>
     <span class='ocr_line' id='line_1_32' title="bbox 248 2364 1872 2423; baseline -0.005 -10"><span class='ocrx_word' id='word_1_247' title='bbox 248 2364 519 2423; x_wconf 81' lang='lat' dir='ltr'>perseverat</span> <span class='ocrx_word' id='word_1_248' title='bbox 541 2378 588 2411; x_wconf 91' lang='lat' dir='ltr'>ut</span> <span class='ocrx_word' id='word_1_249' title='bbox 620 2383 711 2410; x_wconf 89' lang='lat' dir='ltr'>non</span> <span class='ocrx_word' id='word_1_250' title='bbox 738 2370 873 2409; x_wconf 86' lang='lat' dir='ltr'>facile</span> <span class='ocrx_word' id='word_1_251' title='bbox 901 2369 1075 2420; x_wconf 86' lang='lat' dir='ltr'>verbis,</span> <span class='ocrx_word' id='word_1_252' title='bbox 1108 2368 1279 2408; x_wconf 89' lang='lat' dir='ltr'>nedum</span> <span class='ocrx_word' id='word_1_253' title='bbox 1311 2368 1518 2419; x_wconf 88' lang='lat' dir='ltr'>scriptis,</span> <span class='ocrx_word' id='word_1_254' title='bbox 1548 2368 1616 2406; x_wconf 89' lang='lat' dir='ltr'>rei</span> <span class='ocrx_word' id='word_1_255' title='bbox 1642 2367 1872 2416; x_wconf 86' lang='lat' dir='ltr'>magnitu-</span> 
     </span>
     <span class='ocr_line' id='line_1_33' title="bbox 252 2439 980 2491; baseline -0.005 -9"><span class='ocrx_word' id='word_1_256' title='bbox 252 2439 405 2484; x_wconf 84' lang='lat' dir='ltr'>dinem</span> <span class='ocrx_word' id='word_1_257' title='bbox 426 2442 770 2482; x_wconf 90' lang='lat' dir='ltr'>communicare</span> <span class='ocrx_word' id='word_1_258' title='bbox 800 2452 980 2491; x_wconf 88' lang='lat' dir='ltr'>queam.</span> 
     </span>
    </p>

    <p class='ocr_par' dir='ltr' id='par_1_5' title="bbox 254 2500 1876 2972">
     <span class='ocr_line' id='line_1_34' title="bbox 282 2500 1876 2562; baseline -0.004 -10"><span class='ocrx_word' id='word_1_259' title='bbox 282 2500 284 2503; x_wconf 17' lang='lat' dir='ltr'>V</span> <span class='ocrx_word' id='word_1_260' title='bbox 330 2502 443 2552; x_wconf 68' lang='lat' dir='ltr'>I&#39;tem</span> <span class='ocrx_word' id='word_1_261' title='bbox 478 2512 617 2552; x_wconf 85' lang='lat' dir='ltr'>etiam</span> <span class='ocrx_word' id='word_1_262' title='bbox 645 2511 844 2562; x_wconf 91' lang='lat' dir='ltr'>optimus</span> <span class='ocrx_word' id='word_1_263' title='bbox 872 2510 921 2550; x_wconf 84' lang='lat' dir='ltr'>P.</span> <span class='ocrx_word' id='word_1_264' title='bbox 952 2510 1167 2550; x_wconf 84' lang='lat' dir='ltr'>Andreas</span> <span class='ocrx_word' id='word_1_265' title='bbox 1194 2520 1287 2548; x_wconf 90' lang='lat' dir='ltr'>non</span> <span class='ocrx_word' id='word_1_266' title='bbox 1318 2509 1505 2548; x_wconf 88' lang='lat' dir='ltr'>omnino</span> <span class='ocrx_word' id='word_1_267' title='bbox 1536 2509 1594 2548; x_wconf 90' lang='lat' dir='ltr'>ab</span> <span class='ocrx_word' id='word_1_268' title='bbox 1624 2508 1747 2548; x_wconf 91' lang='lat' dir='ltr'>omni</span> <span class='ocrx_word' id='word_1_269' title='bbox 1774 2507 1876 2546; x_wconf 88' lang='lat' dir='ltr'>fun—</span> 
     </span>
     <span class='ocr_line' id='line_1_35' title="bbox 254 2572 1874 2633; baseline -0.003 -11"><span class='ocrx_word' id='word_1_270' title='bbox 254 2572 404 2622; x_wconf 40' lang='lat' dir='ltr'>ct‘i’on&#39;e</span> <span class='ocrx_word' id='word_1_271' title='bbox 431 2582 659 2633; x_wconf 88' lang='lat' dir='ltr'>spirituali</span> <span class='ocrx_word' id='word_1_272' title='bbox 681 2581 873 2620; x_wconf 89' lang='lat' dir='ltr'>feriatus</span> <span class='ocrx_word' id='word_1_273' title='bbox 893 2580 992 2631; x_wconf 86' lang='lat' dir='ltr'>fuit;</span> <span class='ocrx_word' id='word_1_274' title='bbox 1017 2579 1392 2630; x_wconf 88' lang='lat' dir='ltr'>quandoquidem</span> <span class='ocrx_word' id='word_1_275' title='bbox 1422 2579 1668 2628; x_wconf 86' lang='lat' dir='ltr'>hactenus,</span> <span class='ocrx_word' id='word_1_276' title='bbox 1698 2591 1755 2618; x_wconf 77' lang='lat' dir='ltr'>ex</span> <span class='ocrx_word' id='word_1_277' title='bbox 1785 2590 1874 2629; x_wconf 90' lang='lat' dir='ltr'>quo</span> 
     </span>
     <span class='ocr_line' id='line_1_36' title="bbox 254 2648 1874 2704; baseline -0.003 -12"><span class='ocrx_word' id='word_1_278' title='bbox 254 2653 494 2704; x_wconf 83' lang='lat' dir='ltr'>Neapolim</span> <span class='ocrx_word' id='word_1_279' title='bbox 515 2652 714 2702; x_wconf 88' lang='lat' dir='ltr'>ingressi</span> <span class='ocrx_word' id='word_1_280' title='bbox 731 2662 903 2700; x_wconf 90' lang='lat' dir='ltr'>sumus,</span> <span class='ocrx_word' id='word_1_281' title='bbox 925 2651 1085 2690; x_wconf 91' lang='lat' dir='ltr'>diebus</span> <span class='ocrx_word' id='word_1_282' title='bbox 1100 2650 1280 2689; x_wconf 83' lang='lat' dir='ltr'>festivis</span> <span class='ocrx_word' id='word_1_283' title='bbox 1299 2660 1470 2700; x_wconf 87' lang='lat' dir='ltr'>magno</span> <span class='ocrx_word' id='word_1_284' title='bbox 1489 2661 1594 2689; x_wconf 89' lang='lat' dir='ltr'>cum</span> <span class='ocrx_word' id='word_1_285' title='bbox 1610 2648 1874 2688; x_wconf 89' lang='lat' dir='ltr'>auditorum</span> 
     </span>
     <span class='ocr_line' id='line_1_37' title="bbox 255 2720 1873 2770; baseline -0.002 -8"><span class='ocrx_word' id='word_1_286' title='bbox 255 2723 405 2762; x_wconf 83' lang='lat' dir='ltr'>fructu</span> <span class='ocrx_word' id='word_1_287' title='bbox 428 2723 534 2761; x_wconf 86' lang='lat' dir='ltr'>boni</span> <span class='ocrx_word' id='word_1_288' title='bbox 556 2721 899 2761; x_wconf 89' lang='lat' dir='ltr'>concionatoris</span> <span class='ocrx_word' id='word_1_289' title='bbox 921 2721 1119 2760; x_wconf 87' lang='lat' dir='ltr'>officium</span> <span class='ocrx_word' id='word_1_290' title='bbox 1140 2720 1398 2770; x_wconf 79' lang='lat' dir='ltr'>exequitur3</span> <span class='ocrx_word' id='word_1_291' title='bbox 1424 2720 1728 2759; x_wconf 88' lang='lat' dir='ltr'>christianam</span> <span class='ocrx_word' id='word_1_292' title='bbox 1745 2731 1873 2769; x_wconf 89' lang='lat' dir='ltr'>prae—</span> 
     </span>
     <span class='ocr_line' id='line_1_38' title="bbox 254 2790 1875 2841; baseline -0.002 -10"><span class='ocrx_word' id='word_1_293' title='bbox 254 2800 381 2832; x_wconf 86' lang='lat' dir='ltr'>terea</span> <span class='ocrx_word' id='word_1_294' title='bbox 414 2793 675 2833; x_wconf 83' lang='lat' dir='ltr'>doctrinam</span> <span class='ocrx_word' id='word_1_295' title='bbox 703 2792 865 2831; x_wconf 91' lang='lat' dir='ltr'>eodem</span> <span class='ocrx_word' id='word_1_296' title='bbox 893 2792 986 2841; x_wconf 87' lang='lat' dir='ltr'>die,</span> <span class='ocrx_word' id='word_1_297' title='bbox 1018 2802 1267 2830; x_wconf 84' lang='lat' dir='ltr'>numerosa</span> <span class='ocrx_word' id='word_1_298' title='bbox 1296 2801 1478 2840; x_wconf 88' lang='lat' dir='ltr'>semper</span> <span class='ocrx_word' id='word_1_299' title='bbox 1505 2802 1609 2830; x_wconf 91' lang='lat' dir='ltr'>cum</span> <span class='ocrx_word' id='word_1_300' title='bbox 1638 2790 1875 2830; x_wconf 90' lang='lat' dir='ltr'>hominum</span> 
     </span>
     <span class='ocr_line' id='line_1_39' title="bbox 255 2860 1873 2913; baseline -0.002 -11"><span class='ocrx_word' id='word_1_301' title='bbox 255 2864 552 2913; x_wconf 72' lang='lat' dir='ltr'>tui-ba„1egit;</span> <span class='ocrx_word' id='word_1_302' title='bbox 578 2863 699 2901; x_wconf 85' lang='lat' dir='ltr'>hanc</span> <span class='ocrx_word' id='word_1_303' title='bbox 720 2870 875 2901; x_wconf 85' lang='lat' dir='ltr'>tamen</span> <span class='ocrx_word' id='word_1_304' title='bbox 902 2861 1145 2900; x_wconf 89' lang='lat' dir='ltr'>lectionem</span> <span class='ocrx_word' id='word_1_305' title='bbox 1172 2872 1294 2900; x_wconf 89' lang='lat' dir='ltr'>nunc</span> <span class='ocrx_word' id='word_1_306' title='bbox 1327 2861 1372 2899; x_wconf 91' lang='lat' dir='ltr'>in</span> <span class='ocrx_word' id='word_1_307' title='bbox 1400 2872 1648 2910; x_wconf 90' lang='lat' dir='ltr'>puerorum</span> <span class='ocrx_word' id='word_1_308' title='bbox 1676 2860 1873 2899; x_wconf 88' lang='lat' dir='ltr'>fructum</span> 
     </span>
     <span class='ocr_line' id='line_1_40' title="bbox 256 2931 964 2972; baseline -0.001 -1"><span class='ocrx_word' id='word_1_309' title='bbox 256 2934 301 2971; x_wconf 86' lang='lat' dir='ltr'>in</span> <span class='ocrx_word' id='word_1_310' title='bbox 326 2933 482 2972; x_wconf 78' lang='lat' dir='ltr'>feriam</span> <span class='ocrx_word' id='word_1_311' title='bbox 506 2940 684 2971; x_wconf 79' lang='lat' dir='ltr'>sextam</span> <span class='ocrx_word' id='word_1_312' title='bbox 715 2931 964 2971; x_wconf 80' lang='lat' dir='ltr'>transtulit.</span> 
     </span>
    </p>
   </div>
  </div>
 </body>
</html>
