1987 3260
899 175 982 212 AN.
1014 174 1105 212 1552
1740 174 1811 211 705

185 286 352 314 norum
372 275 611 314 erroribus*
630 274 807 314 involvi
827 272 908 313 sed
930 272 1046 312 alios
1065 283 1246 323 quoque
1268 281 1418 310 novos
1440 282 1520 321 per
1541 281 1590 310 se
1618 270 1808 310 invene—

186 346 278 385 rint
299 345 595 396 excogitatos
615 346 703 395 vel,
728 343 850 396 quod
872 344 1022 394 magis
1043 342 1100 382 sit
1121 342 1393 391 verisimile,
1425 352 1451 380 a
1479 341 1704 391 magistro
1734 342 1809 381 illo

185 415 416 455 mendacii
449 420 583 466 patre
619 415 841 465 ingestos.
875 414 1029 464 Alius,
1058 414 1166 453 licet
1189 411 1363 463 judicio
1391 418 1433 451 et
1471 412 1684 451 doctrina
1708 423 1809 469 ‚non

185 498 332 537 parva
360 486 621 537 praeditus,
654 486 859 525 animam
893 485 1144 525 humanam
1170 495 1263 523 non
1291 482 1442 523 minus
1472 494 1611 534 quam
1642 494 1812 533 corpus

184 557 494 596 immortalem
517 555 632 605 (sic)
666 567 768 596 esse
803 556 890 595 sibi
916 559 1227 607 persuaserat.
1256 552 1352 593 Nec
1383 552 1526 592 defuit
1555 564 1696 602 unus,
1733 553 1811 603 qui

185 626 387 666 absurda
409 627 547 677 plane
570 633 614 666 ct
636 626 943 666 intolerabilia
966 626 1188 676 dogmata
1210 631 1448 675 tamquam
1468 623 1728 663 certissima
1749 630 1809 663 te-

185 704 331 747 neret,
351 703 510 748 utpote
524 707 704 747 negans
719 708 822 736 cum
837 695 1124 736 Sadducacis
1140 695 1330 746 spiritus
1341 695 1459 734 ullos
1475 706 1576 734 esse
1597 696 1667 734 vel
1684 705 1810 734 ener-

182 778 425 818 gumenos.
451 766 651 818 Quidam
681 767 886 815 advena,
916 766 1061 806 variis
1091 766 1217 806 circa
1243 765 1380 805 fidem
1411 764 1561 804 dubiis
1590 765 1810 815 agitatus,

182 838 226 877 in
248 839 586 878 monasterium
606 838 840 889 quoddam
861 838 991 889 prius
1012 849 1061 877 se
1082 836 1347 885 conferens,
1373 836 1619 887 quemdam
1647 847 1809 876 consu-

183 910 281 948 lens
300 908 487 948 Patrem
507 907 829 948 venerandum
851 920 910 948 an
933 908 1083 947 hostia
1106 913 1382 947 consecrata
1404 912 1526 946 esset
1554 906 1808 953 adoranda,

182 980 361 1019 audivit
382 979 696 1019 idololatriam
718 991 833 1019 esse.
860 978 1094 1029 Quotquot
1126 984 1447 1027 accesserunt,
1481 989 1563 1028 per
1589 977 1678 1017 Dei
1706 988 1808 1028 gra-

180 1051 293 1090 tiam
314 1051 473 1090 intime
494 1050 805 1101 resipuerunt.

260 1121 466 1160 Maxima
488 1121 695 1160 omnium
715 1121 801 1160 fuit
830 1120 1099 1160 colluctatio
1130 1131 1234 1159 cum
1265 1120 1467 1170 quodam
1497 1120 1808 1170 anabaptista,

178 1192 348 1243 juvene
370 1191 544 1242 alioqui
566 1191 778 1241 corporis
800 1197 843 1231 et
865 1191 1049 1230 animae
1080 1191 1287 1240 dotibus.
1321 1197 1370 1230 ut
1399 1202 1512 1241 prae
1541 1202 1590 1230 se
1616 1190 1807 1238 ferebat,

182 1263 297 1302 satis
318 1269 594 1312 exornatus,
618 1262 664 1301 in
685 1274 788 1302 eam
811 1274 921 1301 vero
942 1262 1239 1313 phraenesim
1260 1261 1478 1301 redactus
1499 1267 1619 1309 erat,
1643 1268 1691 1300 ut
1712 1273 1809 1301 sen-

185 1333 329 1373 tentia
350 1333 580 1384 pertinaci
602 1340 797 1383 negaret
819 1333 1109 1372 divinitatem
1130 1331 1303 1372 Christi
1332 1338 1375 1371 et
1406 1331 1569 1372 Matris
1596 1332 1694 1383 ejus
1721 1333 1808 1372 vir-

182 1403 447 1454 ginitatem,
480 1415 535 1442 ac
565 1403 708 1442 ullum
741 1414 842 1442 esse
877 1403 1172 1442 daemonium
1206 1410 1391 1453 praeter
1425 1403 1581 1442 carnis
1614 1403 1810 1453 pruden-

182 1475 317 1525 tiam,
350 1485 603 1524 omnesque
639 1479 875 1524 postremo
911 1479 1131 1512 externos
1158 1474 1309 1512 cultus
1337 1479 1380 1512 et
1406 1473 1522 1513 ritus
1549 1480 1808 1523 execraret,

182 1544 299 1584 adeo
321 1551 370 1585 ut
391 1557 448 1585 ne
471 1545 625 1584 crucis
646 1544 830 1596 quidem
852 1545 986 1594 signo
1014 1544 1194 1583 munire
1226 1556 1274 1583 56
1304 1544 1394 1583 ullo
1422 1550 1559 1594 pacto
1588 1545 1809 1584 monenti-

181 1616 266 1655 bus
288 1622 331 1656 et
352 1615 703 1667 increpantibus
724 1615 1050 1665 assentiretur-3
1072 1621 1121 1654 ut
1143 1615 1308 1665 reliqui
1335 1620 1578 1654 taceantur
1609 1626 1807 1665 errores,

180 1698 298 1738 quos
314 1688 439 1726 nullo
459 1687 657 1726 adactus
673 1692 799 1726 metu
815 1686 1080 1737 relinquere
1102 1686 1308 1732 volebat,
1330 1686 1544 1737 quamvis
1573 1686 1631 1726 ad
1654 1687 1809 1736 ignem

179 1758 391 1809 proxime
427 1757 766 1808 adjudicandus
797 1763 941 1806 esset;
975 1763 1019 1796 et
1045 1756 1244 1796 fortasse
1272 1756 1318 1796 id
1344 1764 1466 1796 esset
1496 1768 1686 1807 passus,
1720 1757 1810 1796 nisi

179 1829 341 1868 morbo
362 1829 502 1879 gravi
530 1834 776 1879 correptus
810 1834 932 1868 esset
965 1840 1018 1867 ac
1046 1834 1293 1879 propterea
1322 1839 1381 1867 ex
1411 1839 1622 1877 carcere,
1656 1827 1808 1879 fideju-

179 1899 394 1938 bentibus
415 1899 704 1950 propinquis,
728 1899 957 1949 tantisper
978 1898 1211 1947 dimissus,
1235 1898 1384 1938 donec
1406 1898 1722 1938 valetudinem
1742 1911 1809 1938 re-

180 1970 367 2020 ciperet.
390 1968 626 2008 Multoties
648 1981 675 2008 a
696 1969 830 2008 nobis
852 1975 896 2008 et
917 1969 1020 2008 aliis
1042 1969 1222 2008 invisus
1238 1968 1337 2018 fuit,
1358 1975 1402 2008 et
1424 1969 1637 2019 benignis
1654 1970 1810 2009 verbis

180 2040 469 2089 admonitus,
508 2039 753 2090 longisque
787 2040 928 2079 etiam
965 2039 1358 2090 disputationibus
1386 2040 1650 2084 convictus,
1683 2049 1726 2080 et
1753 2052 1809 2080 eo

178 2111 432 2162 perductus
459 2118 508 2150 ut
537 2111 680 2150 semel
711 2121 893 2149 errores
928 2121 1038 2149 suos
1066 2121 1348 2160 agnoscens,
1378 2108 1594 2160 abjurare
1627 2111 1809 2161 publice

178 2182 366 2222 eosdem
391 2189 434 2221 et
455 2187 652 2232 peccata
682 2192 765 2220 sua
793 2180 1001 2220 confiteri
1032 2186 1159 2220 certo
1188 2181 1423 2230 statuerit3
1453 2193 1617 2221 verum
1645 2183 1808 2232 postri-

178 2253 250 2292 die
273 2258 353 2292 aut
375 2251 595 2302 perendie
617 2251 768 2290 denuo
799 2251 1000 2301 invisus,
1032 2257 1081 2290 ut
1109 2251 1263 2290 animo
1295 2251 1358 2291 ita
1386 2250 1659 2292 confirmato
1688 2253 1809 2303 quod

177 2324 457 2374 promiserat
477 2328 760 2374 praestaret,
793 2321 925 2373 pejus
953 2333 1001 2361 56
1031 2321 1204 2361 habere
1230 2321 1548 2373 deprehensus
1575 2329 1645 2362 est
1671 2335 1811 2374 quam

175 2406 382 2446 unquam
403 2400 561 2442 antea,
585 2392 796 2443 graviter
818 2392 874 2432 de
901 2393 1034 2432 nobis
1061 2404 1350 2443 conquerens
1377 2393 1501 2443 quod
1529 2404 1579 2433 se
1607 2394 1665 2434 ad
1697 2394 1810 2433 divi-

175 2477 285 2505 nam
315 2464 527 2504 veritatis
561 2463 689 2502 viam
723 2463 1029 2502 deserendam
1065 2463 1354 2513 argumentis
1387 2463 1518 2503 falsis
1555 2465 1807 2515 impulisse-

177 2548 293 2576 mus.
318 2535 451 2575 Unde
474 2533 625 2584 ajebat
648 2532 801 2572 Deum
822 2533 908 2573 sibi
929 2540 1069 2573 noctu
1091 2545 1196 2573 cum
1217 2540 1396 2573 terrore
1426 2534 1636 2574 horribili
1670 2535 1809 2585 signi-

176 2607 355 2646 ficasse.
387 2605 493 2658 Jam
526 2605 680 2656 itaque
710 2616 796 2644 nos
823 2616 907 2644 nec
935 2604 1094 2644 videre
1128 2616 1214 2644 nec
1250 2604 1410 2644 audire
1444 2606 1723 2656 sustinebat,
1763 2607 1806 2646 in

176 2677 374 2728 quodvis
395 2676 559 2716 mortis
580 2686 728 2726 genus
748 2687 833 2726 pro
855 2675 1067 2715 doctrina
1090 2686 1174 2715 sua
1203 2687 1337 2715 ruere
1366 2682 1574 2726 paratus.
1604 2676 1667 2716 At
1693 2689 1807 2716 vero

176 2747 564 2788 clementissimus
596 2745 826 2786 Dominus
866 2757 967 2785 sese
1004 2745 1248 2785 ostendere
1282 2747 1446 2786 volens
1484 2746 1668 2786 diabolo
1706 2759 1807 2788 esse

178 2818 432 2867 fortiorem,
451 2817 516 2857 ita
532 2817 721 2856 tandem
741 2817 835 2867 egit
857 2824 905 2856 ut
928 2828 1120 2856 securus
1142 2817 1214 2866 sit,
1233 2817 1309 2867 qui
1327 2817 1694 2868 desiderabatur,
1714 2820 1806 2859 exi-

178 2896 266 2940 tus,
291 2887 505 2940 publicae
527 2888 705 2928 scilicet
729 2887 1034 2939 abjurationis
1054 2889 1224 2939 populo
1245 2888 1556 2938 gratissimae.

255 2959 341 2999 Vir
363 2958 566 3009 quidam,
600 2959 798 3009 insignis
824 2965 977 3006 notae,
1016 2958 1323 2999 concubinam
1351 2958 1473 2999 domi
1508 2971 1655 3000 annos
1687 2973 1808 3002 com—

367 3033 416 3069 Τ.
441 3043 466 3067 1.
1574 3046 1618 3082 45
