1987 3260
241 185 313 222 282
752 185 981 221 LITTERAE
1006 195 1362 228 QUADRIMESTRES

243 280 414 321 cthone
443 279 453 299 ¹
482 281 675 332 aliisque
711 286 866 320 sectae
900 281 1139 331 magistris
1174 281 1414 322 conferre:
1457 282 1559 332 plus
1598 282 1865 323 effecturam

243 352 366 403 apud
387 352 490 392 illos
511 351 740 391 eruditam
761 350 1039 390 modestiam
1059 356 1104 390 et
1124 350 1385 391 modestam
1402 352 1705 392 eruditionem
1723 353 1864 403 illam,

243 434 334 473 qua
357 422 444 473 ipsi
464 422 557 461 iam
577 421 772 461 fuissent
801 419 966 471 adjuti,
998 432 1137 472 quam
1165 421 1472 472 profecissent
1501 434 1635 462 acres
1669 423 1866 463 aliorum

244 493 599 543 disputationes.

320 563 477 613 Neque
513 561 795 602 abhorrebat
830 560 982 601 Patris
1017 562 1198 601 animus
1221 562 1277 601 ab
1308 573 1364 601 ea
1391 562 1676 613 profectione
1703 564 1750 603 in
1784 563 1866 604 Sa—

241 634 450 680 xoniam,
475 633 565 672 nisi
585 632 708 683 quod
729 632 920 682 optabat
941 631 1132 683 adjungi
1152 632 1238 671 sibi
1258 631 1312 671 R.
1336 631 1383 671 P.
1408 632 1633 685 Jacobum
1661 633 1864 685 Laynez,

241 704 370 755 cujus
406 704 547 743 etiam
579 702 915 754 praesentiam,
940 703 979 742 si
1009 702 1237 742 Dominus
1260 708 1611 754 cooperaretur,
1643 704 1700 743 ad
1730 705 1865 744 emol—

240 775 441 815 liendam
461 773 807 814 haereticorum
829 773 1045 813 duritiem
1067 773 1153 813 sibi
1174 780 1218 813 et
1235 773 1474 813 Ecclesiae
1490 773 1711 824 prodesse
1729 786 1868 825 posse

238 857 331 885 non
352 845 598 885 dubitaret.

318 916 456 955 Faxit
478 915 758 955 clementiss.
782 914 931 964 Deus,
956 919 1005 953 ut
1034 914 1093 953 ad
1119 913 1374 953 Saxoniam
1401 925 1605 965 quoque,
1635 915 1711 954 ubi
1740 916 1866 955 velut

239 987 422 1026 sentina
443 986 790 1026 haereticorum
817 991 905 1036 est,
935 984 1146 1025 Societas
1172 992 1333 1024 nostra
1366 991 1597 1036 penetret,
1628 986 1870 1037 lucemque

241 1057 412 1097 inferre
447 1057 650 1108 aliquam
684 1056 831 1107 possit
865 1056 1131 1096 sedentibus
1167 1056 1214 1095 in
1246 1056 1437 1105 regione
1471 1056 1662 1096 umbrae
1690 1056 1864 1096 mortis.

239 1127 373 1168 Nunc
394 1128 730 1179 profectionem
751 1127 878 1166 illam
897 1127 1241 1178 praepeditam,
1272 1132 1351 1166 aut
1379 1127 1534 1177 potius
1556 1127 1746 1166 dilatam
1773 1139 1868 1167 cer-

239 1199 411 1249 nimus,
437 1199 558 1249 quod
580 1198 638 1238 ad
661 1197 909 1247 collegium
935 1197 1203 1237 Viennense
1231 1196 1368 1236 Pater
1396 1197 1454 1236 sit
1487 1197 1767 1245 destinatus,
1801 1197 1866 1248 ju—

238 1269 374 1309 bente
409 1269 475 1308 sic
509 1268 731 1308 Pontifice
764 1267 971 1308 Maximo
1005 1273 1049 1307 et
1083 1267 1346 1319 postulante
1381 1267 1699 1307 Romanorum
1738 1268 1866 1318 Rege

239 1339 560 1379 Serenissimo.
600 1339 772 1390 Estque
805 1339 894 1378 hoc
922 1339 1123 1389 primum
1154 1339 1201 1378 in
1231 1338 1482 1378 Germania
1510 1339 1759 1389 collegium
1788 1337 1867 1378 So·

240 1410 436 1461 cietatis,
461 1410 520 1450 ad
542 1410 664 1461 quod
686 1409 817 1449 multi
838 1421 862 1449 e
884 1409 1055 1449 nostris
1076 1415 1155 1449 aut
1172 1407 1268 1459 jam
1288 1415 1615 1460 pervenerunt,
1638 1416 1715 1448 aut
1732 1409 1864 1448 brevi

239 1481 491 1521 admodum
524 1480 794 1531 perventuri
822 1486 949 1529 sunt,
985 1479 1170 1520 Christo
1199 1480 1336 1527 duce,
1367 1491 1482 1530 quos
1510 1485 1607 1519 tum
1638 1492 1661 1519 e
1690 1479 1863 1529 Sicilia,

239 1558 335 1592 tum
356 1564 413 1592 ex
435 1552 567 1592 Italia
588 1552 754 1591 missos
775 1551 1054 1591 audivimus.

316 1623 484 1663 Mirum
511 1634 624 1662 vero
653 1622 779 1662 dictu
804 1628 978 1672 quanto
1009 1633 1115 1661 cum
1148 1633 1359 1661 moerore
1394 1622 1611 1661 dimissus
1640 1622 1696 1661 sit
1726 1621 1864 1661 Pater

241 1706 266 1733 a
292 1693 404 1733 R.m0
431 1699 476 1733 et
504 1693 628 1733 Ill.m0
658 1692 906 1733 Cardinale
939 1692 1232 1743 Augustano‚
1257 1692 1333 1743 qui
1354 1692 1598 1732 abeuntem
1626 1693 1683 1732 ad
1705 1692 1863 1732 navim

237 1776 404 1816 usque,
435 1776 528 1804 non
557 1764 657 1804 sine
684 1764 940 1814 lachrymis
967 1769 1078 1814 puto
1101 1762 1130 1812 ²,
1160 1770 1227 1802 est
1256 1769 1551 1814 prosecutus,
1583 1764 1750 1814 quique
1781 1774 1864 1813 per

237 1835 628 1886 quadragesimae
662 1840 844 1885 tempus
879 1834 925 1874 in
955 1834 1271 1885 spiritualibus
1302 1834 1536 1873 exercitiis
1571 1834 1744 1873 nostris
1778 1834 1864 1873 sub

235 1905 398 1945 eodem
419 1905 557 1945 Patre
575 1917 668 1945 non
690 1916 856 1956 parum
876 1904 1092 1955 profecit,
1117 1904 1356 1955 digressus
1384 1904 1558 1944 idcirco
1586 1916 1643 1944 ex
1675 1905 1859 1955 Episco-

233 1982 345 2027 patu
383 1988 468 2016 suo
504 1977 550 2016 in
585 1972 920 2016 monasterium
954 1975 1208 2025 quoddam,
1253 1975 1349 2024 ubi,
1393 1981 1597 2014 semotus
1635 1976 1691 2014 ab
1728 1976 1862 2015 aulae

234 2048 445 2105 strepitu,
470 2047 525 2087 de
547 2047 686 2086 rebus
713 2046 800 2098 piis
818 2045 1107 2086 commodius
1136 2045 1452 2086 meditaretur.
1476 2046 1596 2085 Nam
1625 2052 1668 2085 et
1691 2046 1779 2085 hac
1806 2045 1862 2085 de

233 2129 376 2158 causa
397 2117 575 2168 Regem
596 2118 833 2166 exoravit,
858 2122 907 2157 ut
927 2116 1080 2156 Patris
1102 2128 1244 2167 opera
1266 2116 1342 2156 illo
1364 2122 1572 2177 ternpore
1594 2124 1751 2167 posset
1778 2117 1858 2164 uti,

233 2187 622 2239 quemadmodum
657 2199 796 2239 saepe
831 2193 969 2227 antea
1005 2187 1307 2226 desiderarat.
1346 2172 1437 2226 Sed
1471 2192 1515 2226 et
1550 2186 1862 2237 Cappellanus

233 2258 337 2298 Rmi
364 2270 446 2299 suo
467 2258 621 2298 fructu
643 2270 736 2298 non
758 2264 826 2297 est
847 2257 1161 2307 defraudatus,
1194 2257 1398 2308 acceptis
1425 2257 1743 2297 hebdomadae
1770 2258 1859 2308 pri-

233 2340 336 2369 mae
353 2330 603 2379 exercitiis,
624 2340 742 2379 quae
759 2329 933 2368 ducunt
953 2328 1089 2368 facile
1106 2326 1119 2345 ⁵
1138 2328 1196 2368 ad
1216 2329 1484 2378 generalem
1502 2328 1856 2367 confessionem.

313 2398 485 2439 Omitto
510 2399 808 2450 multiplicem
828 2398 1045 2449 fructum,
1069 2410 1205 2450 quem
1232 2398 1320 2438 hoc
1341 2404 1438 2438 toto
1470 2399 1707 2449 superiore
1736 2410 1859 2438 anno

233 2470 478 2509 collectum
515 2470 743 2509 Dominus
771 2469 919 2509 voluit
946 2469 992 2509 in
1024 2470 1130 2509 aula
1158 2469 1267 2509 dicti
1299 2469 1579 2519 Cardinalis,
1611 2469 1720 2509 dum
1747 2469 1786 2508 is
1815 2475 1861 2508 et

231 2551 334 2579 sese
355 2545 399 2580 et
419 2541 553 2580 aulae
577 2539 871 2591 disciplinam
890 2551 1035 2590 usque
1057 2539 1115 2579 ad
1136 2540 1385 2579 multorum
1407 2540 1762 2579 admirationem
1791 2551 1856 2579 re-

230 2610 414 2661 format,
437 2622 533 2651 non
556 2622 690 2651 secus
712 2611 984 2660 observans,
1009 2621 1148 2661 quam
1168 2610 1207 2649 si
1227 2616 1359 2661 pater
1378 2616 1747 2661 praeceptorque
1764 2611 1853 2661 ipsi

230 2679 415 2732 fuisset,
440 2681 630 2721 Patrem
651 2681 909 2721 Claudium.
933 2681 976 2721 Is
998 2681 1249 2731 Viennam,
1274 2681 1340 2721 uti
1361 2692 1604 2732 speramus
1625 2681 1670 2719 in
1700 2680 1854 2720 Domi-

230 2763 304 2801 no,
325 2750 421 2802 jam
440 2752 708 2803 pervenerit
728 2764 820 2792 una
842 2764 947 2792 cum
969 2752 1245 2792 charissimo
1264 2752 1408 2792 fratre
1429 2751 1489 2791 M.
1513 2751 1650 2792 Petro
1672 2750 1855 2791 Schori-

288 2886 296 2904 ¹
337 2885 470 2920 Scripto
486 2887 578 2921 prius
596 2887 839 2914 Melanclztone
854 2890 887 2914 et
902 2887 1014 2914 deleto
1025 2908 1031 2920 ,
1047 2887 1181 2920 scripsit
1203 2887 1273 2921 ipse
1290 2886 1444 2914 Canisius
1460 2886 1712 2913 flIelanctlwne.

285 2933 299 2952 ²
336 2932 421 2959 Huic
437 2935 619 2967 vocabulo,
637 2935 731 2969 quasi
747 2935 903 2967 delendo,
919 2934 1043 2961 lineam
1058 2935 1232 2968 supposuit
1246 2934 1411 2961 Canisius.

283 2980 297 2999 5
335 2980 449 3007 Etiam
465 2982 608 3009 verbum
623 2982 696 3016 hoc,
713 2986 747 3009 ut
765 2982 950 3011 delendum.
964 2982 1051 3008 linea
1066 2982 1182 3008 subter
1197 2982 1297 3008 ducta
1312 2981 1462 3015 signavit
1479 2980 1643 3008 Canisius.
