1987 3260
262 216 331 251 620
769 213 992 249 LITTERAE
1020 222 1374 254 QUADRmfflsTREs

262 311 446 350 accidit.
471 310 859 360 Quotiescumque
881 309 1002 348 enim
1031 309 1171 358 aliqui
1199 320 1256 347 ex
1276 308 1448 347 nostris
1475 308 1878 359 concionarentur,

262 380 426 431 ingens
447 391 629 430 semper
651 379 964 418 confitentium
981 389 1200 417 numerus
1216 383 1403 429 praesto
1421 384 1535 417 erat.
1554 378 1611 418 Et
1632 378 1681 417 hi
1696 379 1880 430 quidem

261 456 557 499 mercatores,
580 449 802 500 hospites,
824 449 1074 499 agricolae,
1093 455 1137 488 et
1153 449 1363 488 nonnulli
1383 448 1476 499 alii,
1501 447 1616 488 adeo
1636 448 1788 499 rudes,
1813 455 1876 499 ut,

262 521 438 572 opinor,
463 520 571 571 quid
592 525 712 559 esset
735 519 964 559 confessio
985 519 1065 559 vix
1088 519 1201 558 satis
1217 519 1542 570 intelligerent.
1561 519 1733 559 Ultimo
1750 519 1877 559 itine—

261 592 322 631 ris
356 591 504 631 nostri
537 591 608 630 die
643 591 916 630 immensam
950 589 1095 639 litem,
1133 590 1252 629 inter
1287 589 1620 629 conductorem
1655 595 1700 629 et
1734 590 1875 630 alium

259 662 504 712 quemdam
520 661 787 711 religiosum
805 660 1032 709 obortam,
1049 660 1251 710 optimus
1268 659 1316 699 P.
1330 665 1489 699 noster
1507 660 1722 700 Andreas
1740 661 1895 701 valde>

258 732 450 772 feliciter
472 732 744 782 composuit.

336 803 582 842 Civitatem
604 802 724 842 hanc
747 802 960 852 ingressi,
981 802 1070 841 duo
1093 813 1151 841 ex
1166 801 1388 841 fratribus
1410 813 1514 841 cum
1530 813 1702 852 magno
1720 802 1877 853 populi

256 873 484 912 audientis
506 874 731 923 applausu
754 872 1056 923 praedicandi
1073 883 1240 912 munus
1263 871 1433 911 obiere.
1458 871 1557 922 Quo
1580 878 1761 923 exacto,
1785 883 1876 912 una

255 943 313 982 ad
335 943 521 983 domum
542 950 750 983 nostram
781 943 1113 983 conductitiam
1135 942 1322 982 deducti
1344 953 1518 993 sumus,
1542 942 1588 982 in
1610 954 1700 993 qua
1723 943 1876 982 omnia

255 1014 591 1054 studiosissime
632 1021 877 1054 curantem
912 1013 960 1053 P.
998 1020 1224 1064 nostrum,
1260 1013 1539 1063 Magistrum
1571 1012 1873 1064 Bobadillam,

254 1091 437 1135 praeter
460 1096 642 1124 omnem
671 1096 802 1135 spem
834 1091 878 1124 et
905 1085 1278 1135 expectationem
1305 1083 1583 1134 reperimus:
1613 1084 1690 1135 qui
1718 1084 1876 1135 utique

253 1167 434 1195 summa
460 1167 546 1195 nos
573 1156 713 1195 animi
742 1156 976 1196 hilaritate
1004 1155 1206 1205 suscepit
1237 1161 1281 1194 et
1307 1166 1392 1194 nos
1419 1166 1511 1194 non
1538 1154 1706 1194 minori
1734 1154 1875 1194 animi

257 1227 575 1266 consolatione
596 1226 802 1266 vicissim
824 1226 951 1266 illum
973 1225 1175 1277 amplexi
1195 1237 1370 1264 sumus.
1394 1225 1450 1264 Et
1473 1225 1691 1276 quoniam
1718 1224 1873 1265 Pater-

253 1297 386 1336 nitati
407 1304 513 1336 tuae
535 1297 747 1348 placebat
769 1303 831 1347 ut,
856 1307 995 1347 quam
1016 1297 1216 1347 primum
1236 1295 1478 1346 Neapolim
1505 1296 1778 1347 contingere
1797 1295 1872 1335 da-

254 1374 395 1417 retur,
420 1368 598 1407 Ducem
622 1367 647 1414 ¹,
673 1367 808 1418 hujus
830 1367 1023 1417 Collegii
1054 1367 1312 1417 authorem,
1335 1366 1614 1417 viseremus3
1648 1366 1871 1417 postridie

252 1450 391 1490 quam
427 1439 780 1489 appulissemus,
811 1449 972 1477 omnes
1011 1438 1147 1477 simul
1177 1437 1376 1476 accincti
1410 1448 1568 1476 sumus
1609 1437 1872 1477 executioni

249 1508 347 1559 ejus
364 1515 470 1549 tuae
488 1509 757 1548 voluntatis.
778 1508 1025 1548 Caeterum
1041 1508 1293 1548 vehemens
1305 1507 1465 1557 Ducis,
1481 1506 1576 1558 jam
1594 1506 1649 1547 de
1667 1507 1870 1547 adventu

250 1585 410 1619 nostro
439 1580 606 1629 edocti,
636 1591 749 1630 erga
776 1591 861 1618 nos
892 1590 1023 1618 amor
1050 1584 1261 1618 nostram
1289 1578 1578 1628 diligentiam
1611 1578 1657 1618 in
1688 1578 1870 1628 agendo

253 1651 522 1707 antevertit,
561 1650 796 1701 adfuitque
833 1650 956 1689 domi
982 1655 1170 1692 nostrae
1206 1649 1505 1698 salutaturus
1537 1648 1808 1700 priusquam
1843 1660 1870 1688 a

250 1721 383 1760 nobis
404 1722 631 1761 salutatus
654 1728 790 1761 esset.
822 1720 897 1761 Ad
928 1721 1044 1760 haec
1066 1720 1265 1771 plurima
1293 1726 1336 1758 et
1357 1730 1451 1758 non
1478 1719 1694 1769 vulgaria
1722 1719 1870 1759 chari-

249 1791 356 1830 tatis
377 1791 547 1832 indicia
565 1792 785 1842 ostendit,
810 1792 929 1831 inter
951 1802 1070 1842 quae
1093 1790 1348 1829 maximum
1376 1790 1464 1829 hoc
1484 1789 1649 1840 habeo,
1680 1789 1801 1841 quod
1824 1790 1870 1829 in

248 1862 621 1913 frequentissima
643 1874 931 1902 summorum
954 1863 1166 1902 virorum
1188 1872 1362 1900 corona
1389 1860 1699 1911 polliceretur,
1725 1872 1774 1900 se
1795 1862 1869 1900 vel

248 1933 307 1972 ad
341 1933 582 1984 sanguinis
617 1945 762 1984 usque
797 1933 1068 1973 effusionem
1105 1933 1364 1983 Collegium
1397 1932 1484 1971 hoc
1518 1937 1869 1971 asservaturum

247 2004 463 2054 nullaque
484 2015 688 2055 unquam
714 2004 960 2054 ingruente
982 2003 1259 2043 necessitate
1282 2003 1431 2043 eidem
1457 2002 1663 2053 Collegio
1694 2001 1867 2042 defutu-

248 2085 363 2113 rum.
389 2074 444 2113 Et
465 2086 592 2123 sane,
623 2074 746 2125 quod
775 2074 1004 2125 promisit,
1035 2074 1263 2113 hactenus
1291 2073 1413 2112 virili
1440 2072 1594 2112 animo
1620 2072 1866 2124 praestitit.

249 2144 470 2193 Tandem,
508 2145 637 2185 Duce
669 2146 954 2194 consulente,
992 2144 1154 2184 Patres
1181 2156 1273 2184 una
1303 2155 1408 2183 cum
1438 2144 1616 2183 duobus
1648 2143 1869 2183 fratribus

249 2215 479 2265 Puteolos,
508 2216 552 2255 V
556 2216 804 2267 ice-regem
825 2215 838 2233 ‘·'
860 2215 1122 2265 salutaturi,
1146 2215 1341 2266 profecti
1362 2221 1484 2264 sunt,
1513 2214 1679 2265 quibus
1707 2220 1751 2254 et
1769 2214 1867 2265 ipse

247 2285 353 2325 Dux
378 2286 552 2325 aderat.
576 2286 663 2326 Hic
686 2287 826 2337 igitur
845 2287 1047 2338 plurima
1074 2286 1362 2326 humanitate
1383 2286 1673 2337 plurimoque
1693 2285 1866 2336 gaudio

248 2362 432 2396 nostros
453 2357 668 2408 suscepit,
688 2363 931 2408 praeterea
950 2357 1091 2397 etiam
1112 2356 1282 2406 omnia,
1303 2368 1420 2407 quae
1442 2355 1550 2395 Dux
1572 2362 1679 2396 ante
1699 2356 1864 2407 promi-

248 2432 386 2476 serat,
413 2427 565 2466 animo
582 2439 720 2478 quam
735 2427 1060 2467 liberalissimo
1076 2427 1309 2478 pollicitus
1331 2432 1421 2475 est;
1441 2427 1596 2477 immo,
1620 2438 1713 2466 non
1728 2427 1865 2466 modo

249 2497 452 2536 maxima
481 2509 690 2549 quaeque
717 2498 948 2549 pollicitus
977 2504 1060 2547 est,
1091 2498 1171 2537 sed
1199 2497 1338 2537 etiam
1360 2510 1383 2537 e
1410 2497 1610 2547 vestigio
1641 2497 1687 2536 in
1714 2502 1866 2537 ratam

248 2567 583 2617 promissorum
613 2568 1009 2608 confirmationem
1037 2574 1221 2608 centurn
1249 2574 1497 2608 coronatos
1527 2567 1654 2607 Patri
1688 2574 1847 2608 nostro

249 2636 473 2687 Magistro
486 2638 739 2688 Bobadilla,
759 2639 897 2678 misit.
918 2638 1092 2678 Eodem
1106 2638 1196 2677 loci
1212 2638 1513 2677 charissimus
1529 2637 1674 2677 frater
1689 2644 1862 2688 noster,

247 2707 450 2758 Joannes
469 2708 506 2746 F
508 2708 750 2748 ranciscus
771 2707 784 2725 ⁷*
804 2715 1042 2748 strenuum
1064 2708 1233 2748 Christi
1254 2719 1533 2759 praeconem
1555 2708 1662 2758 egit.

305 2911 311 2928 ¹
354 2911 479 2938 Ducem
495 2912 733 2944 Montis-leonis,
750 2914 931 2941 Hectorem
949 2914 1139 2946 pignatclli.

302 2958 315 2975 ·-'
354 2957 384 2983 Is
399 2962 472 2984 crat
490 2959 608 2986 Petrus
624 2960 749 2987 Garcia
767 2961 805 2986 de
822 2960 956 2987 Tolcdo.

300 3004 313 3022 3
350 3004 493 3035 Joanncs
510 3005 710 3033 Franciscus
728 3008 885 3033 Araldus.
