1987 3260
206 206 276 241 500
719 205 942 241 LH'TERAE
968 213 1324 246 QUADRIMESTRES

208 302 420 341 absoluta
438 301 588 352 prima
610 300 920 349 hebdomada,
944 299 1194 339 insalutato
1216 299 1400 350 hospite
1419 332 1427 350 ,
1452 300 1540 340 hoc
1562 306 1652 350 est,
1675 300 1826 350 nobis,

205 371 433 412 discessit.
469 371 605 411 Dolet
640 377 795 410 tamen
830 376 873 409 et
904 370 1058 421 pergit
1090 370 1225 409 nobis
1252 370 1464 410 confiteri
1492 376 1536 410 et
1563 370 1831 422 frequenter

205 442 552 482 communicare
572 453 677 481 cum
696 441 842 480 tribus
864 441 967 480 aliis
987 440 1286 491 grandaevis,
1310 441 1546 492 Hispanis,
1573 442 1652 492 qui
1675 447 1718 481 et
1740 441 1828 492 ipsi

205 513 471 553 desiderant
492 524 540 552 se
561 512 693 552 nobis
714 511 983 563 adjungere.

285 584 336 623 In
357 584 727 634 praesentiarum
747 583 970 623 habemus
986 582 1207 634 juvenem
1238 583 1508 634 quemdam,
1538 582 1675 622 valde
1705 594 1827 622 ama-

206 654 343 694 bilem
364 655 410 694 in
432 654 645 703 Domino,
671 654 717 692 in
737 653 992 703 exercitiis,
1025 654 1103 704 qui
1132 653 1233 693 heri
1263 653 1463 693 absolvit
1490 653 1688 704 primam
1717 653 1826 693 heb—

205 724 456 764 domadam
477 730 521 764 et
542 724 745 763 animum
767 724 904 763 habet
926 724 985 763 ad
1005 723 1300 764 Societatem.
1325 723 1408 763 Est
1431 729 1475 763 et
1497 724 1616 763 alius
1638 724 1829 775 quidam

200 795 387 846 juvenis
406 795 712 835 novendecim
733 806 962 834 annorum
983 800 1062 834 aut
1083 795 1282 843 circiter,
1307 795 1384 845 qui
1405 794 1506 834 heri
1528 794 1673 834 adfuit
1695 795 1829 834 nobis

205 872 249 906 et
271 866 457 905 omnino
480 866 539 905 ad
559 865 713 905 omnia
733 871 927 916 paratus
947 877 996 905 se
1016 865 1152 905 nobis
1174 865 1299 916 cupit
1321 864 1596 916 adjungere3
1626 865 1708 904 sed
1736 876 1830 904 non

204 942 356 987 potest
382 936 515 976 nobis
546 948 631 976 nec
659 936 870 976 habitare
897 935 1028 986 (sic),
1050 948 1135 976 nec
1165 936 1460 985 conversari,
1490 947 1575 975 nec
1604 936 1827 975 exercitia

202 1008 459 1058 suscipere,
497 1008 603 1058 quia
630 1006 753 1046 dicto
780 1006 977 1057 Regenti
1004 1006 1242 1046 cohabitat
1270 1012 1314 1046 et
1342 1006 1456 1046 satis
1485 1005 1673 1057 conjicit
1705 1006 1829 1057 quod

202 1084 420 1129 parentes
440 1089 533 1117 non
553 1077 897 1128 permitterent,
922 1077 1003 1116 sed
1023 1076 1238 1117 fortassis
1260 1077 1424 1117 turbae
1461 1076 1644 1128 aliquae
1676 1077 1828 1116 denuo

204 1149 534 1188 excitarentur.
560 1147 699 1187 Volui
730 1159 843 1198 ergo
872 1149 1000 1199 prius
1029 1148 1288 1199 intelligere
1315 1148 1426 1199 quid
1454 1148 1502 1187 P.
1538 1148 1596 1188 V.
1628 1148 1684 1187 de
1711 1147 1829 1187 actis

204 1218 312 1268 illis,
338 1230 442 1258 cum
463 1219 622 1258 ultimo
642 1226 778 1269 posta
800 1230 825 1257 a
853 1230 925 1258 me
946 1219 1266 1269 transcriptis,
1291 1219 1480 1268 sentiat,
1511 1225 1555 1258 et
1576 1218 1687 1270 quid
1706 1223 1828 1269 post-

203 1289 291 1328 hac
326 1289 371 1328 in
406 1289 630 1328 similibus
659 1296 703 1328 et
732 1289 779 1328 in
807 1289 894 1328 hoc
924 1301 1107 1340 quoque
1144 1300 1256 1328 casu
1287 1300 1428 1339 agere
1464 1289 1671 1328 debeam.
1706 1288 1826 1339 Ego,

204 1359 291 1399 Dei
324 1360 500 1409 gratia,
537 1359 667 1399 nihili
693 1359 813 1399 facio
842 1360 1035 1409 quaevis
1063 1359 1286 1410 adversa,
1317 1359 1399 1399 sed
1427 1360 1473 1398 in
1493 1359 1582 1398 hoc
1603 1359 1830 1398 sollicitus

203 1442 305 1470 sum
332 1442 425 1470 non
453 1442 617 1481 parum
646 1437 693 1470 ut
728 1431 979 1481 prudenter
1014 1437 1058 1470 et
1087 1431 1256 1470 minori
1291 1442 1396 1470 cum
1423 1430 1646 1470 scandalo
1674 1430 1830 1469 omnia

204 1502 390 1550 1ie1·ent;
424 1501 482 1540 ad
510 1501 631 1552 quod
662 1512 748 1551 ego
776 1502 900 1541 nullo
927 1501 1064 1541 modo
1091 1500 1291 1551 sufficio;
1325 1499 1526 1540 confisus
1555 1506 1712 1540 tamen
1740 1499 1830 1539 Do-

204 1572 328 1611 mino
351 1578 393 1611 et
416 1572 704 1611 orationibus
724 1571 773 1610 P.
797 1571 855 1611 V.
880 1571 994 1611 satis
1014 1572 1129 1611 bene
1151 1582 1253 1611 sum
1275 1576 1534 1611 contentus.

282 1642 367 1681 His
389 1644 544 1682 valeat
564 1643 610 1681 in
637 1641 838 1682 Domino
865 1643 975 1695 Jesu
1002 1641 1050 1681 P.
1080 1642 1139 1682 V.
1170 1648 1214 1681 et
1242 1654 1326 1682 nos
1356 1642 1451 1681 suis
1479 1648 1619 1692 atque
1639 1640 1831 1683 Patrum

203 1725 258 1753 ac
279 1713 496 1753 Fratrum
519 1714 805 1753 orationibus
827 1712 1177 1753 commendatos
1198 1713 1371 1752 habere
1395 1712 1628 1763 dignetur.

281 1784 481 1835 Raptim.
506 1783 717 1833 Lovanii,
740 1783 778 1822 3.
802 1783 1027 1835 Januarii,
1048 1795 1171 1822 anno
1194 1783 1383 1822 Domini
1409 1783 1524 1822 1552.

282 1855 334 1894 R.
361 1855 418 1894 V.
444 1866 607 1894 servus
630 1856 675 1893 in
698 1853 913 1904 Domino,

1133 1997 1377 2036 ADRIANUS
1406 1996 1630 2045 ADRIANI,

1255 2086 1297 2111 ab
1319 2084 1520 2118 Antucrpia.

281 2317 502 2367 Indignus
524 2318 745 2357 sacerdos
767 2317 1014 2357 Societatis
1034 2317 1157 2369 Jesu.

284 2493 648 2544 Superscrzptzv.
679 2459 789 2534 HJIS.
814 2494 914 2534 R.d0
936 2495 983 2534 in
1003 2494 1085 2534 X.0
1113 2494 1255 2542 Patri,
1279 2495 1428 2545 Mgro.
1453 2494 1635 2544 Ignatio
1666 2492 1721 2532 de
1742 2493 1828 2532 Lo-

204 2564 332 2614 yola,
368 2564 640 2614 Praeposito
675 2563 920 2605 Societatis
946 2566 1078 2618 Jesu,
1116 2565 1239 2616 apud
1273 2564 1498 2604 Sanctum
1535 2563 1747 2603 Marcum
1781 2563 1829 2602 in

203 2633 376 2673 Sancta
396 2634 545 2674 Maria
566 2634 620 2674 de
642 2634 831 2685 Sti-ada,
854 2636 1021 2675 Roma.

285 2704 483 2744 Franco.

285 2774 394 2813 Alia
416 2786 582 2815 manu:
607 2775 720 2814 1552.
745 2775 814 2815 De
835 2776 1082 2827 Lobayna,
1108 2775 1369 2825 Adrianus,
1392 2775 1417 2814 S
1436 2775 1677 2828 januario.

260 2879 322 2905 Ubi
338 2887 423 2906 nunc
438 2880 539 2906 habet
556 2878 737 2914 Lobayna‚
753 2881 844 2914 prius
860 2885 933 2908 erat
950 2880 1099 2915 Napoli,·
1114 2881 1171 2907 sed
1188 2881 1277 2908 linea
1293 2888 1396 2914 super
1412 2881 1512 2907 ducta
1529 2881 1676 2907 deletum
1693 2886 1755 2906 est.
