1987 3260
876 195 961 232 Ax.
992 195 1077 231 1531
1725 195 1794 232 309

847 644 1113 699 LXXXV

246 877 291 914 Ρ.
313 877 542 925 Sylvester
562 877 784 915 Landinus

292 942 411 979 Patri
430 941 598 989 Ignatio
617 943 671 980 de
691 942 874 990 Loyola.

339 1006 520 1051 Mutina,
542 1007 585 1043 16
604 1006 708 1054 Maji
730 1007 816 1045 1551
838 1007 863 1042 ¹.

383 1071 622 1119 (Excerpta
641 1083 695 1109 ex
714 1072 885 1117 litteris)

255 1207 325 1248 Ex
347 1208 448 1247 aliis
465 1208 628 1248 litteris
650 1207 855 1259 ejusdem
878 1208 960 1248 16.ἱὶ
989 1208 1097 1260 Maji
1119 1210 1319 1261 scriptis.

257 1278 422 1318 Gratia
443 1284 486 1318 et
507 1290 600 1329 pax
623 1285 710 1319 etc.
1698 1332 1701 1335 ,

259 1348 377 1400 Quia
398 1349 671 1400 Episcopus,
697 1362 802 1390 cum
823 1350 882 1390 ad
910 1351 1193 1391 visitandam
1210 1351 1462 1391 dioecesim
1489 1363 1560 1391 me
1584 1352 1799 1400 mitteret,

178 1419 292 1459 nihil
312 1431 385 1460 me
410 1420 592 1471 gratius
618 1420 703 1460 sibi
730 1421 963 1461 facturum
990 1421 1104 1461 dixit
1131 1433 1271 1473 quam
1297 1422 1335 1462 si
1363 1423 1527 1462 crebro
1557 1421 1615 1462 ad
1642 1422 1802 1462 urbem

180 1490 394 1541 redirem,
418 1491 589 1541 partim
608 1497 798 1543 propter
818 1503 913 1543 eOS,
937 1493 1015 1544 qui
1036 1493 1221 1533 assidue
1243 1493 1601 1543 communicant,
1631 1493 1802 1544 partim

179 1568 229 1601 ut
250 1561 305 1601 de
333 1562 403 1612 iis,
442 1574 559 1613 quae
588 1563 634 1602 in
662 1563 930 1603 visitatione
960 1563 1191 1615 accidunt,
1223 1564 1282 1603 ad
1310 1575 1416 1603 eum
1450 1564 1666 1614 referam,
1702 1564 1803 1604 heri

180 1632 407 1673 Mutinam
427 1632 625 1684 rediens,
649 1633 827 1673 litteras
854 1634 1015 1686 accepi
1035 1633 1235 1674 Sanctae
1252 1633 1512 1684 Societatis,
1545 1646 1663 1686 quae
1691 1634 1801 1675 mihi

179 1709 361 1743 tantum
381 1704 584 1744 laetitiae
606 1705 872 1755 attulerunt,
896 1711 946 1745 ut
967 1704 1191 1756 majorem
1212 1705 1258 1745 in
1279 1705 1367 1745 hac
1391 1706 1488 1745 vita
1509 1717 1603 1746 non
1627 1705 1799 1745 deside-

181 1785 293 1824 rem,
316 1780 497 1814 tantum
518 1775 658 1814 etiam
678 1774 967 1815 confusionis
987 1781 1036 1815 ut
1057 1776 1167 1827 quid
1189 1776 1376 1816 omnino
1399 1776 1551 1816 dicam
1573 1768 1799 1827 ignorem,

178 1856 285 1884 cum
303 1851 400 1884 tam
420 1846 557 1896 longe
578 1858 650 1885 me
671 1844 844 1886 distare
867 1846 923 1886 ab
945 1846 1000 1886 iis
1021 1847 1197 1886 sanctis
1218 1847 1347 1897 viris,
1372 1848 1449 1898 qui
1470 1848 1633 1887 volare
1649 1847 1802 1898 potius

181 1916 228 1955 in
249 1916 328 1956 via
350 1915 437 1955 Dei
457 1915 675 1956 videntur
704 1928 843 1968 quam
865 1928 1068 1965 currere,
1099 1918 1358 1968 considero,
1392 1930 1477 1958 nec
1506 1918 1698 1969 dignum
1728 1929 1801 1958 me

180 1999 281 2027 esse
303 1987 380 2038 qui
401 1987 455 2027 de
478 1993 573 2027 tam
593 1986 767 2027 Sancta
788 1986 1023 2027 Societate
1040 1987 1183 2028 dicar.
1205 1988 1355 2028 Nolim
1372 1995 1529 2028 tamen
1548 1994 1682 2028 extra
1699 2000 1802 2028 eam

181 2057 342 2097 vivere
369 2059 443 2097 vel
469 2058 627 2097 mundi
657 2057 884 2097 dominus.
917 2057 985 2098 sit
1009 2058 1160 2109 gloria
1183 2064 1226 2098 et
1253 2059 1399 2098 honor
1427 2059 1527 2098 Deo
1558 2059 1798 2109 altissimo,

181 2128 258 2179 qui
279 2134 374 2168 tam
395 2128 585 2168 mirifice
607 2140 688 2179 per
709 2129 901 2169 minima
917 2129 1227 2169 instrumenta
1244 2135 1479 2181 operatur.

258 2199 342 2238 His
363 2206 540 2251 septem
562 2199 721 2239 diebus
742 2199 932 2239 visitavi
952 2200 1048 2240 fere
1069 2200 1380 2251 quadraginta
1401 2202 1505 2241 loca
1526 2200 1802 2242 Mutinensis

177 2275 222 2310 et
235 2269 541 2310 Bononiensis
557 2270 798 2321 dioecesis,
817 2271 1132 2322 praedicando
1145 2271 1362 2323 quotidie,
1383 2272 1660 2324 quandoque
1676 2272 1802 2323 quin-

179 2341 324 2393 quies,
347 2341 579 2380 interdum
600 2341 766 2392 sexies,
786 2342 1033 2393 aliquando
1051 2342 1190 2382 etiam
1208 2343 1377 2394 septies
1392 2354 1474 2394 per
1495 2343 1699 2394 gratiam
1715 2342 1803 2383 Dei

179 2412 342 2452 eodem
365 2411 452 2462 die,
484 2424 570 2452 nec
603 2412 804 2452 fructum
831 2413 1052 2464 exiguum
1086 2414 1357 2465 provenisse
1381 2413 1554 2465 judico.
1589 2414 1723 2466 Nam,
1754 2421 1803 2455 ut

179 2484 479 2534 particularia
503 2483 727 2534 omittam,
746 2484 793 2523 in
810 2484 1006 2535 singulis
1022 2485 1138 2525 locis
1155 2486 1356 2525 societas
1372 2486 1583 2526 instituta
1604 2492 1674 2526 est
1694 2486 1801 2526 Cor-

178 2554 305 2605 poris
325 2554 534 2604 Domini,
558 2554 605 2594 in
626 2566 731 2606 qua,
757 2561 927 2595 octavo
956 2567 1138 2607 quoque
1159 2556 1232 2596 die
1252 2557 1341 2607 vel,
1367 2557 1443 2608 qui
1464 2563 1586 2597 esset
1608 2557 1800 2609 disposi-

180 2631 255 2664 tus
282 2625 386 2675 (sic)
408 2625 586 2665 decimo
614 2625 789 2676 quinto,
819 2631 898 2666 aut
926 2626 1169 2666 minimum
1196 2627 1346 2678 prima
1373 2626 1606 2668 dominica
1632 2628 1803 2668 mensis

181 2696 594 2736 communicarent.
617 2696 764 2736 Electi
784 2703 890 2737 sunt
910 2697 1174 2748 superiores
1195 2698 1270 2748 qui
1292 2704 1388 2738 tam
1408 2699 1522 2738 viris
1543 2710 1682 2750 quam
1709 2711 1801 2739 mu-

181 2766 369 2806 lieribus
391 2768 437 2806 in
458 2767 620 2806 eadem
642 2767 864 2807 societate
884 2776 1145 2819 praeesent.

238 2950 249 2970 ¹
289 2951 488 2986 Exemplum
506 2951 537 2978 in
554 2952 609 2979 sol.
625 2952 659 2978 ΔΒ
675 2951 807 2979 Codicis
824 2951 901 2980 1551.
922 2952 985 2979 Est
1001 2957 1034 2979 et
1056 2953 1144 2979 aliud
1163 2953 1194 2979 in
1212 2953 1289 2979 solio
1305 2953 1446 2987 duplici,
1467 2954 1519 2982 cui
1535 2955 1613 2982 olim
1635 2962 1690 2982 nn.
1705 2955 1756 2982 ‘288
1771 2961 1803 2981 et

183 2998 244 3031 289,
261 3005 347 3026 nunc
364 3003 477 3026 autem
491 3000 526 3026 9⁴.)
541 3004 573 3026 et
588 3000 631 3026 93.
