<?xml version="1.0" encoding="UTF-8"?>
<!DOCTYPE html PUBLIC "-//W3C//DTD XHTML 1.0 Transitional//EN"
    "http://www.w3.org/TR/xhtml1/DTD/xhtml1-transitional.dtd">
<html xmlns="http://www.w3.org/1999/xhtml" xml:lang="en" lang="en">
 <head>
  <title>
</title>
<meta http-equiv="Content-Type" content="text/html;charset=utf-8" />
  <meta name='ocr-system' content='tesseract 3.04.00' />
  <meta name='ocr-capabilities' content='ocr_page ocr_carea ocr_par ocr_line ocrx_word'/>
</head>
<body>
  <div class='ocr_page' id='page_1' title='image "./litteraequadrime1301lain_0370.png"; bbox 0 0 1987 3260; ppageno 0'>
   <div class='ocr_carea' id='block_1_1' title="bbox 184 186 1303 227">
    <p class='ocr_par' dir='ltr' id='par_1_1' title="bbox 184 186 1303 227">
     <span class='ocr_line' id='line_1_1' title="bbox 184 186 1303 227; baseline 0 -6"><span class='ocrx_word' id='word_1_1' title='bbox 184 186 255 221; x_wconf 53' lang='grc' dir='ltr'>ΗΜ</span> <span class='ocrx_word' id='word_1_2' title='bbox 698 186 920 222; x_wconf 60' lang='lat' dir='ltr'>Llrrssimss</span> <span class='ocrx_word' id='word_1_3' title='bbox 949 196 1303 227; x_wconf 56' lang='lat' dir='ltr'>orarnfflffis‘rams</span> 
     </span>
    </p>
   </div>
   <div class='ocr_carea' id='block_1_2' title="bbox 178 281 1815 3018">
    <p class='ocr_par' dir='ltr' id='par_1_2' title="bbox 178 281 1815 3018">
     <span class='ocr_line' id='line_1_2' title="bbox 183 281 1809 332; baseline 0 -12"><span class='ocrx_word' id='word_1_4' title='bbox 183 293 276 329; x_wconf 82' lang='lat' dir='ltr'>gua</span> <span class='ocrx_word' id='word_1_5' title='bbox 312 281 644 332; x_wconf 88' lang='lat' dir='ltr'>confirmabat,</span> <span class='ocrx_word' id='word_1_6' title='bbox 678 282 741 321; x_wconf 89' lang='lat' dir='ltr'>ita</span> <span class='ocrx_word' id='word_1_7' title='bbox 778 287 827 320; x_wconf 92' lang='lat' dir='ltr'>ut</span> <span class='ocrx_word' id='word_1_8' title='bbox 856 292 942 320; x_wconf 89' lang='lat' dir='ltr'>nec</span> <span class='ocrx_word' id='word_1_9' title='bbox 977 293 1028 320; x_wconf 91' lang='lat' dir='ltr'>os</span> <span class='ocrx_word' id='word_1_10' title='bbox 1064 293 1090 320; x_wconf 92' lang='lat' dir='ltr'>a</span> <span class='ocrx_word' id='word_1_11' title='bbox 1121 281 1259 321; x_wconf 92' lang='lat' dir='ltr'>corde</span> <span class='ocrx_word' id='word_1_12' title='bbox 1294 293 1380 321; x_wconf 91' lang='lat' dir='ltr'>nec</span> <span class='ocrx_word' id='word_1_13' title='bbox 1415 293 1497 321; x_wconf 94' lang='lat' dir='ltr'>cor</span> <span class='ocrx_word' id='word_1_14' title='bbox 1532 282 1589 321; x_wconf 89' lang='lat' dir='ltr'>ab</span> <span class='ocrx_word' id='word_1_15' title='bbox 1630 293 1709 321; x_wconf 90' lang='lat' dir='ltr'>ore</span> <span class='ocrx_word' id='word_1_16' title='bbox 1730 293 1809 321; x_wconf 91' lang='lat' dir='ltr'>un-</span> 
     </span>
     <span class='ocr_line' id='line_1_3' title="bbox 184 351 1806 403; baseline 0 -13"><span class='ocrx_word' id='word_1_17' title='bbox 184 364 324 402; x_wconf 82' lang='lat' dir='ltr'>quam</span> <span class='ocrx_word' id='word_1_18' title='bbox 351 352 633 400; x_wconf 76' lang='lat' dir='ltr'>dissentiret3</span> <span class='ocrx_word' id='word_1_19' title='bbox 671 352 782 402; x_wconf 91' lang='lat' dir='ltr'>quin</span> <span class='ocrx_word' id='word_1_20' title='bbox 804 351 944 391; x_wconf 89' lang='lat' dir='ltr'>etiam</span> <span class='ocrx_word' id='word_1_21' title='bbox 974 357 1153 391; x_wconf 77' lang='lat' dir='ltr'>tantam</span> <span class='ocrx_word' id='word_1_22' title='bbox 1192 351 1345 391; x_wconf 88' lang='lat' dir='ltr'>animo</span> <span class='ocrx_word' id='word_1_23' title='bbox 1379 353 1668 403; x_wconf 88' lang='lat' dir='ltr'>voluptatem</span> <span class='ocrx_word' id='word_1_24' title='bbox 1703 364 1806 391; x_wconf 85' lang='lat' dir='ltr'>con·</span> 
     </span>
     <span class='ocr_line' id='line_1_4' title="bbox 184 422 1809 473; baseline 0.001 -12"><span class='ocrx_word' id='word_1_25' title='bbox 184 423 405 473; x_wconf 72' lang='lat' dir='ltr'>‹·ipiebat‚</span> <span class='ocrx_word' id='word_1_26' title='bbox 447 430 496 462; x_wconf 91' lang='lat' dir='ltr'>ut</span> <span class='ocrx_word' id='word_1_27' title='bbox 536 424 622 463; x_wconf 88' lang='lat' dir='ltr'>hoc</span> <span class='ocrx_word' id='word_1_28' title='bbox 657 433 768 462; x_wconf 90' lang='lat' dir='ltr'>suas</span> <span class='ocrx_word' id='word_1_29' title='bbox 797 433 932 473; x_wconf 89' lang='lat' dir='ltr'>opes,</span> <span class='ocrx_word' id='word_1_30' title='bbox 962 422 1179 472; x_wconf 77' lang='lat' dir='ltr'>delicias,</span> <span class='ocrx_word' id='word_1_31' title='bbox 1208 422 1453 473; x_wconf 88' lang='lat' dir='ltr'>gaudium,</span> <span class='ocrx_word' id='word_1_32' title='bbox 1496 423 1696 473; x_wconf 89' lang='lat' dir='ltr'>quietem</span> <span class='ocrx_word' id='word_1_33' title='bbox 1734 434 1809 462; x_wconf 86' lang='lat' dir='ltr'>ve-</span> 
     </span>
     <span class='ocr_line' id='line_1_5' title="bbox 184 491 1808 544; baseline 0.001 -13"><span class='ocrx_word' id='word_1_34' title='bbox 184 505 376 544; x_wconf 82' lang='lat' dir='ltr'>ramque</span> <span class='ocrx_word' id='word_1_35' title='bbox 406 493 676 533; x_wconf 73' lang='lat' dir='ltr'><strong>felicitatem</strong></span> <span class='ocrx_word' id='word_1_36' title='bbox 707 492 1030 532; x_wconf 74' lang='lat' dir='ltr'>arbitraretur.</span> <span class='ocrx_word' id='word_1_37' title='bbox 1065 491 1187 542; x_wconf 84' lang='lat' dir='ltr'>Quid</span> <span class='ocrx_word' id='word_1_38' title='bbox 1215 492 1272 531; x_wconf 93' lang='lat' dir='ltr'>de</span> <span class='ocrx_word' id='word_1_39' title='bbox 1306 503 1464 532; x_wconf 89' lang='lat' dir='ltr'>amore</span> <span class='ocrx_word' id='word_1_40' title='bbox 1493 504 1583 543; x_wconf 89' lang='lat' dir='ltr'>quo</span> <span class='ocrx_word' id='word_1_41' title='bbox 1616 504 1808 544; x_wconf 87' lang='lat' dir='ltr'>pauper-</span> 
     </span>
     <span class='ocr_line' id='line_1_6' title="bbox 185 563 1809 614; baseline 0.001 -13"><span class='ocrx_word' id='word_1_42' title='bbox 185 570 326 603; x_wconf 85' lang='lat' dir='ltr'>tatem</span> <span class='ocrx_word' id='word_1_43' title='bbox 347 563 742 614; x_wconf 67' lang='lat' dir='ltr'>prosequebatur?</span> <span class='ocrx_word' id='word_1_44' title='bbox 764 568 888 602; x_wconf 91' lang='lat' dir='ltr'>certe</span> <span class='ocrx_word' id='word_1_45' title='bbox 909 563 1030 602; x_wconf 87' lang='lat' dir='ltr'>hanc</span> <span class='ocrx_word' id='word_1_46' title='bbox 1054 563 1118 602; x_wconf 88' lang='lat' dir='ltr'>ita</span> <span class='ocrx_word' id='word_1_47' title='bbox 1140 563 1330 612; x_wconf 80' lang='lat' dir='ltr'>amavit,</span> <span class='ocrx_word' id='word_1_48' title='bbox 1354 563 1419 602; x_wconf 90' lang='lat' dir='ltr'>ita</span> <span class='ocrx_word' id='word_1_49' title='bbox 1439 574 1620 614; x_wconf 90' lang='lat' dir='ltr'>semper</span> <span class='ocrx_word' id='word_1_50' title='bbox 1641 564 1809 614; x_wconf 91' lang='lat' dir='ltr'>ample-</span> 
     </span>
     <span class='ocr_line' id='line_1_7' title="bbox 183 633 1809 684; baseline 0.001 -12"><span class='ocrx_word' id='word_1_51' title='bbox 183 646 270 673; x_wconf 81' lang='lat' dir='ltr'>xus</span> <span class='ocrx_word' id='word_1_52' title='bbox 291 640 379 684; x_wconf 90' lang='lat' dir='ltr'>est,</span> <span class='ocrx_word' id='word_1_53' title='bbox 402 640 451 674; x_wconf 87' lang='lat' dir='ltr'>ut</span> <span class='ocrx_word' id='word_1_54' title='bbox 473 640 690 683; x_wconf 89' lang='lat' dir='ltr'>matrem,</span> <span class='ocrx_word' id='word_1_55' title='bbox 722 645 932 673; x_wconf 90' lang='lat' dir='ltr'>sororem</span> <span class='ocrx_word' id='word_1_56' title='bbox 959 644 1270 684; x_wconf 77' lang='lat' dir='ltr'>sponsamque</span> <span class='ocrx_word' id='word_1_57' title='bbox 1301 633 1658 673; x_wconf 79' lang='lat' dir='ltr'>existimaverit:</span> <span class='ocrx_word' id='word_1_58' title='bbox 1688 634 1809 673; x_wconf 81' lang='lat' dir='ltr'>unde</span> 
     </span>
     <span class='ocr_line' id='line_1_8' title="bbox 182 704 1807 755; baseline -0.001 -11"><span class='ocrx_word' id='word_1_59' title='bbox 182 716 288 744; x_wconf 80' lang='lat' dir='ltr'>cum</span> <span class='ocrx_word' id='word_1_60' title='bbox 322 705 538 755; x_wconf 82' lang='lat' dir='ltr'>aliquem,</span> <span class='ocrx_word' id='word_1_61' title='bbox 562 704 853 755; x_wconf 83' lang='lat' dir='ltr'>paupertatis</span> <span class='ocrx_word' id='word_1_62' title='bbox 889 704 1103 754; x_wconf 90' lang='lat' dir='ltr'>oblitum,</span> <span class='ocrx_word' id='word_1_63' title='bbox 1134 704 1336 755; x_wconf 88' lang='lat' dir='ltr'>propriis</span> <span class='ocrx_word' id='word_1_64' title='bbox 1356 704 1495 743; x_wconf 88' lang='lat' dir='ltr'>rebus</span> <span class='ocrx_word' id='word_1_65' title='bbox 1521 704 1707 744; x_wconf 90' lang='lat' dir='ltr'>studere</span> <span class='ocrx_word' id='word_1_66' title='bbox 1743 705 1807 744; x_wconf 77' lang='lat' dir='ltr'>vi—</span> 
     </span>
     <span class='ocr_line' id='line_1_9' title="bbox 182 774 1810 825; baseline 0 -11"><span class='ocrx_word' id='word_1_67' title='bbox 182 775 347 825; x_wconf 87' lang='lat' dir='ltr'>debat,</span> <span class='ocrx_word' id='word_1_68' title='bbox 388 787 494 814; x_wconf 89' lang='lat' dir='ltr'>eum</span> <span class='ocrx_word' id='word_1_69' title='bbox 535 775 746 825; x_wconf 85' lang='lat' dir='ltr'>graviter</span> <span class='ocrx_word' id='word_1_70' title='bbox 781 775 1034 814; x_wconf 82' lang='lat' dir='ltr'>admodum</span> <span class='ocrx_word' id='word_1_71' title='bbox 1068 775 1350 822; x_wconf 88' lang='lat' dir='ltr'>accusabat,</span> <span class='ocrx_word' id='word_1_72' title='bbox 1387 774 1450 814; x_wconf 89' lang='lat' dir='ltr'>ita</span> <span class='ocrx_word' id='word_1_73' title='bbox 1483 781 1532 814; x_wconf 91' lang='lat' dir='ltr'>ut</span> <span class='ocrx_word' id='word_1_74' title='bbox 1566 786 1719 814; x_wconf 92' lang='lat' dir='ltr'>meum</span> <span class='ocrx_word' id='word_1_75' title='bbox 1756 787 1810 815; x_wconf 90' lang='lat' dir='ltr'>ac</span> 
     </span>
     <span class='ocr_line' id='line_1_10' title="bbox 182 839 1815 897; baseline -0.001 -12"><span class='ocrx_word' id='word_1_76' title='bbox 182 857 310 885; x_wconf 65' lang='lat' dir='ltr'>tutum</span> <span class='ocrx_word' id='word_1_77' title='bbox 332 853 571 897; x_wconf 86' lang='lat' dir='ltr'>tamquam</span> <span class='ocrx_word' id='word_1_78' title='bbox 597 852 777 897; x_wconf 89' lang='lat' dir='ltr'>pestem</span> <span class='ocrx_word' id='word_1_79' title='bbox 806 849 1126 885; x_wconf 76' lang='lat' dir='ltr'>execraretur.</span> <span class='ocrx_word' id='word_1_80' title='bbox 1160 845 1409 884; x_wconf 86' lang='lat' dir='ltr'>Praeterea</span> <span class='ocrx_word' id='word_1_81' title='bbox 1431 857 1571 896; x_wconf 88' lang='lat' dir='ltr'>quam</span> <span class='ocrx_word' id='word_1_82' title='bbox 1592 839 1815 885; x_wconf 86' lang='lat' dir='ltr'>obediens</span> 
     </span>
     <span class='ocr_line' id='line_1_11' title="bbox 180 915 1811 967; baseline 0 -12"><span class='ocrx_word' id='word_1_83' title='bbox 180 918 340 967; x_wconf 74' lang='lat' dir='ltr'>tuerit,</span> <span class='ocrx_word' id='word_1_84' title='bbox 374 918 563 967; x_wconf 86' lang='lat' dir='ltr'>longum</span> <span class='ocrx_word' id='word_1_85' title='bbox 593 922 715 956; x_wconf 80' lang='lat' dir='ltr'>esset</span> <span class='ocrx_word' id='word_1_86' title='bbox 745 928 1015 966; x_wconf 85' lang='lat' dir='ltr'>recensere;</span> <span class='ocrx_word' id='word_1_87' title='bbox 1054 916 1364 956; x_wconf 84' lang='lat' dir='ltr'>obedientiam</span> <span class='ocrx_word' id='word_1_88' title='bbox 1400 916 1627 966; x_wconf 89' lang='lat' dir='ltr'>siquidem</span> <span class='ocrx_word' id='word_1_89' title='bbox 1657 915 1811 966; x_wconf 91' lang='lat' dir='ltr'>(quam</span> 
     </span>
     <span class='ocr_line' id='line_1_12' title="bbox 179 986 1809 1038; baseline -0.001 -11"><span class='ocrx_word' id='word_1_90' title='bbox 179 999 275 1027; x_wconf 90' lang='lat' dir='ltr'>non</span> <span class='ocrx_word' id='word_1_91' title='bbox 296 988 542 1038; x_wconf 81' lang='lat' dir='ltr'>ignorabat</span> <span class='ocrx_word' id='word_1_92' title='bbox 568 988 697 1026; x_wconf 71' lang='lat' dir='ltr'>viam</span> <span class='ocrx_word' id='word_1_93' title='bbox 724 999 840 1036; x_wconf 90' lang='lat' dir='ltr'>esse,</span> <span class='ocrx_word' id='word_1_94' title='bbox 874 999 965 1037; x_wconf 89' lang='lat' dir='ltr'>qua</span> <span class='ocrx_word' id='word_1_95' title='bbox 992 992 1121 1026; x_wconf 90' lang='lat' dir='ltr'>recto</span> <span class='ocrx_word' id='word_1_96' title='bbox 1150 987 1334 1026; x_wconf 86' lang='lat' dir='ltr'>tramite</span> <span class='ocrx_word' id='word_1_97' title='bbox 1358 986 1417 1025; x_wconf 90' lang='lat' dir='ltr'>ad</span> <span class='ocrx_word' id='word_1_98' title='bbox 1438 987 1686 1026; x_wconf 88' lang='lat' dir='ltr'>coelestem</span> <span class='ocrx_word' id='word_1_99' title='bbox 1714 987 1809 1037; x_wconf 87' lang='lat' dir='ltr'>glo-</span> 
     </span>
     <span class='ocr_line' id='line_1_13' title="bbox 179 1057 1811 1109; baseline -0.001 -12"><span class='ocrx_word' id='word_1_100' title='bbox 179 1059 298 1097; x_wconf 83' lang='lat' dir='ltr'>riam</span> <span class='ocrx_word' id='word_1_101' title='bbox 319 1058 589 1109; x_wconf 83' lang='lat' dir='ltr'>pervenitur</span> <span class='ocrx_word' id='word_1_102' title='bbox 621 1058 885 1109; x_wconf 84' lang='lat' dir='ltr'>Christique</span> <span class='ocrx_word' id='word_1_103' title='bbox 916 1057 1122 1097; x_wconf 90' lang='lat' dir='ltr'>amicitia</span> <span class='ocrx_word' id='word_1_104' title='bbox 1150 1057 1334 1096; x_wconf 81' lang='lat' dir='ltr'>facilius</span> <span class='ocrx_word' id='word_1_105' title='bbox 1361 1059 1675 1107; x_wconf 80' lang='lat' dir='ltr'>comparatur)</span> <span class='ocrx_word' id='word_1_106' title='bbox 1705 1069 1811 1096; x_wconf 88' lang='lat' dir='ltr'>exa-</span> 
     </span>
     <span class='ocr_line' id='line_1_14' title="bbox 181 1127 1808 1179; baseline -0.001 -11"><span class='ocrx_word' id='word_1_107' title='bbox 181 1129 384 1168; x_wconf 71' lang='lat' dir='ltr'>ctissime</span> <span class='ocrx_word' id='word_1_108' title='bbox 406 1129 679 1179; x_wconf 77' lang='lat' dir='ltr'>observare,</span> <span class='ocrx_word' id='word_1_109' title='bbox 704 1128 858 1179; x_wconf 88' lang='lat' dir='ltr'>quoad</span> <span class='ocrx_word' id='word_1_110' title='bbox 878 1134 1081 1179; x_wconf 90' lang='lat' dir='ltr'>poterat,</span> <span class='ocrx_word' id='word_1_111' title='bbox 1107 1134 1302 1168; x_wconf 89' lang='lat' dir='ltr'>conatus</span> <span class='ocrx_word' id='word_1_112' title='bbox 1325 1133 1408 1167; x_wconf 91' lang='lat' dir='ltr'>est.</span> <span class='ocrx_word' id='word_1_113' title='bbox 1444 1127 1577 1167; x_wconf 87' lang='lat' dir='ltr'>Unde</span> <span class='ocrx_word' id='word_1_114' title='bbox 1607 1128 1654 1167; x_wconf 91' lang='lat' dir='ltr'>in</span> <span class='ocrx_word' id='word_1_115' title='bbox 1681 1128 1808 1167; x_wconf 90' lang='lat' dir='ltr'>mini-</span> 
     </span>
     <span class='ocr_line' id='line_1_15' title="bbox 182 1198 1812 1250; baseline 0 -12"><span class='ocrx_word' id='word_1_116' title='bbox 182 1200 268 1238; x_wconf 86' lang='lat' dir='ltr'>mis</span> <span class='ocrx_word' id='word_1_117' title='bbox 297 1200 437 1239; x_wconf 89' lang='lat' dir='ltr'>etiam</span> <span class='ocrx_word' id='word_1_118' title='bbox 464 1199 603 1239; x_wconf 87' lang='lat' dir='ltr'>rebus</span> <span class='ocrx_word' id='word_1_119' title='bbox 630 1200 757 1239; x_wconf 90' lang='lat' dir='ltr'>illam</span> <span class='ocrx_word' id='word_1_120' title='bbox 784 1199 871 1239; x_wconf 89' lang='lat' dir='ltr'>sibi</span> <span class='ocrx_word' id='word_1_121' title='bbox 898 1199 1075 1250; x_wconf 90' lang='lat' dir='ltr'>imponi</span> <span class='ocrx_word' id='word_1_122' title='bbox 1104 1199 1313 1249; x_wconf 80' lang='lat' dir='ltr'>volebat,</span> <span class='ocrx_word' id='word_1_123' title='bbox 1345 1210 1438 1238; x_wconf 93' lang='lat' dir='ltr'>non</span> <span class='ocrx_word' id='word_1_124' title='bbox 1465 1199 1659 1249; x_wconf 89' lang='lat' dir='ltr'>ignarus</span> <span class='ocrx_word' id='word_1_125' title='bbox 1689 1198 1812 1249; x_wconf 91' lang='lat' dir='ltr'>quod</span> 
     </span>
     <span class='ocr_line' id='line_1_16' title="bbox 181 1269 1808 1321; baseline 0.001 -15"><span class='ocrx_word' id='word_1_126' title='bbox 181 1270 437 1310; x_wconf 78' lang='lat' dir='ltr'>obediendo</span> <span class='ocrx_word' id='word_1_127' title='bbox 466 1276 727 1321; x_wconf 86' lang='lat' dir='ltr'>praestaret</span> <span class='ocrx_word' id='word_1_128' title='bbox 758 1270 880 1317; x_wconf 79' lang='lat' dir='ltr'>(licet</span> <span class='ocrx_word' id='word_1_129' title='bbox 907 1270 1043 1320; x_wconf 79' lang='lat' dir='ltr'>parvi</span> <span class='ocrx_word' id='word_1_130' title='bbox 1071 1276 1192 1309; x_wconf 88' lang='lat' dir='ltr'>esset</span> <span class='ocrx_word' id='word_1_131' title='bbox 1221 1269 1456 1317; x_wconf 88' lang='lat' dir='ltr'>momenti)</span> <span class='ocrx_word' id='word_1_132' title='bbox 1486 1269 1532 1309; x_wconf 91' lang='lat' dir='ltr'>id</span> <span class='ocrx_word' id='word_1_133' title='bbox 1560 1281 1652 1308; x_wconf 93' lang='lat' dir='ltr'>non</span> <span class='ocrx_word' id='word_1_134' title='bbox 1680 1269 1808 1308; x_wconf 89' lang='lat' dir='ltr'>mini-</span> 
     </span>
     <span class='ocr_line' id='line_1_17' title="bbox 183 1339 1809 1391; baseline 0 -13"><span class='ocrx_word' id='word_1_135' title='bbox 183 1352 307 1380; x_wconf 87' lang='lat' dir='ltr'>mum</span> <span class='ocrx_word' id='word_1_136' title='bbox 322 1340 501 1380; x_wconf 85' lang='lat' dir='ltr'>fructus</span> <span class='ocrx_word' id='word_1_137' title='bbox 518 1340 822 1391; x_wconf 87' lang='lat' dir='ltr'>utilitatisque</span> <span class='ocrx_word' id='word_1_138' title='bbox 841 1340 1039 1379; x_wconf 85' lang='lat' dir='ltr'>adferre.</span> <span class='ocrx_word' id='word_1_139' title='bbox 1054 1339 1233 1380; x_wconf 84' lang='lat' dir='ltr'>Silentii</span> <span class='ocrx_word' id='word_1_140' title='bbox 1250 1351 1446 1391; x_wconf 91' lang='lat' dir='ltr'>quoque,</span> <span class='ocrx_word' id='word_1_141' title='bbox 1466 1345 1515 1379; x_wconf 90' lang='lat' dir='ltr'>ut</span> <span class='ocrx_word' id='word_1_142' title='bbox 1532 1348 1632 1379; x_wconf 88' lang='lat' dir='ltr'>erat</span> <span class='ocrx_word' id='word_1_143' title='bbox 1652 1351 1809 1379; x_wconf 90' lang='lat' dir='ltr'>aman-</span> 
     </span>
     <span class='ocr_line' id='line_1_18' title="bbox 181 1410 1809 1462; baseline -0.001 -11"><span class='ocrx_word' id='word_1_144' title='bbox 181 1412 409 1461; x_wconf 83' lang='lat' dir='ltr'>tissimus,</span> <span class='ocrx_word' id='word_1_145' title='bbox 434 1412 497 1451; x_wconf 90' lang='lat' dir='ltr'>ita</span> <span class='ocrx_word' id='word_1_146' title='bbox 527 1418 570 1451; x_wconf 91' lang='lat' dir='ltr'>et</span> <span class='ocrx_word' id='word_1_147' title='bbox 598 1423 781 1462; x_wconf 86' lang='lat' dir='ltr'>semper</span> <span class='ocrx_word' id='word_1_148' title='bbox 810 1411 1252 1451; x_wconf 84' lang='lat' dir='ltr'>observantissimus</span> <span class='ocrx_word' id='word_1_149' title='bbox 1281 1422 1383 1450; x_wconf 86' lang='lat' dir='ltr'>esse</span> <span class='ocrx_word' id='word_1_150' title='bbox 1411 1412 1576 1461; x_wconf 79' lang='lat' dir='ltr'>voluit3</span> <span class='ocrx_word' id='word_1_151' title='bbox 1608 1410 1730 1461; x_wconf 90' lang='lat' dir='ltr'>quod</span> <span class='ocrx_word' id='word_1_152' title='bbox 1760 1416 1809 1450; x_wconf 90' lang='lat' dir='ltr'>ut</span> 
     </span>
     <span class='ocr_line' id='line_1_19' title="bbox 181 1481 1809 1533; baseline 0 -13"><span class='ocrx_word' id='word_1_153' title='bbox 181 1482 362 1522; x_wconf 68' lang='lat' dir='ltr'>facilius</span> <span class='ocrx_word' id='word_1_154' title='bbox 404 1489 784 1533; x_wconf 80' lang='lat' dir='ltr'>consequeretur,</span> <span class='ocrx_word' id='word_1_155' title='bbox 823 1482 1023 1533; x_wconf 89' lang='lat' dir='ltr'>lapidem</span> <span class='ocrx_word' id='word_1_156' title='bbox 1054 1494 1387 1533; x_wconf 86' lang='lat' dir='ltr'>nonnunquam</span> <span class='ocrx_word' id='word_1_157' title='bbox 1419 1482 1466 1521; x_wconf 91' lang='lat' dir='ltr'>in</span> <span class='ocrx_word' id='word_1_158' title='bbox 1497 1493 1591 1532; x_wconf 91' lang='lat' dir='ltr'>ore,</span> <span class='ocrx_word' id='word_1_159' title='bbox 1631 1481 1809 1532; x_wconf 87' lang='lat' dir='ltr'>antiqui</span> 
     </span>
     <span class='ocr_line' id='line_1_20' title="bbox 182 1552 1809 1604; baseline -0.001 -12"><span class='ocrx_word' id='word_1_160' title='bbox 182 1554 331 1593; x_wconf 80' lang='lat' dir='ltr'>Patris</span> <span class='ocrx_word' id='word_1_161' title='bbox 369 1553 636 1604; x_wconf 84' lang='lat' dir='ltr'>Agathonis</span> <span class='ocrx_word' id='word_1_162' title='bbox 667 1554 895 1604; x_wconf 84' lang='lat' dir='ltr'>exemplo,</span> <span class='ocrx_word' id='word_1_163' title='bbox 933 1553 1163 1604; x_wconf 89' lang='lat' dir='ltr'>portabat.</span> <span class='ocrx_word' id='word_1_164' title='bbox 1199 1552 1316 1593; x_wconf 88' lang='lat' dir='ltr'>Cum</span> <span class='ocrx_word' id='word_1_165' title='bbox 1345 1558 1500 1592; x_wconf 89' lang='lat' dir='ltr'>autem</span> <span class='ocrx_word' id='word_1_166' title='bbox 1530 1553 1577 1592; x_wconf 91' lang='lat' dir='ltr'>in</span> <span class='ocrx_word' id='word_1_167' title='bbox 1609 1553 1809 1603; x_wconf 87' lang='lat' dir='ltr'>aliquem</span> 
     </span>
     <span class='ocr_line' id='line_1_21' title="bbox 181 1623 1807 1674; baseline -0.001 -11"><span class='ocrx_word' id='word_1_168' title='bbox 181 1635 389 1664; x_wconf 79' lang='lat' dir='ltr'>errorem</span> <span class='ocrx_word' id='word_1_169' title='bbox 410 1624 528 1663; x_wconf 87' lang='lat' dir='ltr'>forte</span> <span class='ocrx_word' id='word_1_170' title='bbox 549 1623 735 1664; x_wconf 85' lang='lat' dir='ltr'>fortuna</span> <span class='ocrx_word' id='word_1_171' title='bbox 758 1623 977 1674; x_wconf 87' lang='lat' dir='ltr'>delapsus</span> <span class='ocrx_word' id='word_1_172' title='bbox 999 1624 1438 1674; x_wconf 86' lang='lat' dir='ltr'>deprehenderetur,</span> <span class='ocrx_word' id='word_1_173' title='bbox 1470 1624 1637 1663; x_wconf 89' lang='lat' dir='ltr'>mirum</span> <span class='ocrx_word' id='word_1_174' title='bbox 1667 1635 1807 1674; x_wconf 85' lang='lat' dir='ltr'>quan;</span> 
     </span>
     <span class='ocr_line' id='line_1_22' title="bbox 178 1694 1810 1746; baseline -0.001 -12"><span class='ocrx_word' id='word_1_175' title='bbox 178 1702 340 1745; x_wconf 87' lang='lat' dir='ltr'>topere</span> <span class='ocrx_word' id='word_1_176' title='bbox 361 1694 617 1746; x_wconf 82' lang='lat' dir='ltr'>gaudebat,</span> <span class='ocrx_word' id='word_1_177' title='bbox 642 1707 734 1734; x_wconf 89' lang='lat' dir='ltr'>non</span> <span class='ocrx_word' id='word_1_178' title='bbox 757 1694 879 1745; x_wconf 90' lang='lat' dir='ltr'>quod</span> <span class='ocrx_word' id='word_1_179' title='bbox 901 1694 1120 1734; x_wconf 90' lang='lat' dir='ltr'>delictum</span> <span class='ocrx_word' id='word_1_180' title='bbox 1141 1694 1468 1744; x_wconf 84' lang='lat' dir='ltr'>commisisset,</span> <span class='ocrx_word' id='word_1_181' title='bbox 1494 1694 1575 1734; x_wconf 91' lang='lat' dir='ltr'>sed</span> <span class='ocrx_word' id='word_1_182' title='bbox 1605 1694 1714 1745; x_wconf 91' lang='lat' dir='ltr'>quia</span> <span class='ocrx_word' id='word_1_183' title='bbox 1742 1706 1810 1733; x_wconf 90' lang='lat' dir='ltr'>re-</span> 
     </span>
     <span class='ocr_line' id='line_1_23' title="bbox 179 1764 1804 1816; baseline -0.001 -11"><span class='ocrx_word' id='word_1_184' title='bbox 179 1766 439 1816; x_wconf 85' lang='lat' dir='ltr'>prehensus</span> <span class='ocrx_word' id='word_1_185' title='bbox 470 1765 827 1816; x_wconf 89' lang='lat' dir='ltr'>admonitusque</span> <span class='ocrx_word' id='word_1_186' title='bbox 862 1765 1228 1804; x_wconf 85' lang='lat' dir='ltr'>emendatiorem</span> <span class='ocrx_word' id='word_1_187' title='bbox 1264 1776 1312 1804; x_wconf 89' lang='lat' dir='ltr'>se</span> <span class='ocrx_word' id='word_1_188' title='bbox 1340 1764 1547 1804; x_wconf 86' lang='lat' dir='ltr'>futurum</span> <span class='ocrx_word' id='word_1_189' title='bbox 1582 1770 1804 1815; x_wconf 87' lang='lat' dir='ltr'>speraret.</span> 
     </span>
     <span class='ocr_line' id='line_1_24' title="bbox 186 1835 1808 1886; baseline -0.001 -10"><span class='ocrx_word' id='word_1_190' title='bbox 186 1837 308 1876; x_wconf 86' lang='lat' dir='ltr'>Haec</span> <span class='ocrx_word' id='word_1_191' title='bbox 331 1848 437 1876; x_wconf 89' lang='lat' dir='ltr'>curn</span> <span class='ocrx_word' id='word_1_192' title='bbox 460 1836 705 1886; x_wconf 77' lang='lat' dir='ltr'>diligenter</span> <span class='ocrx_word' id='word_1_193' title='bbox 727 1835 780 1875; x_wconf 85' lang='lat' dir='ltr'>R.</span> <span class='ocrx_word' id='word_1_194' title='bbox 804 1835 853 1875; x_wconf 81' lang='lat' dir='ltr'>P.</span> <span class='ocrx_word' id='word_1_195' title='bbox 879 1835 1140 1886; x_wconf 85' lang='lat' dir='ltr'>Cornelius,</span> <span class='ocrx_word' id='word_1_196' title='bbox 1166 1835 1244 1886; x_wconf 89' lang='lat' dir='ltr'>qui</span> <span class='ocrx_word' id='word_1_197' title='bbox 1261 1835 1415 1875; x_wconf 90' lang='lat' dir='ltr'>domui</span> <span class='ocrx_word' id='word_1_198' title='bbox 1432 1835 1722 1886; x_wconf 90' lang='lat' dir='ltr'>probationis</span> <span class='ocrx_word' id='word_1_199' title='bbox 1739 1841 1808 1874; x_wconf 89' lang='lat' dir='ltr'>est</span> 
     </span>
     <span class='ocr_line' id='line_1_25' title="bbox 180 1906 1808 1958; baseline -0.001 -11"><span class='ocrx_word' id='word_1_200' title='bbox 180 1907 457 1958; x_wconf 80' lang='lat' dir='ltr'>praefectus,</span> <span class='ocrx_word' id='word_1_201' title='bbox 480 1907 815 1957; x_wconf 82' lang='lat' dir='ltr'>consideraret,</span> <span class='ocrx_word' id='word_1_202' title='bbox 837 1918 1032 1958; x_wconf 85' lang='lat' dir='ltr'>eumque</span> <span class='ocrx_word' id='word_1_203' title='bbox 1054 1918 1079 1946; x_wconf 88' lang='lat' dir='ltr'>a</span> <span class='ocrx_word' id='word_1_204' title='bbox 1102 1907 1274 1946; x_wconf 82' lang='lat' dir='ltr'>virtute</span> <span class='ocrx_word' id='word_1_205' title='bbox 1292 1907 1338 1946; x_wconf 90' lang='lat' dir='ltr'>in</span> <span class='ocrx_word' id='word_1_206' title='bbox 1359 1907 1581 1946; x_wconf 87' lang='lat' dir='ltr'>virtutem</span> <span class='ocrx_word' id='word_1_207' title='bbox 1603 1906 1808 1957; x_wconf 88' lang='lat' dir='ltr'>quotidie</span> 
     </span>
     <span class='ocr_line' id='line_1_26' title="bbox 181 1977 1810 2029; baseline -0.001 -11"><span class='ocrx_word' id='word_1_208' title='bbox 181 1978 433 2029; x_wconf 87' lang='lat' dir='ltr'>procedere</span> <span class='ocrx_word' id='word_1_209' title='bbox 461 1979 663 2029; x_wconf 84' lang='lat' dir='ltr'>videret,</span> <span class='ocrx_word' id='word_1_210' title='bbox 696 1978 899 2018; x_wconf 89' lang='lat' dir='ltr'>omnium</span> <span class='ocrx_word' id='word_1_211' title='bbox 930 1990 1106 2028; x_wconf 85' lang='lat' dir='ltr'>curam,</span> <span class='ocrx_word' id='word_1_212' title='bbox 1140 1990 1188 2017; x_wconf 92' lang='lat' dir='ltr'>se</span> <span class='ocrx_word' id='word_1_213' title='bbox 1217 1978 1407 2017; x_wconf 88' lang='lat' dir='ltr'>absente</span> <span class='ocrx_word' id='word_1_214' title='bbox 1430 1978 1494 2027; x_wconf 90' lang='lat' dir='ltr'>(ut</span> <span class='ocrx_word' id='word_1_215' title='bbox 1530 1977 1606 2028; x_wconf 87' lang='lat' dir='ltr'>qui</span> <span class='ocrx_word' id='word_1_216' title='bbox 1634 1978 1810 2017; x_wconf 92' lang='lat' dir='ltr'>nullum</span> 
     </span>
     <span class='ocr_line' id='line_1_27' title="bbox 182 2048 1810 2100; baseline -0.001 -12"><span class='ocrx_word' id='word_1_217' title='bbox 182 2061 328 2100; x_wconf 85' lang='lat' dir='ltr'>aeque</span> <span class='ocrx_word' id='word_1_218' title='bbox 359 2049 499 2089; x_wconf 89' lang='lat' dir='ltr'>fidum</span> <span class='ocrx_word' id='word_1_219' title='bbox 527 2050 758 2100; x_wconf 55' lang='lat' dir='ltr'>haberet),</span> <span class='ocrx_word' id='word_1_220' title='bbox 784 2050 849 2089; x_wconf 91' lang='lat' dir='ltr'>illi</span> <span class='ocrx_word' id='word_1_221' title='bbox 871 2049 1160 2089; x_wconf 87' lang='lat' dir='ltr'>committere</span> <span class='ocrx_word' id='word_1_222' title='bbox 1187 2061 1280 2088; x_wconf 90' lang='lat' dir='ltr'>non</span> <span class='ocrx_word' id='word_1_223' title='bbox 1313 2049 1569 2088; x_wconf 88' lang='lat' dir='ltr'>dubitabat.</span> <span class='ocrx_word' id='word_1_224' title='bbox 1600 2048 1642 2088; x_wconf 88' lang='lat' dir='ltr'>Is</span> <span class='ocrx_word' id='word_1_225' title='bbox 1668 2048 1810 2098; x_wconf 88' lang='lat' dir='ltr'>igitur</span> 
     </span>
     <span class='ocr_line' id='line_1_28' title="bbox 183 2118 1809 2171; baseline -0.001 -12"><span class='ocrx_word' id='word_1_226' title='bbox 183 2120 299 2160; x_wconf 84' lang='lat' dir='ltr'>alios</span> <span class='ocrx_word' id='word_1_227' title='bbox 327 2132 547 2159; x_wconf 88' lang='lat' dir='ltr'>exercere</span> <span class='ocrx_word' id='word_1_228' title='bbox 574 2121 773 2169; x_wconf 89' lang='lat' dir='ltr'>solebat,</span> <span class='ocrx_word' id='word_1_229' title='bbox 811 2126 1013 2170; x_wconf 90' lang='lat' dir='ltr'>tentare,</span> <span class='ocrx_word' id='word_1_230' title='bbox 1052 2120 1260 2159; x_wconf 87' lang='lat' dir='ltr'>cribrare</span> <span class='ocrx_word' id='word_1_231' title='bbox 1283 2126 1421 2171; x_wconf 87' lang='lat' dir='ltr'>atque</span> <span class='ocrx_word' id='word_1_232' title='bbox 1448 2118 1809 2170; x_wconf 85' lang='lat' dir='ltr'>uniuscujusque</span> 
     </span>
     <span class='ocr_line' id='line_1_29' title="bbox 182 2190 1810 2242; baseline 0.001 -13"><span class='ocrx_word' id='word_1_233' title='bbox 182 2196 399 2230; x_wconf 88' lang='lat' dir='ltr'>naturam</span> <span class='ocrx_word' id='word_1_234' title='bbox 427 2191 655 2241; x_wconf 86' lang='lat' dir='ltr'>experiri;</span> <span class='ocrx_word' id='word_1_235' title='bbox 685 2191 862 2242; x_wconf 86' lang='lat' dir='ltr'>hisque,</span> <span class='ocrx_word' id='word_1_236' title='bbox 893 2202 1009 2242; x_wconf 88' lang='lat' dir='ltr'>quos</span> <span class='ocrx_word' id='word_1_237' title='bbox 1035 2191 1299 2241; x_wconf 87' lang='lat' dir='ltr'>praeceptis</span> <span class='ocrx_word' id='word_1_238' title='bbox 1321 2190 1612 2241; x_wconf 89' lang='lat' dir='ltr'>superiorum</span> <span class='ocrx_word' id='word_1_239' title='bbox 1633 2201 1727 2229; x_wconf 91' lang='lat' dir='ltr'>non</span> <span class='ocrx_word' id='word_1_240' title='bbox 1746 2196 1810 2230; x_wconf 89' lang='lat' dir='ltr'>at-</span> 
     </span>
     <span class='ocr_line' id='line_1_30' title="bbox 184 2261 1810 2313; baseline -0.001 -13"><span class='ocrx_word' id='word_1_241' title='bbox 184 2267 333 2301; x_wconf 89' lang='lat' dir='ltr'>tentos</span> <span class='ocrx_word' id='word_1_242' title='bbox 354 2261 563 2309; x_wconf 86' lang='lat' dir='ltr'>videbat,</span> <span class='ocrx_word' id='word_1_243' title='bbox 588 2262 898 2313; x_wconf 89' lang='lat' dir='ltr'>poenitentias</span> <span class='ocrx_word' id='word_1_244' title='bbox 919 2262 1176 2313; x_wconf 87' lang='lat' dir='ltr'>injungere.</span> <span class='ocrx_word' id='word_1_245' title='bbox 1203 2261 1322 2312; x_wconf 85' lang='lat' dir='ltr'>Quia</span> <span class='ocrx_word' id='word_1_246' title='bbox 1344 2273 1457 2301; x_wconf 81' lang='lat' dir='ltr'>vero</span> <span class='ocrx_word' id='word_1_247' title='bbox 1478 2272 1810 2311; x_wconf 87' lang='lat' dir='ltr'>nonnunquam</span> 
     </span>
     <span class='ocr_line' id='line_1_31' title="bbox 182 2331 1811 2384; baseline -0.001 -12"><span class='ocrx_word' id='word_1_248' title='bbox 182 2333 448 2372; x_wconf 82' lang='lat' dir='ltr'>severitatis</span> <span class='ocrx_word' id='word_1_249' title='bbox 475 2333 685 2372; x_wconf 85' lang='lat' dir='ltr'>nonnihil</span> <span class='ocrx_word' id='word_1_250' title='bbox 707 2333 941 2384; x_wconf 89' lang='lat' dir='ltr'>animique</span> <span class='ocrx_word' id='word_1_251' title='bbox 962 2332 1200 2383; x_wconf 79' lang='lat' dir='ltr'>rigidioris</span> <span class='ocrx_word' id='word_1_252' title='bbox 1227 2344 1340 2384; x_wconf 89' lang='lat' dir='ltr'>prae</span> <span class='ocrx_word' id='word_1_253' title='bbox 1361 2344 1410 2372; x_wconf 82' lang='lat' dir='ltr'>se</span> <span class='ocrx_word' id='word_1_254' title='bbox 1430 2332 1630 2382; x_wconf 85' lang='lat' dir='ltr'>ferebat,</span> <span class='ocrx_word' id='word_1_255' title='bbox 1660 2331 1811 2382; x_wconf 90' lang='lat' dir='ltr'>ipsum</span> 
     </span>
     <span class='ocr_line' id='line_1_32' title="bbox 183 2403 1809 2453; baseline -0.001 -11"><span class='ocrx_word' id='word_1_256' title='bbox 183 2403 346 2453; x_wconf 90' lang='lat' dir='ltr'>reliqui</span> <span class='ocrx_word' id='word_1_257' title='bbox 366 2409 534 2442; x_wconf 90' lang='lat' dir='ltr'>natura</span> <span class='ocrx_word' id='word_1_258' title='bbox 556 2403 716 2443; x_wconf 90' lang='lat' dir='ltr'>rudem</span> <span class='ocrx_word' id='word_1_259' title='bbox 736 2404 851 2453; x_wconf 90' lang='lat' dir='ltr'>(erat</span> <span class='ocrx_word' id='word_1_260' title='bbox 873 2404 995 2443; x_wconf 91' lang='lat' dir='ltr'>enim</span> <span class='ocrx_word' id='word_1_261' title='bbox 1016 2404 1218 2453; x_wconf 88' lang='lat' dir='ltr'>calaber)</span> <span class='ocrx_word' id='word_1_262' title='bbox 1237 2409 1280 2443; x_wconf 93' lang='lat' dir='ltr'>et</span> <span class='ocrx_word' id='word_1_263' title='bbox 1301 2403 1361 2443; x_wconf 91' lang='lat' dir='ltr'>ad</span> <span class='ocrx_word' id='word_1_264' title='bbox 1382 2403 1427 2443; x_wconf 92' lang='lat' dir='ltr'>id</span> <span class='ocrx_word' id='word_1_265' title='bbox 1449 2403 1583 2442; x_wconf 89' lang='lat' dir='ltr'>officii</span> <span class='ocrx_word' id='word_1_266' title='bbox 1604 2403 1809 2452; x_wconf 89' lang='lat' dir='ltr'>ineptum</span> 
     </span>
     <span class='ocr_line' id='line_1_33' title="bbox 183 2474 1808 2525; baseline -0.001 -13"><span class='ocrx_word' id='word_1_267' title='bbox 183 2474 514 2513; x_wconf 77' lang='lat' dir='ltr'>existimabant</span> <span class='ocrx_word' id='word_1_268' title='bbox 536 2486 544 2523; x_wconf 87' lang='grc'>;</span> <span class='ocrx_word' id='word_1_269' title='bbox 586 2474 693 2513; x_wconf 91' lang='lat' dir='ltr'>hinc</span> <span class='ocrx_word' id='word_1_270' title='bbox 735 2475 1127 2514; x_wconf 88' lang='lat' dir='ltr'>murmurationes</span> <span class='ocrx_word' id='word_1_271' title='bbox 1167 2474 1616 2525; x_wconf 87' lang='lat' dir='ltr'>conquestionesque</span> <span class='ocrx_word' id='word_1_272' title='bbox 1662 2478 1808 2512; x_wconf 87' lang='lat' dir='ltr'>ortac-</span> 
     </span>
     <span class='ocr_line' id='line_1_34' title="bbox 183 2543 1807 2596; baseline -0.001 -13"><span class='ocrx_word' id='word_1_273' title='bbox 183 2544 370 2584; x_wconf 83' lang='lat' dir='ltr'>tandem</span> <span class='ocrx_word' id='word_1_274' title='bbox 392 2556 497 2584; x_wconf 91' lang='lat' dir='ltr'>cum</span> <span class='ocrx_word' id='word_1_275' title='bbox 520 2556 680 2584; x_wconf 88' lang='lat' dir='ltr'>omnes</span> <span class='ocrx_word' id='word_1_276' title='bbox 701 2545 837 2584; x_wconf 90' lang='lat' dir='ltr'>simul</span> <span class='ocrx_word' id='word_1_277' title='bbox 858 2545 1206 2596; x_wconf 86' lang='lat' dir='ltr'>conspirassent</span> <span class='ocrx_word' id='word_1_278' title='bbox 1226 2550 1275 2584; x_wconf 91' lang='lat' dir='ltr'>ut</span> <span class='ocrx_word' id='word_1_279' title='bbox 1297 2543 1394 2595; x_wconf 89' lang='lat' dir='ltr'>ejus</span> <span class='ocrx_word' id='word_1_280' title='bbox 1415 2544 1672 2595; x_wconf 88' lang='lat' dir='ltr'>periculum</span> <span class='ocrx_word' id='word_1_281' title='bbox 1688 2543 1807 2582; x_wconf 80' lang='lat' dir='ltr'>face-</span> 
     </span>
     <span class='ocr_line' id='line_1_35' title="bbox 184 2614 1809 2665; baseline -0.001 -11"><span class='ocrx_word' id='word_1_282' title='bbox 184 2620 305 2665; x_wconf 87' lang='lat' dir='ltr'>rent,</span> <span class='ocrx_word' id='word_1_283' title='bbox 329 2614 552 2665; x_wconf 90' lang='lat' dir='ltr'>numquid</span> <span class='ocrx_word' id='word_1_284' title='bbox 568 2615 632 2654; x_wconf 89' lang='lat' dir='ltr'>ita</span> <span class='ocrx_word' id='word_1_285' title='bbox 655 2614 933 2654; x_wconf 84' lang='lat' dir='ltr'>intrinsecus</span> <span class='ocrx_word' id='word_1_286' title='bbox 955 2615 1205 2654; x_wconf 85' lang='lat' dir='ltr'>virtutibus</span> <span class='ocrx_word' id='word_1_287' title='bbox 1227 2615 1432 2654; x_wconf 87' lang='lat' dir='ltr'>munitus</span> <span class='ocrx_word' id='word_1_288' title='bbox 1449 2620 1571 2654; x_wconf 89' lang='lat' dir='ltr'>esset</span> <span class='ocrx_word' id='word_1_289' title='bbox 1592 2614 1713 2653; x_wconf 90' lang='lat' dir='ltr'>sicut</span> <span class='ocrx_word' id='word_1_290' title='bbox 1734 2625 1809 2653; x_wconf 81' lang='lat' dir='ltr'>ex-</span> 
     </span>
     <span class='ocr_line' id='line_1_36' title="bbox 183 2683 1806 2736; baseline -0.001 -13"><span class='ocrx_word' id='word_1_291' title='bbox 183 2685 412 2725; x_wconf 90' lang='lat' dir='ltr'>trinsecus</span> <span class='ocrx_word' id='word_1_292' title='bbox 434 2685 710 2736; x_wconf 85' lang='lat' dir='ltr'>apparebat,</span> <span class='ocrx_word' id='word_1_293' title='bbox 734 2686 856 2724; x_wconf 90' lang='lat' dir='ltr'>hunc</span> <span class='ocrx_word' id='word_1_294' title='bbox 878 2685 931 2724; x_wconf 84' lang='lat' dir='ltr'>R.</span> <span class='ocrx_word' id='word_1_295' title='bbox 955 2685 1004 2725; x_wconf 88' lang='lat' dir='ltr'>P.</span> <span class='ocrx_word' id='word_1_296' title='bbox 1030 2685 1293 2734; x_wconf 92' lang='lat' dir='ltr'>Cornelius,</span> <span class='ocrx_word' id='word_1_297' title='bbox 1313 2691 1362 2724; x_wconf 92' lang='lat' dir='ltr'>ut</span> <span class='ocrx_word' id='word_1_298' title='bbox 1383 2685 1571 2724; x_wconf 86' lang='lat' dir='ltr'>Virtutis</span> <span class='ocrx_word' id='word_1_299' title='bbox 1593 2683 1691 2735; x_wconf 85' lang='lat' dir='ltr'>ejus</span> <span class='ocrx_word' id='word_1_300' title='bbox 1709 2695 1806 2735; x_wconf 85' lang='lat' dir='ltr'>spc-</span> 
     </span>
     <span class='ocr_line' id='line_1_37' title="bbox 185 2753 1809 2806; baseline -0.001 -12"><span class='ocrx_word' id='word_1_301' title='bbox 185 2756 335 2795; x_wconf 74' lang='lat' dir='ltr'>cimen</span> <span class='ocrx_word' id='word_1_302' title='bbox 365 2755 551 2806; x_wconf 89' lang='lat' dir='ltr'>aliquod</span> <span class='ocrx_word' id='word_1_303' title='bbox 580 2755 762 2806; x_wconf 87' lang='lat' dir='ltr'>insigne</span> <span class='ocrx_word' id='word_1_304' title='bbox 790 2755 1078 2806; x_wconf 89' lang='lat' dir='ltr'>ostenderet,</span> <span class='ocrx_word' id='word_1_305' title='bbox 1110 2756 1324 2795; x_wconf 91' lang='lat' dir='ltr'>omnibus</span> <span class='ocrx_word' id='word_1_306' title='bbox 1354 2753 1711 2806; x_wconf 86' lang='lat' dir='ltr'>discerpendum</span> <span class='ocrx_word' id='word_1_307' title='bbox 1739 2754 1809 2794; x_wconf 75' lang='lat' dir='ltr'>bis</span> 
     </span>
     <span class='ocr_line' id='line_1_38' title="bbox 185 2825 1808 2877; baseline -0.001 -13"><span class='ocrx_word' id='word_1_308' title='bbox 185 2825 396 2876; x_wconf 87' lang='lat' dir='ltr'>tradidit,</span> <span class='ocrx_word' id='word_1_309' title='bbox 421 2832 469 2865; x_wconf 94' lang='lat' dir='ltr'>ut</span> <span class='ocrx_word' id='word_1_310' title='bbox 496 2832 803 2876; x_wconf 73' lang='lat' dir='ltr'>tentaremuS,</span> <span class='ocrx_word' id='word_1_311' title='bbox 836 2826 1160 2877; x_wconf 88' lang='lat' dir='ltr'>probaremus,</span> <span class='ocrx_word' id='word_1_312' title='bbox 1193 2825 1329 2865; x_wconf 91' lang='lat' dir='ltr'>modo</span> <span class='ocrx_word' id='word_1_313' title='bbox 1352 2825 1640 2876; x_wconf 89' lang='lat' dir='ltr'>juberemus,</span> <span class='ocrx_word' id='word_1_314' title='bbox 1669 2825 1808 2864; x_wconf 80' lang='lat' dir='ltr'>modo</span> 
     </span>
     <span class='ocr_line' id='line_1_39' title="bbox 180 2895 1810 2947; baseline -0.001 -12"><span class='ocrx_word' id='word_1_315' title='bbox 180 2895 311 2945; x_wconf 85' lang='lat' dir='ltr'>jussa</span> <span class='ocrx_word' id='word_1_316' title='bbox 332 2908 676 2947; x_wconf 81' lang='lat' dir='ltr'>revocaremus,</span> <span class='ocrx_word' id='word_1_317' title='bbox 698 2908 751 2936; x_wconf 89' lang='lat' dir='ltr'>ac</span> <span class='ocrx_word' id='word_1_318' title='bbox 768 2902 1009 2947; x_wconf 91' lang='lat' dir='ltr'>tamquam</span> <span class='ocrx_word' id='word_1_319' title='bbox 1026 2897 1223 2936; x_wconf 88' lang='lat' dir='ltr'>alterum</span> <span class='ocrx_word' id='word_1_320' title='bbox 1239 2896 1489 2935; x_wconf 88' lang='lat' dir='ltr'>Protheum</span> <span class='ocrx_word' id='word_1_321' title='bbox 1506 2896 1552 2935; x_wconf 90' lang='lat' dir='ltr'>in</span> <span class='ocrx_word' id='word_1_322' title='bbox 1569 2896 1692 2935; x_wconf 92' lang='lat' dir='ltr'>mille</span> <span class='ocrx_word' id='word_1_323' title='bbox 1709 2906 1810 2934; x_wconf 85' lang='lat' dir='ltr'>ver-</span> 
     </span>
     <span class='ocr_line' id='line_1_40' title="bbox 186 2966 1810 3018; baseline 0 -13"><span class='ocrx_word' id='word_1_324' title='bbox 186 2973 388 3006; x_wconf 81' lang='lat' dir='ltr'>teremus</span> <span class='ocrx_word' id='word_1_325' title='bbox 409 2966 596 3006; x_wconf 86' lang='lat' dir='ltr'>formas.</span> <span class='ocrx_word' id='word_1_326' title='bbox 625 2966 793 3007; x_wconf 87' lang='lat' dir='ltr'>Mirum</span> <span class='ocrx_word' id='word_1_327' title='bbox 823 2978 936 3006; x_wconf 84' lang='lat' dir='ltr'>vero</span> <span class='ocrx_word' id='word_1_328' title='bbox 960 2978 1099 3018; x_wconf 86' lang='lat' dir='ltr'>quam</span> <span class='ocrx_word' id='word_1_329' title='bbox 1130 2967 1175 3005; x_wconf 92' lang='lat' dir='ltr'>in</span> <span class='ocrx_word' id='word_1_330' title='bbox 1197 2967 1268 3005; x_wconf 92' lang='lat' dir='ltr'>his</span> <span class='ocrx_word' id='word_1_331' title='bbox 1297 2966 1588 3006; x_wconf 85' lang='lat' dir='ltr'>conflictibus</span> <span class='ocrx_word' id='word_1_332' title='bbox 1621 2966 1810 3016; x_wconf 69' lang='lat' dir='ltr'>egregie</span> 
     </span>
    </p>
   </div>
  </div>
 </body>
</html>
