1987 3260
834 169 916 206 Ax.
949 170 1035 207 1551
1681 169 1751 207 303

122 278 227 307 men
249 265 491 316 colloquiis
511 271 556 304 et
577 265 981 305 exhortationibus
998 276 1092 305 non
1113 266 1264 306 minus
1281 265 1614 316 discipulorum
1632 277 1754 305 men·

122 344 192 377 tes
219 336 276 376 ad
307 336 544 386 pietatem,
576 346 716 387 quam
741 335 1048 376 eruditionem
1075 336 1288 376 excolere
1310 341 1520 375 conatur.
1545 335 1676 375 Multi
1697 348 1754 376 ex

123 406 496 447 adolescentibus
517 407 722 446 externis
757 407 816 447 ad
851 407 1111 449 orationem
1132 418 1238 446 cum
1263 406 1437 446 nostris
1465 418 1567 446 sese
1598 404 1754 456 adjun-

122 484 250 528 gunt,
285 477 363 528 qui
392 477 596 528 quotidie
618 488 758 517 unam
781 477 946 517 horam
969 477 1205 517 devotioni
1232 477 1437 517 maximo
1467 488 1573 516 cum
1603 476 1756 516 fructu

123 548 352 598 tribuunt3
374 552 618 598 praetcrea
641 559 935 599 summopere
956 548 1044 600 piis
1067 547 1310 599 colloquiis
1340 547 1395 587 de
1422 547 1522 587 Deo
1544 558 1756 587 recrean-

123 625 210 668 tur,
235 618 362 658 domi
391 624 579 657 nostrae
611 624 715 658 sunt
744 619 940 669 assidui,
971 624 1015 658 et
1042 623 1210 659 octavo
1239 629 1421 669 quoque
1443 618 1516 657 die
1538 617 1754 657 confiten-

126 697 215 737 tur3
240 689 408 728 horum
428 700 541 728 vero
564 700 764 739 magnus
786 695 854 729 est
876 700 1113 729 numerus.

202 759 507 799 Xenodochia
528 760 771 800 invisenda
792 766 836 800 et
858 771 939 800 eos
959 759 1038 811 qui
1066 759 1335 800 carceribus
1362 758 1628 799 detinentur
1650 770 1755 799 con·

125 829 344 869 solandos
365 841 490 870 curo.
518 830 659 870 Hisce
682 842 796 870 vero
819 830 979 870 diebus
1006 842 1088 881 per
1116 829 1205 870 Dei
1232 829 1437 880 gratiam
1459 829 1711 880 impetravi
1732 841 1758 869 a

126 900 327 941 Domino
348 901 620 941 Marchione
648 902 703 941 de
733 902 943 952 Lombay
972 900 982 919 ¹
1015 907 1064 941 ut
1095 900 1372 953 quibusdam
1394 901 1473 952 qui
1496 901 1542 940 in
1565 901 1757 941 exilium

125 972 254 1011 missi
284 971 491 1022 fuerant,
523 972 646 1023 quod
674 972 790 1012 alios
817 972 876 1012 ad
910 977 1149 1012 certamen
1182 978 1545 1023 provocassent,
1584 983 1759 1012 noxam

126 1042 434 1093 condonaret,
459 1043 535 1094 qui
558 1054 662 1082 cum
684 1042 798 1082 satis
825 1054 1084 1094 poenarum
1110 1042 1293 1082 dedisse
1315 1042 1362 1082 in
1382 1042 1523 1082 exilio
1546 1042 1756 1082 videren—

125 1121 218 1163 tur,
243 1125 405 1153 eorum
426 1112 638 1153 reductio
664 1113 722 1153 ad
744 1113 1117 1153 aedificationem
1141 1113 1300 1164 populi
1320 1119 1363 1153 et
1385 1113 1759 1153 consolationem

126 1184 451 1224 animadverto
472 1183 629 1223 fuisse.

204 1254 280 1294 Ad
307 1254 496 1294 domum
522 1261 733 1294 nostram
767 1255 1075 1295 confessionis
1105 1255 1259 1306 gratia
1292 1255 1477 1306 plurimi
1513 1255 1759 1305 accedunt,

126 1331 170 1364 ct
191 1325 230 1364 si
252 1325 514 1365 studiorum
535 1325 654 1364 ratio
678 1337 772 1365 non
791 1325 1063 1376 haberetur,
1087 1326 1261 1365 nostris
1281 1324 1606 1365 sacerdotibus
1626 1325 1760 1366 feria-

127 1395 185 1435 tis
207 1407 309 1435 esse
333 1395 586 1436 admodum
606 1408 701 1436 non
722 1397 898 1436 liceret.

206 1465 254 1506 P.
279 1466 596 1518 Hieronymus
616 1466 889 1507 Domenech
916 1467 1075 1507 invisit
1102 1479 1187 1507 nos
1215 1468 1299 1507 sub
1327 1467 1464 1507 finem
1494 1466 1692 1519 Aprilis,
1717 1474 1763 1507 et

128 1537 175 1576 in
194 1537 392 1577 ecclesia
415 1544 576 1577 nostra
599 1538 748 1587 (nobis
773 1537 820 1577 id
847 1537 1246 1588 contendentibus)
1278 1538 1586 1578 concionatus
1607 1545 1692 1588 est,
1717 1544 1760 1578 et

128 1608 314 1659 quidem
335 1620 441 1648 cum
462 1608 782 1648 satisfactione
804 1608 1068 1649 auditorum
1093 1609 1315 1649 maxima.
1344 1608 1489 1649 Nobis
1520 1620 1633 1648 vero
1656 1620 1762 1648 con-

130 1679 348 1719 solationi
384 1679 618 1719 maximae
651 1678 735 1719 fuit
761 1691 871 1719 rara
902 1678 998 1730 ejus
1026 1680 1258 1731 probitas:
1289 1679 1475 1720 Christo
1505 1679 1657 1729 gloria
1686 1679 1763 1730 qui

130 1762 233 1790 eam
249 1750 313 1790 illi
334 1756 378 1789 et
400 1750 613 1790 omnibus
634 1761 769 1790 omne
790 1750 963 1791 bonum
986 1750 1179 1791 confert.

208 1820 384 1873 Scripsi
413 1820 510 1872 jam
541 1820 817 1861 Paternitati
844 1821 903 1862 V.
934 1822 990 1862 de
1018 1822 1408 1873 quadragesimae
1440 1821 1760 1872 concionibus,

128 1904 247 1943 quae
267 1891 429 1932 diebus
451 1892 695 1932 dominicis
717 1898 761 1932 et
782 1899 982 1943 quatuor
1008 1893 1135 1933 feriis
1166 1904 1340 1944 magno
1371 1904 1477 1932 cum
1504 1892 1661 1932 fructu
1687 1892 1761 1932 fie-

128 1963 259 2003 bant:
279 1963 648 2003 confessionibus
664 1975 778 2003 vero
795 1963 1017 2014 plurimos
1039 1963 1214 2014 adjuvit
1230 1964 1391 2004 divina
1407 1963 1606 2013 bonitas,
1630 1963 1675 2002 in
1692 1963 1763 2002 his

129 2034 404 2086 praesertim
439 2046 557 2085 quae
587 2033 645 2073 ad
676 2034 973 2074 matrimonia
1007 2034 1261 2085 pertinent3
1299 2034 1426 2074 circa
1468 2045 1587 2086 quae
1626 2045 1764 2073 casus

130 2105 218 2145 hoc
240 2105 286 2145 in
307 2116 453 2156 regno
473 2105 740 2144 rarissimos
761 2111 805 2144 et
826 2116 919 2144 non
941 2105 1040 2144 sine
1066 2104 1227 2145 dolore
1254 2104 1523 2144 referendos
1549 2104 1763 2144 accidere

131 2176 412 2227 experimur.
435 2175 486 2215 In
506 2175 799 2215 hebdomada
820 2181 997 2227 sancta,
1016 2187 1100 2226 pro
1122 2187 1251 2215 more
1271 2174 1405 2226 hujus
1421 2175 1555 2225 regni
1570 2174 1599 2226 Β,
1619 2186 1762 2215 mere-

134 2247 328 2286 tricibus
364 2246 670 2286 concionatus
702 2258 822 2297 sum,
852 2258 944 2286 non
979 2246 1078 2286 sine
1108 2246 1304 2297 alicujus
1332 2246 1516 2286 animae
1546 2244 1606 2285 ad
1635 2245 1763 2285 Chri-

136 2325 258 2357 stum
279 2329 537 2358 conversae
559 2316 735 2367 fructu,
759 2323 845 2357 etc.

191 2467 198 2485 ¹
240 2465 394 2498 caroius,
411 2463 585 2491 Francisci
602 2464 641 2491 dc
658 2464 771 2499 Borja,
789 2464 942 2491 Gandiae
958 2463 1072 2499 Ducis,
1089 2465 1198 2499 major
1218 2468 1302 2492 natu
1322 2464 1409 2491 filius
1430 2468 1464 2492 et
1486 2464 1519 2492 in
1542 2464 1677 2492 Ducatu
1692 2472 1764 2492 suc-

139 2520 263 2540 cessor.

189 2562 202 2580 2
238 2559 366 2587 Morem
389 2559 475 2586 hunc
492 2559 654 2585 valentini
679 2559 773 2593 regni
798 2558 980 2593 intelliges,
1004 2559 1030 2586 si
1055 2559 1234 2586 Pomxcrn
1260 2560 1425 2592 consulas,
1451 2558 1572 2587 Cln'on.
1597 2559 1668 2588 Soc.
1689 2560 1764 2593 Jes.

135 2615 212 2634 ann.
230 2607 307 2641 1551,
323 2614 353 2633 n.
370 2606 432 2639 370,
450 2611 471 2633 t.
496 2613 529 2638 ιτ,
545 2613 622 2639 pag.
637 2606 699 2632 3-10.
