1987 3260
306 159 377 196 222
829 159 1053 195 LITTERAE
1080 169 1435 201 QUADRnuEsTm-:s

306 256 644 307 rosolymitano
663 255 889 304 serviens,
912 265 992 305 per
1009 253 1260 294 indiscreta
1276 253 1466 306 jejunia,
1489 255 1677 306 vigilias
1697 263 1740 296 et
1763 257 1929 297 oratio-

306 337 390 366 nes
424 326 470 366 in
498 326 777 366 dementiam
804 336 970 364 versus
1006 330 1093 374 est,
1128 330 1171 364 et
1198 337 1225 364 a
1252 325 1437 365 domino
1464 337 1547 365 suo
1579 326 1841 377 derelictus3
1874 339 1929 368 ac

307 397 423 437 adeo
444 409 525 448 per
546 408 716 448 pueros
737 395 964 445 civitatiS,
988 395 1116 435 illum
1135 402 1486 447 persequentes,
1512 397 1557 436 in
1577 396 1781 437 furorem
1798 398 1928 438 reda-

306 473 428 517 ctus,
454 474 501 507 ut
524 479 628 507 cum
649 466 778 517 prius
799 465 912 505 nihil
932 477 1026 505 non
1051 465 1178 517 pium
1198 467 1479 517 loqueretur,
1510 468 1715 518 coeperit
1735 468 1833 508 sine
1853 479 1928 508 ve-

306 538 527 578 recundia
564 543 607 576 et
642 548 746 576 cum
780 536 910 576 rabie
943 535 1146 587 quadam
1175 536 1327 576 nudus
1352 548 1435 587 per
1461 537 1564 576 vias
1592 538 1854 578 discurrere
1884 545 1929 579 et

306 608 518 659 pudenda
541 607 687 658 loqui,
712 618 845 658 quem
867 618 952 646 nos
972 607 1292 646 misericordia
1314 607 1554 657 commoti,
1587 608 1668 648 sed
1698 609 1930 649 neminem

306 679 616 727 invenientes,
642 678 719 728 qui
741 688 1015 717 succurrere
1037 677 1078 716 ei
1098 677 1251 727 vellet,
1277 683 1320 717 et
1347 683 1559 728 apertum
1587 679 1844 729 periculum
1864 680 1928 719 Vi-

305 749 464 789 dentes
486 760 542 788 ne
563 748 661 799 ipse
683 748 850 787 misere
871 753 1144 798 moreretur,
1169 754 1214 787 et
1234 759 1403 798 pueros
1425 748 1566 788 etiam
1588 749 1767 800 aliquos
1793 749 1929 790 facile

304 819 604 869 interficeret,
629 819 675 858 in
696 830 858 858 curam
880 824 1086 858 nostram
1110 818 1419 869 suscepimus,
1443 820 1707 870 procuratis
1737 821 1927 860 nonnul-

304 891 360 930 lis
380 890 688 941 eleemosynis
711 895 847 940 atque
869 889 1131 940 medicinis,
1165 889 1332 940 quibus
1360 888 1567 940 adjutum
1595 895 1638 930 et
1659 902 1803 941 prope
1823 891 1930 931 libe-

303 968 457 1001 ratum
479 961 535 1000 ab
557 960 755 1009 insania,
775 959 1058 999 Panormum
1078 959 1288 999 misimus
1309 959 1367 998 ad
1389 960 1616 1011 hospitale
1634 961 1803 1000 talibus
1820 973 1927 1001 con·

304 1032 536 1081 stitutum,
564 1030 641 1070 ubi
677 1041 920 1081 speramus
953 1030 1085 1069 brevi
1112 1041 1213 1069 esse
1238 1029 1442 1081 perfecte
1477 1031 1834 1071 convaliturum.
1872 1032 1930 1072 Et

305 1103 392 1143 hoc
414 1102 537 1142 facto
559 1101 740 1152 publice
763 1101 952 1151 cognito
973 1100 1088 1140 mire
1110 1100 1355 1141 aedificata
1376 1107 1445 1141 est
1466 1107 1564 1141 tota
1585 1102 1768 1141 civitas.

383 1171 598 1212 RdiSSimUS
619 1171 878 1222 Episcopus
900 1170 1160 1221 Pactensis,
1184 1171 1326 1211 totius
1347 1171 1497 1223 Regni
1522 1172 1791 1223 Inquisitor,
1825 1184 1929 1212 cum

303 1250 425 1283 esset
446 1242 712 1292 Messanae,
735 1242 864 1282 venit
891 1242 950 1282 ad
976 1253 1062 1282 nos
1090 1242 1339 1282 admodum
1366 1242 1657 1283 familiariter
1684 1243 1929 1295 prandium

304 1320 590 1365 sumpturus,
617 1313 850 1353 celebrata
872 1312 1015 1352 Missa
1037 1312 1082 1352 in
1102 1318 1263 1353 nostra
1284 1313 1417 1363 aede,
1441 1319 1680 1365 totumque
1702 1314 1822 1354 diem
1850 1326 1925 1354 no-

302 1385 482 1425 biscum
504 1384 747 1434 transegit.
771 1383 964 1423 Indulsit
984 1383 1117 1423 nobis
1138 1384 1259 1423 ultra
1281 1395 1356 1433 ea,
1382 1384 1436 1423 de
1463 1384 1626 1435 quibus
1656 1384 1928 1436 scripsimus

304 1461 463 1505 antea,
490 1456 535 1494 in
556 1455 657 1494 foro
678 1454 993 1494 conscientiae
1014 1460 1215 1505 tantum,
1239 1455 1589 1494 commissiones
1617 1456 1842 1506 quasdam
1869 1455 1927 1495 ad

302 1527 499 1566 salutem
521 1526 797 1575 animarum,
822 1530 871 1564 ut
891 1536 1148 1575 speramus,
1171 1524 1454 1576 profuturas.

381 1596 706 1648 Superioribus
728 1596 800 1635 his
821 1595 982 1635 diebus
997 1601 1299 1646 procuratum
1316 1602 1384 1635 est
1406 1607 1521 1647 opus
1542 1606 1741 1645 magnae
1759 1596 1926 1635 utilita-

300 1667 359 1706 tis
376 1673 419 1707 et
438 1666 789 1715 aedificationis,
809 1672 857 1705 ut
873 1665 1157 1717 pauperibus
1172 1658 1450 1705 verecundis
1471 1672 1773 1705 succurratur
1791 1677 1926 1716 gene-

300 1738 387 1777 rali
421 1738 732 1788 eleemosyna,
769 1747 862 1776 non
893 1737 1041 1776 solum
1071 1748 1098 1776 a
1130 1736 1313 1776 devotis
1330 1736 1605 1787 quibusdam
1626 1737 1821 1788 nostris,
1846 1736 1926 1776 sed

282 1809 444 1861 ,etiam
469 1820 495 1847 a
515 1808 747 1847 nobilibus
779 1813 822 1847 et
848 1806 1015 1858 juratis
1043 1807 1236 1858 aliisque
1264 1807 1444 1847 civibus
1471 1808 1684 1857 collecta,
1716 1808 1774 1847 ad
1804 1807 1926 1859 quod

301 1879 588 1919 commodius
623 1878 886 1918 faciendum
923 1877 1073 1917 divisa
1108 1883 1177 1917 est
1210 1878 1378 1917 civitas
1410 1878 1456 1917 in
1483 1877 1727 1918 duodecim
1751 1884 1923 1930 partes,

302 1961 500 1997 duarum
535 1949 730 1999 singulis
766 1948 1098 1999 praeficiuntur
1132 1948 1222 1987 duo
1249 1948 1359 1997 viri,
1395 1948 1562 1988 nobilis
1591 1960 1710 1988 unus
1737 1954 1780 1988 et
1810 1948 1926 1988 alter

302 2020 552 2071 popularis.
571 2019 777 2059 Maxima
791 2030 896 2070 spes
913 2025 982 2058 est
997 2019 1251 2058 maximum
1263 2019 1351 2058 hoc
1363 2019 1461 2058 fore
1476 2018 1732 2059 subsidium
1748 2020 1923 2069 egenis,

301 2096 346 2130 et
373 2090 627 2130 remedium
662 2090 892 2129 malorum
921 2089 1119 2141 plurium
1147 2088 1203 2128 ob
1233 2089 1559 2129 necessitatem
1590 2089 1718 2140 prius
1750 2090 1925 2130 contin-

300 2161 522 2211 gentium.

379 2230 660 2283 Scripsimus
688 2230 862 2270 dudum
889 2236 1131 2281 acceptam
1161 2242 1263 2270 esse
1290 2231 1608 2282 possesionem
1639 2230 1924 2271 Universita-

302 2302 384 2352 tis3
408 2302 559 2341 factus
580 2307 649 2341 est
671 2307 835 2352 postea
857 2312 1103 2341 consessus
1125 2301 1183 2341 ad
1205 2301 1606 2341 determinandam
1633 2301 1816 2351 collegii
1847 2301 1922 2340 do-

299 2373 522 2413 tationem
543 2379 586 2412 et
608 2372 817 2412 ordinem
836 2371 1166 2412 Universitatis
1187 2372 1503 2412 statuendum:
1534 2372 1676 2412 missa
1705 2376 1810 2411 sunt
1835 2371 1924 2411 Pa-

300 2454 514 2483 normum
550 2443 753 2493 capitula
788 2448 831 2482 et
865 2442 1047 2482 felicem
1078 2442 1314 2492 Pro-regis
1348 2442 1547 2482 reditum
1581 2448 1920 2493 exspectamus,

301 2513 399 2554 sine
420 2524 509 2564 quo
530 2512 644 2552 nihil
666 2512 847 2552 civitati
867 2513 972 2552 licet
994 2511 1286 2552 concludere.

380 2583 625 2623 Messanae
644 2582 669 2622 ‘2
690 2581 972 2633 Septembris
998 2582 1112 2622 1550.
