1987 3260
232 152 300 188 172
735 154 961 193 LITTERAE
987 164 1343 199 QUADRIMESTRES

230 254 313 298 set,
338 247 468 299 cujus
488 255 648 289 votum
670 251 728 290 ad
749 251 796 290 P.
820 251 878 292 V.
904 252 1050 302 mitto,
1074 251 1134 291 ad
1155 261 1203 290 se
1224 250 1272 290 in
1299 250 1461 290 studiis
1495 251 1852 291 sustentandum

229 319 344 359 satis
366 319 512 370 dives,
536 321 758 371 physicas
780 322 1001 361 lectiones
1024 333 1129 361 cum
1151 321 1253 361 aliis
1273 321 1406 360 brevi
1431 321 1689 361 auditurus.

308 388 560 430 Multorum
586 391 899 431 studiosorum
934 392 1113 431 animos
1149 390 1408 431 confratres
1443 391 1502 431 ad
1536 392 1729 431 meliora
1759 397 1852 431 tra-

229 460 354 511 here;
378 460 625 511 quemdam
640 461 772 501 brevi
794 462 840 501 in
857 462 1033 501 artibus
1055 461 1425 512 promovendum
1441 473 1495 501 eo
1513 461 1847 512 perduxerunt,

226 537 276 570 ut
311 542 469 570 amare
503 531 693 582 incipiat
719 532 963 583 deplorare
991 544 1139 572 annos
1168 532 1292 571 vitae
1318 532 1598 582 praeteritae
1630 543 1735 572 cum
1763 532 1850 572 fre·

228 601 385 651 quenti
425 601 715 641 confessione
737 635 743 647 ,
786 603 899 642 nihil
945 602 1216 642 desiderans
1261 602 1386 641 aliud
1433 613 1572 652 quarn
1617 614 1665 642 se
1705 608 1854 642 totum

227 672 285 712 X.
304 671 312 697 i
334 671 447 722 jugo
478 672 763 712 submittere.
798 671 908 723 Ejus
939 684 1121 724 quoque
1149 673 1341 723 socium,
1366 672 1412 711 in
1433 672 1610 712 artibus
1643 678 1749 712 ante
1778 673 1856 712 ali·

224 748 337 793 quot
358 753 505 781 annos
527 748 804 793 promotum,
829 743 1031 783 nobilem
1048 743 1284 794 prosapia,
1308 754 1362 782 eo
1383 743 1612 793 pertraxit
1632 748 1696 793 ut,
1730 743 1855 782 omni

228 813 450 852 societate
474 813 651 862 relicta,
686 826 734 853 se
764 820 913 853 totum
941 814 1026 854 X.i
1062 814 1253 853 servitio
1282 813 1394 853 dare
1422 813 1579 865 cupiat
1605 819 1649 853 et
1677 813 1780 853 aliis
1807 813 1854 852 in

225 883 428 923 minimis
451 883 722 923 humilitatis
745 885 987 924 associari.

306 954 505 1004 Quidam
526 961 684 1005 pastor
719 954 750 1003 ¹,
774 956 978 1006 peractis
1006 955 1240 995 exercitiis
1268 966 1373 995 cum
1400 965 1572 1005 magna
1607 955 1678 994 sui
1706 955 1852 1006 ipsius

224 1025 490 1074 cognitione
501 1031 544 1065 et
555 1025 873 1065 satisfactione
885 1026 1172 1076 aliorumque
1190 1025 1498 1065 admiratione
1515 1025 1571 1064 de
1587 1031 1682 1065 tam
1701 1025 1853 1065 subita

227 1095 315 1134 viri
341 1094 475 1146 hujus
504 1097 778 1147 mutatione,
811 1096 869 1135 ad
900 1108 1013 1136 oves
1040 1096 1257 1147 proprias
1287 1096 1436 1145 rediit,
1468 1095 1514 1135 in
1541 1095 1725 1146 publico
1748 1106 1852 1146 sug-

222 1172 357 1216 gestu
392 1178 503 1206 suae
530 1168 810 1218 praeteritae
837 1167 961 1206 vitae
993 1178 1201 1207 errorem
1230 1165 1472 1206 confessus
1509 1172 1596 1217 est,
1630 1166 1849 1217 quoniam

222 1237 358 1276 valde
381 1238 655 1277 scandalose
676 1238 875 1288 vixerat,
899 1244 1060 1289 petens
1082 1237 1170 1277 sibi
1193 1237 1449 1277 condonari
1475 1236 1694 1276 offensam
1726 1237 1852 1276 vitae

222 1308 519 1359 praeteritae,
544 1309 684 1348 alium
706 1309 772 1348 eis
794 1309 1037 1348 ductorem
1053 1308 1142 1348 Dei
1161 1308 1316 1359 gratia
1335 1307 1541 1347 futurum
1556 1307 1847 1358 promittens.

301 1377 532 1418 Numerus
554 1379 872 1419 confitentium
900 1385 1098 1430 augetur
1126 1379 1172 1418 in
1203 1378 1315 1418 dies.
1347 1377 1516 1418 Noster
1546 1384 1708 1429 pastor
1740 1389 1846 1417 con—

222 1449 360 1490 cessit
388 1450 522 1489 nobis
551 1451 755 1489 omnium
785 1461 897 1489 suae
926 1450 1177 1501 parochiae
1206 1448 1523 1488 confessiones
1553 1448 1769 1488 audiendi
1800 1449 1848 1488 li—

221 1521 437 1570 centiam,
462 1531 647 1560 sacram
669 1532 850 1572 quoque
878 1519 1233 1560 administrandi
1260 1518 1591 1559 eucharistiam
1621 1519 1667 1558 in
1701 1519 1847 1558 omni-

223 1591 306 1631 bus
330 1591 538 1631 ecclesiis
558 1598 746 1631 nostrae
767 1591 1034 1642 parochiae.

301 1661 559 1702 Concilium
580 1662 867 1713 provinciale
888 1662 1109 1702 Coloniae
1131 1661 1415 1701 celebratum
1436 1666 1504 1700 est
1526 1659 1554 1710 ²,
1575 1660 1622 1700 in
1639 1671 1728 1711 quo
1746 1671 1844 1711 spe-

222 1733 402 1772 cialiter
431 1733 586 1783 agitur
621 1733 676 1772 de
704 1732 1033 1772 reformatione
1061 1733 1186 1772 vitae
1214 1737 1257 1771 et
1285 1731 1564 1779 studiorum,
1599 1730 1848 1782 omniaque

219 1810 326 1843 sunt
347 1815 429 1855 per
448 1803 729 1844 Caesaream
747 1803 1040 1855 Majestatem
1057 1802 1346 1843 confirmata.
1368 1801 1517 1853 Saepe
1536 1802 1689 1842 studia
1706 1801 1847 1841 refor-

218 1886 346 1914 mare
367 1880 620 1923 tentarunt,
648 1875 728 1914 sed
756 1875 869 1914 nihil
897 1873 1114 1914 effectum
1142 1879 1232 1924 est,
1264 1873 1484 1925 quoniam
1512 1873 1586 1912 hic
1612 1872 1710 1912 rari
1738 1878 1845 1912 sunt

218 1946 295 1996 qui
316 1945 509 1985 scientia
531 1951 574 1985 et
595 1946 692 1984 vita
716 1945 817 1984 aliis
837 1946 1137 1996 praeluceant
1159 1944 1562 1994 studiosorumque
1585 1943 1766 1982 animos
1787 1942 1847 1982 ad

221 2028 329 2056 vere
350 2015 565 2056 studendi
582 2017 769 2055 modum
786 2016 1036 2067 pelliciant.
1056 2015 1242 2067 Optima
1259 2020 1414 2054 tamen
1432 2014 1582 2054 adhuc
1601 2025 1736 2065 spero
1753 2025 1846 2053 non

218 2088 368 2127 solum
403 2087 458 2126 de
488 2087 820 2127 reformatione
854 2087 980 2127 vitae
1017 2086 1098 2126 sed
1133 2086 1275 2126 etiam
1311 2085 1572 2125 studiorum
1605 2090 1701 2124 tam
1735 2084 1849 2124 cleri

208 2169 359 2208 *quam
379 2158 521 2197 totius
541 2158 714 2209 populi;
738 2158 777 2197 si
799 2170 852 2197 eo
874 2163 1152 2209 perventum
1173 2162 1294 2196 esset
1311 2162 1360 2196 ut
1382 2154 1642 2195 confratres
1663 2154 1846 2206 publice

220 2228 375 2278 legere
411 2228 691 2279 inciperent,
730 2228 985 2268 maximum
1016 2227 1218 2268 fructum
1257 2227 1363 2266 inde
1403 2237 1664 2277 sperarem,
1704 2225 1846 2265 immo

218 2305 361 2338 totam
378 2298 669 2350 juventutem
691 2298 876 2339 Christo
898 2298 1172 2338 lucrandam
1200 2304 1438 2349 putarem,
1470 2307 1664 2348 quorum
1694 2307 1846 2336 exem·

219 2369 295 2420 plo
317 2375 527 2409 caeteros
548 2369 684 2409 facile
707 2375 998 2420 sequuturos.

299 2439 427 2479 Haec
450 2445 556 2479 sunt
578 2451 696 2490 quae
717 2439 765 2479 P.
790 2439 849 2478 V.
873 2439 1119 2479 scribenda
1151 2443 1475 2488 occurrerunt,
1509 2442 1558 2477 ut
1587 2436 1846 2488 beneplaci-

222 2515 317 2550 tum
338 2510 387 2550 Ρ.
415 2509 471 2549 V.
501 2510 547 2549 in
569 2511 781 2550 omnibus
808 2509 896 2549 Dei
921 2510 1076 2560 gratia
1108 2510 1404 2560 impleamus,
1435 2507 1557 2559 quod
1584 2506 1771 2546 unicum
1800 2513 1845 2546 et

220 2581 370 2620 solum
391 2580 448 2620 X.
467 2580 474 2607 ῑ
503 2580 612 2632 Jesu
633 2592 791 2620 amore
813 2580 967 2620 cordis
990 2580 1136 2620 nostri
1157 2585 1226 2619 est
1248 2578 1542 2619 desiderium.

275 2763 283 2783 ¹
325 2763 386 2796 Qui
401 2764 577 2791 materiem
601 2763 764 2791 historiae
790 2768 906 2798 aptam
927 2771 966 2790 ex
992 2763 1032 2790 iis
1056 2764 1182 2790 litteris
1206 2762 1533 2794 ext1·ahebat,hunc,
1551 2767 1649 2795 quem
1661 2761 1843 2794 pastorem

221 2811 340 2837 Kessel
355 2811 514 2841 nominat,
532 2810 746 2845 Episcopum
762 2811 863 2838 fuisse
880 2810 1046 2843 affirmat;
1064 2810 1160 2844 quod,
1177 2810 1203 2837 si
1220 2817 1338 2837 verum
1354 2813 1421 2842 est,
1438 2815 1502 2835 non
1517 2815 1558 2834 ex
1578 2807 1631 2834 his
1646 2806 1771 2834 litteris
1785 2807 1844 2834 sed

223 2858 356 2884 aliunde
373 2858 498 2884 habere
513 2858 638 2885 debuit.

276 2905 290 2923 ⁴.-
327 2904 419 2932 Finis
433 2905 509 2931 huic
526 2904 713 2931 Coloniensi
728 2904 861 2940 synodo
876 2905 938 2932 fuit
953 2905 1129 2939 impositus
1144 2925 1149 2935 ,
1168 2909 1247 2931 acta
1261 2905 1397 2937 signata
1416 2907 1448 2930 et
1468 2903 1606 2930 decreta
1626 2902 1843 2936 promulgata

222 2953 274 2979 die
290 2952 331 2979 2⁸
349 2951 515 2979 Octobris.
