1987 3260
222 235 292 272 554
729 233 955 270 LITTERAE
987 243 1342 275 QUADmMEsrREs

223 343 340 381 mus,
373 331 495 382 quod
530 331 758 382 reliquum
792 335 892 369 erat
918 329 1239 380 philosophiae
1273 329 1395 368 domi
1422 329 1555 368 nobis
1584 330 1844 381 expositum

223 407 307 441 est.
344 402 387 441 A
421 413 578 441 mense
613 406 767 439 autem
801 399 1025 452 Januario
1054 399 1253 450 primam
1286 405 1466 450 partem
1498 398 1606 438 Divi
1637 399 1846 439 Thomae

224 471 384 511 audire
407 472 643 522 coepimus
668 477 711 510 et
734 475 950 521 quartum
970 469 1327 521 Sententiarum,
1351 471 1397 510 in
1418 482 1524 521 quo,
1548 469 1734 509 favente
1754 469 1844 509 Do—

224 543 364 592 mino,
389 548 432 581 et
454 553 575 581 nunc
597 546 875 592 perstamus.

302 613 384 652 Est
415 613 489 651 hic
512 612 708 662 populus
728 617 916 650 nostrae
948 610 1168 651 Societati
1190 623 1283 651 non
1310 611 1606 651 mediocriter
1634 610 1846 662 affectus;

223 689 523 734 quapropter,
548 694 653 722 cum
671 683 787 722 alias
808 682 865 721 ob
882 681 1112 733 Principis
1130 682 1396 733 diligentem
1419 682 1770 721 instructionem
1788 682 1846 721 ad

223 759 519 793 sacramenta
541 753 727 804 plurimi
748 752 988 802 accedant,
1014 753 1072 792 ad
1093 752 1256 792 Patres
1277 759 1463 792 nostros
1484 752 1710 804 peculiari
1740 763 1844 802 qua-

223 823 327 862 dam
360 823 503 861 animi
536 822 778 862 alacritate
814 831 1097 862 concurrunt
1133 828 1382 874 tantusque
1410 822 1477 871 fit,
1511 821 1699 862 Domini
1724 822 1847 861 beni—

222 893 416 943 gnitate,
441 903 698 932 concursus
726 903 907 942 eorum,
932 893 1009 943 qui
1038 898 1233 943 peccata
1260 904 1343 932 sua
1367 892 1575 932 confiteri
1607 897 1844 941 expetunt,

222 967 271 1001 ut
289 968 386 1002 tota
409 961 482 1001 die
511 967 606 1001 tam
633 974 768 1001 mane
796 973 935 1013 quam
965 974 1159 1013 vespere
1186 962 1349 1002 Patres
1379 962 1424 1001 in
1456 961 1653 1002 ecclesia
1684 960 1849 1011 majori

223 1032 472 1071 resideant.
497 1031 651 1083 Atque
672 1043 1006 1083 nonnunquam
1027 1033 1167 1072 etiam
1188 1039 1329 1072 noctu
1359 1032 1615 1071 confessuri
1638 1032 1768 1071 multi
1790 1031 1849 1070 ad

222 1113 309 1140 nos
331 1113 379 1141 se
411 1101 670 1151 conferunt,
702 1113 901 1152 quorum
930 1102 1169 1141 devotioni
1197 1100 1469 1141 satisfacere
1498 1101 1736 1140 studentes
1765 1100 1847 1140 Pa-

222 1178 316 1211 tres
334 1184 480 1223 usque
498 1171 557 1211 ad
571 1173 765 1211 multam
781 1178 963 1211 noctem
982 1172 1349 1212 confessionibus
1367 1172 1462 1211 suis
1479 1171 1697 1211 detinent.
1715 1171 1849 1221 Quod

223 1242 261 1281 si
288 1243 431 1282 multo
466 1243 622 1293 plures
659 1248 814 1282 essent
848 1243 1131 1293 sacerdotes,
1169 1254 1262 1282 non
1297 1242 1454 1282 dubito
1490 1242 1597 1293 quin
1623 1242 1848 1281 -omnibus

224 1313 471 1352 laborandi
492 1313 539 1352 in
559 1313 699 1352 vinea
721 1312 910 1352 Domini
931 1314 1061 1353 locus
1083 1319 1218 1353 esset.

299 1383 350 1422 In
371 1383 459 1423 hac
483 1383 593 1423 urbe
615 1384 842 1433 nonnulli,
875 1384 1102 1435 exemplo,
1135 1384 1296 1435 credo,
1321 1385 1604 1431 Cardinalis‚
1629 1385 1684 1425 de
1719 1384 1849 1436 cujus

221 1454 427 1493 moribus
449 1465 504 1494 ac
526 1454 650 1494 vitae
672 1454 940 1505 integritate
957 1455 1197 1505 cognitum
1216 1455 1432 1502 habebis,
1459 1456 1644 1506 aliquod
1668 1462 1850 1506 tempus

222 1524 430 1563 tribuunt
459 1524 673 1574 orationi,
698 1524 757 1563 ad
787 1536 922 1575 quem
951 1536 1196 1564 numerum
1230 1525 1433 1565 adventu
1463 1525 1653 1565 Patrum
1675 1526 1721 1565 in
1753 1526 1850 1566 dies

222 1593 422 1644 additur,
447 1595 615 1646 quique
648 1600 785 1634 antea
807 1595 1010 1634 orationi
1040 1594 1309 1645 studebant,
1343 1597 1401 1635 ad
1432 1594 1593 1635 Patres
1622 1595 1851 1635 accedunt

224 1674 314 1714 quo
337 1663 394 1702 ab
418 1663 530 1714 ipsis
550 1664 800 1715 perfectius
823 1665 1126 1705 instruantur.
1151 1665 1205 1705 In
1226 1666 1298 1705 his
1319 1666 1538 1706 sacerdos
1559 1666 1747 1717 quidam
1772 1678 1852 1705 no·

222 1733 341 1784 bilis,
378 1733 500 1774 Duci
538 1735 747 1775 Gandiae
783 1734 1004 1775 affinitate
1039 1735 1328 1787 conjunctus,
1365 1749 1388 1776 a
1426 1737 1564 1777 Patre
1598 1736 1852 1776 Melchiore

223 1804 449 1845 Carneiro
481 1806 703 1845 exercitia
725 1806 924 1857 accepit,
950 1806 1055 1846 licet
1078 1818 1170 1845 non
1192 1807 1378 1847 omnino
1397 1820 1479 1858 per
1501 1819 1577 1847 eos
1597 1806 1694 1846 dies
1717 1807 1850 1846 colle-

222 1881 323 1914 ctus
341 1876 397 1915 ob
414 1887 580 1915 munus
597 1877 845 1927 quoddam,
861 1877 983 1927 quod
1000 1877 1046 1916 in
1063 1877 1261 1916 ecclesia
1279 1875 1443 1926 majori
1459 1875 1592 1927 gerit.
1614 1875 1700 1915 Hic
1724 1875 1851 1915 Patri

220 1945 287 1984 sic
315 1945 535 1985 obediens
563 1958 618 1985 ac
653 1946 887 1997 subjectus
919 1948 1102 1994 mansit,
1133 1954 1182 1987 ut
1209 1947 1342 1987 nobis
1377 1946 1666 1986 obedientiae
1698 1957 1849 1985 exem-

221 2015 347 2066 plum
362 2027 455 2055 non
468 2015 708 2056 minimum
724 2017 962 2069 praebeat,
983 2029 1088 2057 cum
1105 2016 1202 2067 ejus
1219 2018 1495 2069 dignitatem
1511 2028 1615 2056 cum
1633 2029 1686 2056 ea
1704 2016 1850 2056 humi—

220 2086 349 2125 litate
371 2086 669 2137 conjunctam
690 2088 935 2128 intuemur.
959 2087 1055 2128 Nec
1077 2088 1235 2128 dubito
1252 2089 1361 2140 quin
1379 2088 1579 2139 aliquam
1602 2087 1674 2126 sui
1698 2092 1854 2126 status

221 2157 527 2197 mutationem
554 2164 676 2197 esset
702 2158 928 2207 facturus,
965 2170 1101 2209 quem
1136 2164 1294 2198 tamen
1324 2169 1417 2197 non
1450 2157 1677 2196 intactum
1710 2156 1846 2195 relin—

222 2232 349 2278 quet,
375 2229 462 2267 nisi
484 2229 610 2268 tenui
631 2235 675 2268 et
692 2230 892 2269 adversa
915 2228 1116 2278 quadam
1137 2227 1402 2268 valetudine
1424 2226 1673 2265 laboraret.
1705 2225 1845 2276 Adju-

222 2303 302 2337 vat
322 2298 622 2339 nihilominus
644 2300 806 2340 Patres
826 2300 873 2339 in
893 2298 1263 2338 confessionibus
1294 2295 1550 2337 audiendis.

300 2366 439 2406 Pater
459 2368 683 2408 Melchior
700 2369 923 2409 Carneiro
939 2381 1032 2409 non
1048 2376 1117 2409 est
1135 2369 1362 2408 hactenus
1383 2366 1704 2414 concionatus,
1725 2365 1847 2415 quod

222 2441 378 2476 tamen
399 2437 446 2476 in
467 2438 555 2477 hac
577 2439 939 2490 quadragesima
958 2439 1111 2479 faciet.

221 2595 371 2622 nominat
388 2596 450 2622 hoc
465 2597 572 2623 modo:
590 2597 694 2623 “Pera
720 2597 849 2633 Reytor
871 2598 910 2624 do
934 2598 1045 2624 futuro
1071 2597 1221 2631 Collegio
1247 2604 1264 2622 ο
1287 2595 1395 2622 Padi-0
1420 2594 1582 2621 Melchior
1606 2592 1813 2625 Ca1·neiro...,
1829 2600 1847 2619 o

221 2643 370 2674 segundo
386 2643 443 2678 foy
458 2650 475 2668 o
492 2643 599 2670 Padre
615 2644 738 2670 Mestre
755 2644 839 2676 Joan
856 2644 1104 2677 Cavilhonio...,
1121 2652 1138 2670 o
1154 2643 1299 2670 terceiro
1314 2650 1332 2669 o
1354 2642 1463 2668 Padre
1479 2640 1609 2667 Manoel
1625 2639 1846 2673 Fernades...,

221 2688 280 2714 dos
294 2693 408 2716 outros
424 2694 495 2717 sete
511 2691 768 2724 companhciros
784 2697 905 2725 quatro
930 2699 1012 2718 eran
1035 2692 1164 2718 Irmaos
1188 2691 1410 2723 theologos...,
1427 2696 1444 2715 0
1460 2688 1571 2715 Irmao
1598 2687 1682 2713 Pero
1704 2687 1746 2714 da
1761 2686 1847 2714 Fon-

221 2742 343 2767 seca...,
361 2744 378 2762 0
393 2736 504 2763 Irmao
519 2736 642 2771 Migucl
658 2738 696 2764 dc
711 2738 882 2772 Bar1·0s...,
899 2747 916 2765 ο
931 2739 1043 2765 Irmao
1060 2739 1196 2765 Affonso
1212 2737 1403 2768 Bar1·eto...,
1420 2743 1437 2761 o
1452 2735 1564 2762 Irmao
1579 2733 1846 2761 Manoe1Vaz...:

222 2782 352 2808 vietam
367 2784 451 2809 mais
468 2788 537 2810 tres
553 2784 682 2811 Irmz‘tos
696 2786 965 2819 coadjutores...„
978 2786 1071 2818 Quod
1084 2785 1217 2819 quidem
1231 2780 1340 2817 magi's
1355 2782 1487 2809 accedit
1501 2782 1543 2808 ad
1554 2781 1847 2808 enumerationem

222 2835 241 2854 a
257 2828 400 2855 Barreto
417 2830 544 2857 factam
560 2839 659 2865 quam
675 2833 706 2859 id
722 2833 808 2866 quod
823 2833 960 2867 scripsit
976 2833 1270 2865 F1·anco.-Atque
1287 2831 1340 2857 hic
1362 2830 1455 2856 locus
1476 2832 1527 2856 est
1549 2828 1740 2862 corrigendi
1756 2835 1847 2855 erro-

224 2881 294 2900 rem
310 2876 341 2901 in
357 2884 452 2909 quem
468 2885 582 2911 supra,
598 2886 676 2912 pag.
690 2880 752 2911 47⁴2,
775 2883 842 2906 not.
861 2881 885 2913 1,
902 2880 1087 2912 incidimus,
1104 2880 1181 2905 dum
1202 2878 1243 2905 ad
1259 2878 1489 2904 fundationem
1503 2875 1688 2902 Evorensis
1705 2874 1847 2908 Collegii

222 2921 359 2947 missum
381 2922 580 2957 Ulyssiponc
595 2925 738 2951 d1ximus
755 2925 891 2952 Patrem
906 2925 1069 2958 joannem
1091 2926 1129 2952 de
1152 2926 1304 2957 Aragon.
1328 2923 1360 2950 Is
1381 2923 1479 2955 enim,
1503 2929 1567 2949 non
1582 2921 1715 2955 quidem
1730 2922 1772 2948 ad
1787 2921 1847 2948 ini-

221 2962 305 2994 tium
318 2968 466 3002 Collegio
478 2971 742 3003 ponendum.sed
755 2974 872 3005 paucis
887 2977 966 2999 ante
982 2973 1149 2999 mensibus
1164 2972 1206 2998 ad
1223 2971 1498 3002 concionandum,
1513 2976 1578 2995 una
1594 2976 1667 2995 cum
1684 2968 1718 2994 P.
1736 2968 1845 2995 Ludo-

222 3014 298 3041 x'ico
313 3014 480 3042 Gonzalcz
498 3016 645 3044 Evoram
662 3018 862 3053 Ulyssipone
880 3020 989 3046 fuerat
1005 3020 1137 3046 missus.
