1987 3260
243 188 314 225 322
783 190 1006 226 LlTTERAE
1035 201 1390 232 QUADRIMESTRES

243 286 377 325 citer:
401 285 635 326 adducunt
656 287 777 326 enim
794 298 887 325 non
916 297 1106 336 paucos.
1139 286 1267 337 Quae
1297 299 1387 337 res,
1419 288 1507 328 etsi
1527 288 1586 328 sit
1608 288 1873 340 laudabilis,

243 355 363 395 cedit
383 362 539 396 tamen
559 357 680 406 huic,
706 368 844 407 quam
867 355 1161 407 subjungam.

321 425 436 466 Sunt
469 428 657 478 quidam
678 427 919 466 interillos
947 426 1062 467 adeo
1099 427 1315 478 operibus
1346 428 1696 469 misericordiae
1726 430 1869 470 dediti

242 502 303 546 ut,
328 508 522 548 vespere
540 510 563 537 e
580 497 751 537 scholis
768 496 959 547 dimissi,
979 509 1072 536 non
1089 498 1218 548 prius
1235 509 1345 537 suas
1366 503 1591 549 repetant,
1612 511 1751 550 quam
1769 512 1868 540 car-

240 568 422 608 ceribus
444 570 628 608 clausos
648 568 964 615 visitaverint,
990 574 1188 619 suntque
1209 568 1255 607 hi
1276 569 1552 619 praesertim
1572 571 1719 621 pueri,
1745 571 1867 622 quod

240 639 406 679 mirum
427 645 515 689 est,
540 650 800 690 aquamque
822 645 865 678 et
885 637 1063 689 reliqua
1083 650 1201 689 quae
1222 644 1415 689 possunt
1436 650 1520 679 sua
1541 647 1704 691 sponte
1734 642 1867 681 mini-

239 715 409 759 strant;
439 711 707 761 plerumque
737 709 876 748 etiam
907 709 1127 748 collectas
1154 720 1236 760 per
1264 709 1426 748 urbem
1455 710 1776 762 eleemosynas
1807 711 1866 751 ad

239 791 318 819 eos
339 779 573 828 deferunt,
606 785 649 819 et
678 779 736 819 ad
765 779 1108 819 confessionem
1135 780 1380 819 hortantur
1411 780 1734 832 hortandoque
1765 794 1868 832 per-

238 862 376 902 saepe
412 850 532 901 quod
567 851 728 890 volunt
756 849 1019 889 conficiunt.
1052 849 1103 889 ld
1128 861 1241 889 vero
1269 862 1324 889 ea
1350 850 1526 890 faciunt
1564 851 1792 891 charitate
1821 858 1864 892 et

236 920 529 972 simplicitate
564 933 618 960 ac
650 920 855 970 fervore,
893 927 942 960 ut
971 920 1255 960 contendant
1290 920 1430 960 etiam
1458 921 1534 972 qui
1557 922 1694 972 primi
1724 904 1857 972 vasa,

235 1003 351 1042 quae
372 992 417 1031 in
439 992 561 1030 hunc
582 1003 717 1030 usum
745 991 831 1030 sibi
853 991 1036 1042 ipsimet
1067 991 1388 1030 adolescentes
1415 998 1763 1043 compararunt,
1790 1005 1862 1032 ar-

233 1063 409 1113 repturi
431 1062 521 1101 sint
542 1068 590 1101 ut
613 1068 826 1101 caeteros
847 1061 1039 1101 vincant
1061 1060 1224 1101 officio.
1250 1060 1448 1112 Quidam
1479 1062 1640 1113 etiam,
1664 1063 1777 1103 nihil
1794 1062 1863 1113 ju-

233 1133 381 1183 bente,
406 1133 497 1172 imo
519 1144 631 1189 vero
653 1133 922 1183 plerumque
944 1131 1127 1182 penitus
1147 1131 1293 1171 inscio
1315 1139 1642 1183 praeceptore,
1667 1134 1861 1174 eleemo-

232 1214 374 1253 synas
396 1203 443 1242 in
464 1203 646 1254 templis
666 1209 770 1253 post
791 1203 1039 1242 conciones
1061 1208 1104 1241 et
1125 1202 1355 1242 sacrificia
1382 1203 1621 1254 colligunt,
1645 1206 1863 1256 pauperi-

229 1274 334 1323 bus,
373 1274 575 1313 maxime
606 1273 830 1324 aegrotis,
868 1272 1178 1323 elargiendas.
1216 1272 1346 1323 Quae
1380 1285 1455 1313 res
1490 1274 1553 1314 ita
1585 1276 1860 1325 parentibus

230 1345 416 1395 placuit,
441 1351 489 1384 ut
510 1345 718 1396 ipsorum
741 1345 881 1384 etiam
903 1344 1105 1395 quidam,
1129 1344 1241 1383 moti
1261 1344 1460 1385 filiorum
1481 1347 1708 1397 exemplo,
1734 1347 1858 1387 idem

228 1421 389 1466 postea
410 1416 620 1455 fecerint.
640 1416 740 1466 Quo
764 1415 938 1455 factum
960 1421 1007 1454 ut
1029 1415 1170 1465 aliqui
1187 1415 1528 1456 intolerandam
1546 1417 1718 1467 alioqui
1734 1418 1856 1457 hanc

227 1498 441 1526 annonae
465 1486 717 1526 caritatem
738 1486 916 1525 minore
937 1485 1125 1532 tulerint
1145 1485 1454 1526 incommodo.

304 1557 427 1597 Inter
450 1569 565 1608 quos
586 1569 703 1596 unus
723 1557 973 1607 praecipue
994 1556 1079 1596 fuit
1099 1557 1339 1596 ulcerosus
1362 1557 1611 1597 admodum
1633 1563 1676 1597 et
1709 1558 1854 1597 scabi-

225 1627 310 1667 dus
332 1627 448 1667 adeo
471 1634 519 1667 ut
540 1628 620 1667 vix
642 1627 705 1666 illi
727 1628 846 1667 lecto
868 1626 1028 1677 egredi
1051 1627 1231 1677 liceret3
1254 1627 1350 1677 qui,
1375 1638 1481 1667 cum
1510 1628 1743 1667 neminem
1772 1628 1848 1668 ha-

223 1699 370 1749 beret,
395 1710 422 1737 a
443 1710 533 1749 quo
564 1699 639 1737 vel
669 1697 897 1737 tantillum
925 1697 1261 1747 sublevaretur,
1291 1708 1438 1748 paene
1467 1697 1714 1737 videbatur
1742 1698 1851 1749 hye-

223 1780 344 1808 mem
363 1781 456 1808 non
477 1769 664 1808 visurus
686 1774 962 1817 extremam,
988 1767 1026 1806 si
1047 1779 1139 1806 non
1161 1767 1342 1817 morbO,
1373 1767 1495 1807 fame
1523 1774 1647 1807 certe
1680 1769 1850 1818 peritu-

221 1851 314 1879 rus.
330 1838 478 1890 Hujus
493 1840 635 1890 igitur
652 1839 952 1890 praecipuam
970 1849 1130 1877 curam
1147 1838 1234 1888 ipsi
1251 1845 1563 1889 sumpserunt,
1578 1845 1627 1878 ut
1644 1839 1850 1890 quotidie

222 1916 445 1960 quantum
480 1911 594 1950 satis
629 1917 771 1959 esset,
802 1909 840 1949 si
866 1908 1002 1949 modo
1029 1909 1274 1959 haberent,
1304 1909 1368 1948 illi
1394 1908 1640 1949 deferrent.
1673 1909 1849 1950 Diebus

220 1992 332 2020 vero
353 1981 484 2020 festis
512 1991 793 2031 quamquam
822 1979 880 2019 ad
906 1979 1203 2030 gymnasium
1230 1990 1524 2029 nequaquam
1553 1980 1844 2030 accederent,

218 2063 304 2102 par
331 2058 432 2091 erat
459 2058 615 2091 tamen
643 2051 731 2090 illis
760 2062 893 2100 cura,
926 2061 983 2089 ne
1015 2049 1262 2100 quicquam
1289 2049 1395 2088 huic
1426 2049 1622 2101 deesset,
1653 2050 1844 2090 factum-

218 2134 305 2173 que
335 2129 404 2162 est
442 2129 490 2162 ut
524 2121 703 2173 hyemis
739 2120 977 2160 molestias
1013 2120 1230 2160 evaserit.
1261 2120 1311 2160 In
1340 2120 1412 2159 his
1443 2129 1599 2160 autem
1626 2121 1846 2172 operibus

216 2193 367 2233 adhuc
389 2198 658 2233 constanter
679 2196 1001 2243 perseverant.

292 2262 397 2303 Non
423 2263 588 2302 desunt
615 2274 730 2314 quos
759 2261 1090 2312 ingrediendae
1118 2259 1365 2301 Societatis
1393 2261 1673 2301 desiderium
1701 2268 1843 2310 tenet,

215 2334 382 2385 quique
416 2334 461 2373 id
494 2333 803 2384 patefaciant:
835 2343 1000 2372 verum
1034 2336 1246 2371 nostrum
1274 2337 1343 2371 est
1370 2338 1553 2371 maturo
1581 2332 1627 2371 in
1656 2332 1744 2371 hoc
1774 2333 1842 2372 uti

213 2405 421 2454 consilio,
440 2404 594 2455 itaque
611 2403 699 2443 illis
715 2413 890 2453 negare
908 2407 956 2442 ut
973 2413 1102 2452 spem
1119 2407 1274 2441 tamen
1295 2413 1389 2441 non
1411 2401 1693 2442 auferamus.
1712 2402 1841 2442 Haec

213 2475 268 2514 de
287 2474 581 2514 scholasticis
599 2473 808 2513 sufficere
821 2484 958 2523 posse
976 2472 1191 2511 arbitror.
1212 2470 1331 2511 Nam
1344 2484 1398 2511 ea
1411 2483 1528 2523 quae
1546 2472 1603 2511 ad
1618 2472 1840 2512 lectiones

211 2551 492 2596 caeteraque
515 2545 781 2584 scholarum
803 2543 1028 2583 exercitia
1056 2548 1291 2593 spectant,
1323 2554 1428 2582 cum
1456 2542 1569 2582 nihil
1596 2543 1839 2583 immutata

213 2616 320 2666 sint,
344 2615 628 2667 superfluum
649 2614 835 2654 omnino
857 2613 993 2653 fuerit
1015 2611 1070 2652 de
1091 2612 1162 2651 his
1184 2613 1434 2663 quicquam
1455 2613 1623 2652 dicere.

288 2685 616 2726 Confitentium
638 2695 751 2724 vero
778 2694 1022 2723 numerum
1043 2682 1081 2722 si
1102 2682 1256 2722 dicere
1287 2683 1552 2733 aggrediar,
1584 2694 1751 2722 vereor
1781 2695 1839 2723 ne

208 2756 434 2795 minorem
464 2767 577 2795 vero
608 2753 922 2795 enumerando
950 2753 1134 2793 faciam.
1172 2752 1290 2792 Nam
1326 2759 1421 2792 tota
1455 2753 1835 2804 quadragesima,

207 2826 403 2876 singulis
431 2826 611 2876 diebus,
644 2836 748 2864 cum
776 2830 968 2875 propter
993 2822 1267 2874 jubilaeum,
1297 2829 1394 2862 tum
1420 2828 1610 2874 propter
1635 2822 1834 2872 Pascha,

205 2902 335 2936 tanta
356 2897 522 2935 horum
544 2895 602 2935 ad
623 2906 709 2934 nos
730 2894 953 2934 confluxit
974 2893 1241 2943 multitudO,
1265 2899 1314 2933 ut
1336 2905 1394 2933 ne
1414 2893 1453 2932 si
1484 2899 1623 2933 noctu
1650 2893 1835 2944 quidem

205 2966 375 3018 diuque
396 2966 557 3006 audire
578 2965 905 3015 voluissemus,
929 2964 1043 3003 satis
1059 2975 1143 3003 nos
1165 2963 1373 3003 facturos
1392 2963 1534 3003 fuisse
1555 2963 1830 3003 existimem.
