1987 3260
263 179 334 216 302
768 176 994 213 LITTERAE
1021 187 1376 219 QUADmMESTREs

345 273 580 325 Superest,
603 273 703 313 Rde
730 274 776 312 in
797 272 917 324 Xpo.
945 272 1097 322 Pater,
1135 281 1183 312 ut
1217 279 1429 313 nostrum
1464 273 1667 312 omnium
1700 272 1883 323 meique

265 344 491 395 imprimis
512 343 783 383 memoriam
804 343 979 382 habeas
1004 343 1052 382 in
1083 343 1368 383 orationibus
1394 344 1505 394 tuis,
1540 354 1716 394 nosque
1745 342 1886 382 etiam

265 426 349 466 per
369 415 580 464 fratrum,
606 415 682 465 qui
703 413 840 453 isthic
860 420 980 463 sunt,
1004 413 1229 464 suffragia
1245 413 1399 465 juvari
1416 413 1595 464 jubeas.

346 486 468 525 Bene
490 486 610 524 vale.
633 483 736 523 Kal.
759 483 871 523 Maii
896 483 1008 524 1551.

346 556 473 595 Tuus
495 556 540 595 in
563 554 699 594 Chro.
724 554 833 607 Jesu
854 554 1031 594 inutilis
1051 554 1172 594 filius

989 696 1231 747 JOHANNES
1251 696 1390 736 ΒΑΡΤ.
1418 695 1670 736 VIOLAEUS.

924 1119 1242 1173 LXXXIII

344 1348 388 1384 P.
410 1348 602 1394 Joannes
621 1347 817 1394 Baptista
838 1347 998 1384 Barma

389 1413 509 1449 Patri
529 1412 697 1458 Ignatio
719 1411 771 1448 de
791 1412 975 1459 Loyola.

438 1476 620 1520 Gaudia,
645 1477 660 1512 l
683 1476 785 1523 Maji
807 1476 892 1513 1551
917 1476 942 1512 ¹.

482 1542 717 1588 (Excerpta
737 1552 790 1578 ex
810 1542 981 1587 litteris)

271 1833 323 1859 Ex
339 1833 463 1860 litteris
475 1832 588 1859 Patris
602 1832 789 1866 Baptistae,
803 1833 945 1859 rectoris
957 1831 1090 1865 collegii
1103 1836 1135 1859 et
1149 1832 1393 1859 Universitatis
1409 1832 1571 1865 Gandiae,
1583 1833 1692 1867 prima
1704 1832 1797 1867 Maji‚
1816 1833 1897 1859 1551.

349 1962 539 2001 Fratres
574 1962 719 2001 nostri
755 1962 875 2001 serio
910 1962 1073 2001 studiis
1104 1962 1393 2009 incumbunt,
1430 1974 1548 2013 quae
1582 1973 1753 2013 magno
1788 1973 1893 2001 cum

270 2034 455 2073 fervore
495 2031 705 2072 Gandiae
736 2038 1035 2081 exercentur,
1073 2039 1117 2072 et
1151 2032 1262 2072 mihi
1294 2033 1554 2084 persuadeo
1588 2033 1749 2072 nullibi
1783 2044 1889 2083 pro-

272 2115 462 2155 gressus
501 2103 700 2154 majores
738 2103 783 2142 in
821 2104 987 2143 litteris
1025 2103 1232 2143 facturos
1271 2116 1372 2143 esse
1411 2104 1644 2144 studiosos
1683 2114 1889 2154 quosque

274 2187 413 2226 quam
452 2174 682 2222 Gandiae,
719 2174 757 2213 si
790 2174 972 2214 illorum
1008 2173 1268 2224 frequentia
1302 2175 1442 2225 quieti
1476 2181 1519 2213 et
1567 2174 1885 2214 commoditati

275 2245 535 2286 studiorum
551 2245 867 2296 responderet.
887 2244 1025 2284 Domi
1042 2245 1087 2284 in
1104 2245 1404 2285 concionibus
1421 2251 1695 2285 exercentur
1711 2245 1895 2295 fratres,

275 2323 318 2356 et
353 2316 482 2355 multi
509 2328 565 2355 ex
591 2316 681 2355 illis
707 2327 799 2355 non
833 2316 1065 2355 mediocre
1096 2316 1154 2355 ad
1190 2316 1234 2356 id
1267 2317 1490 2356 talentum
1520 2316 1736 2355 videntur
1764 2327 1891 2355 acce-

275 2387 413 2438 pisse.

355 2457 405 2497 In
429 2458 625 2496 ecclesia
648 2469 760 2496 vero
782 2463 944 2497 nostra
970 2457 1131 2497 diebus
1160 2457 1404 2497 dominicis
1432 2469 1566 2496 mane
1592 2457 1785 2496 verbum
1806 2455 1894 2496 Dei

277 2528 550 2579 proponitur
574 2529 743 2579 populo
767 2528 1103 2576 concionando,
1135 2528 1253 2568 sicut
1285 2541 1311 2568 a
1340 2528 1535 2579 prandio
1564 2527 1618 2567 de
1643 2527 1898 2567 christiana

278 2600 490 2639 doctrina
534 2599 707 2650 aliquid
740 2600 1037 2649 exponendo:
1067 2599 1187 2650 quod
1221 2605 1428 2650 praestat
1462 2598 1683 2649 magister
1710 2597 1897 2637 Benedi-

277 2678 380 2710 ctus
400 2670 413 2688 ‘2
436 2670 508 2709 cui
524 2669 886 2720 praedicationis
914 2669 1087 2710 donum
1106 2682 1199 2710 non
1226 2671 1421 2720 vulgare
1448 2682 1474 2709 a
1502 2668 1600 2708 Deo
1628 2679 1902 2708 concessum

278 2747 361 2781 est.
380 2741 468 2780 Hic
484 2741 590 2780 licet
611 2740 909 2780 humaniores
928 2741 1107 2780 litteras
1127 2740 1419 2791 profiteatur,
1439 2740 1485 2779 in
1501 2739 1814 2791 spiritualibus
1835 2744 1900 2778 ta-

333 2877 341 2896 ¹
382 2876 567 2910 Exemplar
582 2884 601 2902 a
618 2876 652 2902 P.
668 2876 840 2903 Bernardo
862 2875 1010 2903 Oliverio
1025 2876 1214 2904 confectum
1229 2881 1261 2903 et
1276 2884 1295 2904 a
1311 2877 1344 2904 P.
1360 2875 1502 2903 Polanco
1518 2882 1616 2902 manu
1632 2874 1768 2908 propria
1788 2880 1894 2900 emen·

279 2924 395 2950 datum
411 2924 442 2950 in
458 2923 547 2956 folio,
563 2924 615 2950 cui
630 2924 709 2950 olim
723 2931 754 2951 n.
769 2924 831 2956 411,
844 2931 928 2951 nunc
943 2924 988 2951 78.

333 2971 346 2988 ⁶.»
386 2970 587 2997 Benedictus
603 2970 753 2997 Pereira.
