1987 3260
863 182 945 218 Ax.
979 181 1064 218 1551
1705 184 1776 221 377

227 278 385 318 Multis
406 278 552 329 signis
572 277 707 318 facilc
728 278 1019 329 dignoscitur
1040 285 1221 330 patrem
1240 277 1495 319 Doctorem
1523 291 1773 331 omnesque

149 350 290 389 etiam
318 348 489 388 fratres
510 349 567 388 ab
589 348 765 389 eisdem
794 349 1021 389 nobilibus
1043 349 1247 389 maximo
1279 349 1409 399 diligi
1437 361 1610 390 amore.
1641 349 1772 401 Quod

149 420 266 459 inter
288 419 391 459 illos
408 419 582 470 passim
599 419 840 470 jactitatur
870 420 959 460 hoc
981 425 1070 460 est:
1088 421 1238 460 nullos
1266 420 1445 460 civitati
1474 420 1576 472 plus
1604 420 1773 461 afferre

148 489 380 530 commodi
396 490 701 542 utilitatisque
725 502 864 542 quam
886 502 985 541 nos,
1005 502 1110 531 cum
1126 496 1284 530 tamen
1295 501 1469 541 graves
1485 491 1596 530 nulli
1613 491 1771 531 simus.

227 561 513 600 Manentium
541 561 706 601 deinde
734 562 779 601 in
807 573 997 601 carcerc
1026 568 1222 612 peccata
1256 560 1484 612 audimus,
1520 573 1773 614 eorumque

148 631 423 683 praesertim
446 632 523 682 qui
541 631 634 683 jam
656 633 794 672 morti
817 638 924 672 sunt
945 631 1265 682 condemnati;
1295 632 1417 683 quod
1438 632 1485 671 in
1512 644 1616 672 eam
1646 633 1772 672 venit

147 702 546 753 consuetudinem,
573 708 621 742 ut
653 703 1035 754 quotiescumque
1062 703 1180 753 quis,
1211 702 1268 742 ob
1301 703 1549 742 commissa
1577 703 1769 753 scelera,

146 774 335 825 capitali
364 774 592 825 supplicio
622 774 890 814 afficiendus
924 774 998 822 sit,
1031 786 1116 813 nos
1144 773 1301 813 statim
1326 785 1550 813 vocemur
1583 774 1642 813 ad
1669 785 1770 825 pec-

146 851 251 884 cata
275 845 692 885 condemnatorum
712 844 958 895 audienda,
984 856 1155 896 cosque
1177 844 1236 884 ad
1261 845 1416 883 locum
1437 855 1581 894 usque
1603 845 1770 895 suppli-

144 916 216 955 cio
240 915 522 955 destinatum
545 915 834 955 comitandos
857 921 901 955 et
921 915 980 955 ad
997 915 1112 955 bene
1133 914 1425 955 moriendum
1440 914 1768 966 disponendos.

144 986 193 1026 In
211 986 398 1037 judiciis
421 993 519 1026 tum
540 986 874 1036 saecularibus,
906 991 1001 1026 tum
1023 986 1369 1036 ecclesiasticis,
1393 986 1598 1025 maxima
1620 985 1772 1026 Patris

145 1056 365 1096 Doctoris
393 1056 682 1108 fratrumque
703 1056 900 1096 habetur
922 1057 1055 1096 ratio.
1087 1056 1203 1097 Cum
1232 1057 1288 1096 de
1322 1056 1582 1096 interdictis
1616 1057 1769 1097 simili-

144 1128 321 1178 busque
353 1127 492 1167 rebus
528 1127 648 1167 inter
680 1139 780 1167 sese
808 1127 1054 1177 dissident,
1084 1127 1267 1167 Patrem
1299 1127 1553 1168 Doctorem
1579 1127 1676 1179 ejus
1704 1128 1770 1168 rei

144 1205 331 1238 sumunt
354 1198 579 1238 arbitrum
607 1197 796 1249 ejusque
819 1198 1064 1238 consilium
1086 1198 1236 1250 sequi,
1266 1210 1321 1238 ac
1343 1198 1401 1238 ad
1429 1198 1603 1239 Christi
1630 1199 1770 1239 hono-

142 1280 241 1308 rem
275 1268 536 1319 spectantia
563 1275 819 1319 praestare,
848 1281 941 1308 non
968 1281 1134 1320 parum
1161 1269 1465 1310 delectantur.
1499 1270 1571 1310 Ex
1597 1270 1771 1310 nostris

145 1340 465 1379 sacerdotibus
488 1340 677 1390 quidam
699 1340 946 1390 diligenter
968 1346 1193 1380 curarunt
1213 1353 1385 1381 uxores
1406 1341 1601 1392 aliquas,
1627 1354 1654 1381 a
1676 1342 1773 1381 suis

146 1410 416 1461 repudiatas
449 1410 585 1461 viris,
622 1411 828 1450 maxima
867 1423 974 1450 cum
1013 1411 1266 1452 concordia
1300 1423 1508 1463 paceque
1543 1412 1609 1452 eis
1643 1412 1771 1452 resti-

146 1487 288 1521 tuere.

224 1552 267 1592 A
301 1551 574 1603 Methymna
603 1552 675 1592 del
705 1551 882 1604 Campo
914 1553 1084 1592 acriter
1113 1553 1346 1593 instarunt
1379 1559 1428 1593 ut
1454 1553 1593 1594 Pater
1620 1554 1772 1605 Bapti-

143 1629 215 1662 sta
253 1622 277 1673 ¹,
315 1623 534 1662 nundinis
567 1623 854 1674 praeteritis,
893 1636 947 1664 eo
978 1623 1352 1674 proficisceretur
1389 1625 1768 1664 concionaturus.

144 1693 243 1733 Hoc
270 1693 434 1745 majori
466 1706 576 1734 cura
608 1701 870 1746 conatuque
900 1706 1039 1746 quam
1071 1707 1231 1735 omnes
1260 1696 1487 1746 expetivit
1514 1695 1771 1736 Rodericus

143 1765 198 1804 de
228 1764 443 1815 Ducnas,
473 1765 551 1816 qui
581 1765 721 1805 etiam
750 1777 835 1817 pro
867 1764 991 1805 virili
1022 1772 1218 1806 conatus
1249 1772 1318 1806 est
1356 1772 1405 1806 ut
1433 1766 1494 1806 ibi
1522 1766 1770 1806 Societatis

142 1836 391 1886 collegium
412 1836 635 1886 erigatur,
660 1836 783 1887 quod
805 1847 910 1876 cum
934 1836 982 1876 Ρ.
1007 1836 1291 1876 Provinciali
1321 1837 1437 1887 egit,
1468 1837 1673 1889 seipsum
1695 1838 1769 1878 do-

140 1907 235 1945 mui
268 1907 535 1946 neccssaria
565 1907 970 1959 suppeditaturum
1003 1908 1295 1958 promittens.
1332 1908 1381 1948 P.
1419 1908 1727 1948 provincialis
1760 1908 1773 1926 ²

141 1989 232 2017 una
254 1989 358 2017 cum
379 1977 518 2017 Patre
538 1978 794 2018 Francisco
817 1978 872 2017 de
894 1977 1055 2028 Borjzz,
1089 1978 1186 2030 ejus
1217 1978 1305 2018 hac
1336 1979 1391 2018 de
1420 1991 1469 2019 re
1499 1985 1629 2019 tanta
1657 1991 1771 2019 cura

140 2053 184 2087 et
205 2049 302 2088 zelo
320 2048 565 2088 charitatis
582 2054 826 2100 perspecto
845 2055 1068 2100 tantaque
1086 2049 1299 2099 utilitate,
1320 2061 1438 2100 quae
1458 2050 1519 2090 ibi
1541 2062 1598 2090 ex
1614 2049 1766 2090 Socie-

141 2124 234 2158 tate
256 2131 476 2159 emanare
498 2120 668 2171 poterit
690 2119 821 2169 (cum
843 2118 1044 2171 undique
1064 2120 1296 2170 gentium,
1321 2121 1635 2161 nundinarum
1663 2132 1769 2160 cau-

141 2201 213 2239 sa,
238 2202 292 2229 eo
314 2190 446 2230 multi
468 2203 516 2230 se
539 2190 819 2241 conferant),
855 2191 899 2230 id
933 2190 1068 2230 facile
1090 2191 1346 2240 concessit;
1367 2190 1554 2243 jamque
1577 2191 1764 2232 domum

143 2260 187 2299 in
214 2259 406 2300 civitate
436 2261 739 2312 praecipuam
774 2261 913 2301 habet
941 2267 1158 2313 paratam
1197 2263 1494 2313 maximaque
1532 2275 1636 2303 cum
1671 2263 1767 2303 dili-

138 2331 297 2381 gentia
333 2332 600 2371 necessaria
635 2332 791 2372 omnia
818 2338 965 2372 curat.
996 2331 1062 2372 Ibi
1092 2344 1215 2372 nunc
1244 2332 1381 2373 Pater
1415 2334 1626 2384 Baptista
1663 2346 1769 2374 cum

142 2402 243 2441 aliis
274 2401 452 2442 duobus
484 2403 682 2443 habitat:
717 2403 879 2443 eodem
910 2403 1142 2443 credimus
1171 2410 1349 2455 septem
1374 2405 1450 2444 vel
1477 2410 1582 2445 octo
1606 2417 1665 2445 ex
1692 2405 1768 2445 hic

141 2473 454 2524 manentibus,
485 2475 559 2513 vel
590 2474 627 2513 si
660 2475 814 2525 plures
845 2474 1046 2525 licuerit,
1081 2475 1345 2515 mittendos.
1380 2476 1429 2516 P.
1467 2476 1679 2527 Baptista
1707 2477 1770 2516 ibi

141 2545 513 2585 concionabitur:
538 2544 586 2584 P.
615 2556 725 2585 vero
746 2545 1095 2586 Maximilianus
1123 2546 1417 2587 dialecticam
1446 2547 1766 2599 interpretabi-

140 2621 214 2654 tur
252 2615 359 2654 illuc
398 2616 626 2666 euntibus,
669 2616 1076 2668 conscientiaeque
1117 2617 1257 2657 etiam
1292 2617 1431 2657 dubia
1472 2619 1766 2658 occurrentia

141 2686 423 2736 explanabit.
466 2685 751 2737 Theologiae
782 2687 904 2726 enim
938 2699 1127 2727 cursum
1152 2687 1250 2739 jam
1276 2689 1510 2740 integrum
1545 2689 1763 2728 absolvit.

141 2754 188 2794 P.
214 2755 444 2807 Baptista,
467 2763 714 2808 postquam
736 2757 842 2797 hinc
865 2758 1100 2808 discessit,
1135 2758 1297 2798 diebus
1328 2759 1572 2799 dominicis
1594 2760 1640 2799 in
1668 2759 1767 2811 ejus

197 2939 204 2957 ¹
247 2939 282 2965 P.
298 2939 445 2972 Joannes
462 2941 619 2975 Baptista
635 2941 797 2969 sancheZ.

197 2986 210 3004 ··'
249 2985 283 3012 P.
299 2987 466 3015 Antonius
481 2989 519 3015 de
537 2989 658 3016 Araoz.
