1987 3260
844 149 928 188 ΑΝ.
958 148 1049 187 1552
1686 147 1759 183 687

123 251 507 299 saluberrimam,
540 255 589 288 ut
625 258 888 299 speramus,
913 251 1108 286 mortem
1140 245 1318 285 obierit.
1351 242 1463 294 Ejus
1491 254 1633 293 uxor,
1655 242 1757 293 jux—

126 329 173 363 ta
194 327 437 372 receptam
463 317 866 367 consuetudinem,
893 316 1116 368 postridie
1133 314 1260 355 Patri
1290 313 1504 354 confessa
1534 319 1604 353 est
1635 324 1758 352 com—

129 391 461 442 mendavitque
482 389 637 429 mariti
652 388 749 440 jam
770 387 973 428 defuncti
994 386 1197 425 animam
1218 384 1435 435 precibus
1461 383 1580 423 forte
1612 383 1759 423 suble—

133 462 359 511 vandam,
384 472 523 512 quam
544 460 812 499 consolatus
833 463 902 498 est
922 456 1059 496 Pater
1079 456 1214 496 fidem
1236 455 1353 495 dans
1375 454 1420 494 id
1442 466 1543 494 sese
1565 454 1761 505 praesti—

133 540 287 573 turum
321 537 600 583 posteroque
636 529 707 569 die
741 529 932 569 Missam
967 526 1063 578 ejus
1090 526 1275 566 nomine
1301 526 1546 565 lecturum.
1576 523 1763 564 Accidit

134 610 288 644 autem
308 609 378 653 ut,
402 613 508 642 cum
529 601 847 641 celebraturus
869 604 1154 647 accesserat,
1179 609 1233 637 eo
1255 595 1422 636 adduci
1444 607 1536 635 non
1560 595 1765 647 potuerit

135 681 183 715 ut
211 675 270 714 ob
305 673 430 725 quod
460 679 654 712 venerat
690 674 1010 722 exequeretur,
1040 668 1254 708 nesciens
1280 667 1417 719 plane
1446 665 1767 717 impedimenti

131 756 340 786 causam.
371 743 574 784 Domum
599 752 791 782 reverso
819 739 1114 790 indagandae
1140 737 1394 778 voluntatis
1426 737 1606 788 gratia,
1637 735 1769 787 cujus

132 816 305 856 certior
328 815 374 854 in
394 814 565 865 templo
585 812 736 852 factus
757 822 852 851 non
878 809 1049 860 fuerat,
1083 815 1358 859 suggestum
1386 813 1455 847 est
1483 806 1768 847 sacrificium

135 898 218 938 pro
241 887 316 926 illo
338 885 440 925 viro
463 883 761 932 offerendum,
781 887 918 933 atque
939 881 1002 920 ita
1024 880 1274 920 immensas
1295 878 1395 918 Deo
1416 878 1597 929 gratias
1619 888 1770 928 agens

132 958 259 1009 quod
287 964 466 997 tantam
500 954 647 996 nostri
679 959 814 1005 gerat
848 963 1030 1001 curam,
1060 950 1270 991 modesta
1299 949 1501 1001 quadam
1529 948 1769 988 hilaritate

138 1028 274 1069 iidem
295 1027 532 1076 liberavit;
557 1026 696 1065 immo
719 1031 904 1064 centum
924 1021 1092 1062 Missas
1123 1021 1273 1062 audiri
1301 1020 1436 1072 hujus
1464 1031 1608 1060 causa
1636 1030 1768 1058 cura-

142 1100 227 1149 vit,
261 1105 304 1138 et
326 1099 423 1149 ipse
445 1104 540 1136 tres
560 1101 803 1148 praeterea
825 1094 950 1145 legit.
983 1092 1151 1133 Omnia
1177 1091 1313 1143 hujus
1341 1091 1494 1131 Patris
1522 1090 1770 1142 praeclara

140 1176 274 1218 gesta
297 1173 570 1208 narrantem
592 1173 772 1217 tempus
794 1165 1024 1205 deficeret.

222 1239 267 1279 M
277 1271 282 1276 .
308 1237 549 1279 Cornelius
571 1237 734 1276 studiis
754 1235 1052 1287 theologicis,
1076 1241 1125 1274 ut
1146 1245 1239 1273 uno
1268 1233 1412 1273 verbo
1442 1232 1621 1272 infinita
1652 1242 1774 1270 com-

144 1312 336 1362 plectar,
360 1308 638 1358 immoritur,
668 1319 825 1358 quem,
856 1312 1080 1358 quantum
1105 1316 1188 1356 per
1215 1304 1427 1355 corporis
1455 1302 1774 1343 infirmitatem

144 1382 271 1431 licet,
298 1380 501 1420 imitatur
521 1378 686 1418 Petrus
709 1377 867 1429 Spiga.
897 1375 1134 1416 Arnoldus
1165 1381 1208 1415 et
1234 1375 1439 1427 Joannes
1468 1373 1776 1424 Conspeanus

144 1452 309 1491 diurna
345 1456 664 1501 nocturnaque
699 1460 839 1488 manu
873 1453 1065 1487 versant
1098 1446 1423 1495 Aristotelem,
1460 1456 1635 1495 magna
1671 1454 1779 1483 cum

145 1523 350 1562 omnium
387 1529 580 1572 uterque
614 1519 979 1571 exspectatione.
1018 1518 1139 1568 Ego,
1176 1522 1413 1568 spectator
1448 1516 1602 1567 potius
1637 1525 1779 1566 quam

144 1593 418 1642 commilito,
444 1592 664 1643 incipiam
685 1597 855 1640 tamen,
882 1589 971 1629 mei
993 1588 1242 1628 exercendi
1263 1588 1433 1638 gratia,
1459 1586 1516 1626 ab
1537 1586 1781 1626 humanio-

147 1665 273 1704 ribus
302 1664 469 1704 litteris
505 1662 784 1712 abhorrens,
822 1667 870 1700 ut
904 1660 1034 1700 multi
1067 1664 1254 1710 putant,
1285 1657 1644 1709 grammaticam
1682 1656 1780 1696 Cle-

151 1735 284 1775 nardi
317 1745 539 1785 graecam
573 1732 856 1784 expendere,
895 1732 940 1771 in
979 1730 1193 1770 hebraeis
1232 1728 1526 1769 addiscendis
1566 1727 1782 1768 nonnihil

151 1807 293 1846 etiam
316 1817 485 1856 operae
508 1805 700 1854 colloco,
724 1804 919 1843 multum
946 1802 1130 1842 interim
1157 1801 1336 1840 distans
1366 1812 1392 1840 a
1420 1799 1784 1851 vigilantissima

153 1876 536 1916 charissimorum
558 1875 757 1915 fratrum
778 1873 1031 1924 diligentia.

236 1946 462 1998 Quamvis
492 1946 626 1997 plura
656 1956 757 1985 esse
783 1956 876 1984 non
904 1943 1130 1993 dubitem,
1161 1942 1478 1994 superioribus
1506 1952 1600 1981 non
1632 1940 1787 1979 minus

158 2023 418 2058 memoratu
448 2016 587 2067 digna
619 2021 697 2055 aut
724 2014 937 2054 fortassis
964 2014 1201 2064 digniora,
1225 2025 1282 2052 ne
1315 2012 1368 2052 R.
1399 2011 1448 2052 P.
1480 2011 1532 2051 T.
1564 2011 1788 2050 molestus

159 2089 259 2135 sim,
285 2100 339 2128 ea
361 2088 517 2127 omnia
539 2098 714 2137 nosque
734 2092 858 2125 totos
879 2085 969 2124 tuis
991 2084 1297 2123 sanctissimis
1325 2082 1616 2123 orationibus
1647 2092 1790 2132 quam

158 2159 411 2199 humillime
434 2157 827 2197 commendamus.

240 2229 456 2280 Lovanii,
485 2227 532 2267 10
552 2228 677 2280 Junii
698 2240 739 2266 a.
767 2226 880 2266 1552.

243 2300 312 2340 De
335 2300 555 2340 mandato
577 2298 729 2337 Patris
751 2297 962 2347 Adriani,

1163 2437 1345 2477 PETRUS
1374 2435 1574 2476 SILVIUS.

249 2653 600 2706 Superscm'ptz‘o
641 2665 784 2693 manu
820 2653 989 2693 Patris
1023 2651 1231 2692 Adriani
1261 2649 1645 2690 Adrmenssens:
1682 2612 1796 2687 Hfls.

168 2725 270 2767 R.d0
292 2727 338 2766 in
360 2726 443 2766 X.⁰
463 2725 591 2765 Patri
610 2724 759 2776 Mgro„
782 2724 962 2776 Ignatio
984 2724 1039 2764 de
1059 2723 1260 2774 Loyola,
1292 2719 1565 2771 Praeposito
1593 2717 1799 2759 Societa-

170 2799 229 2838 tis
250 2798 373 2851 Jesu,
398 2796 587 2836 Romae.

256 2868 367 2909 Alia
390 2879 557 2908 manu:
579 2867 728 2919 Quad.
752 2867 900 2907 Lova.
933 2867 1045 2907 1552.
1069 2878 1113 2906 X.
1136 2863 1274 2918 Junii.
