1987 3260
290 164 360 201 006
797 165 1023 201 LITTERAE
1050 176 1404 208 Qt’ADRnfflsTREs

291 192 335 201 ..u-

290 267 416 300 ctum
433 266 477 300 et
495 259 727 300 Gandiam
738 266 972 312 petentem
990 261 1138 300 obiter
1153 261 1390 301 Concham
1406 261 1636 313 invisisse,
1652 270 1858 304 veterem
1869 271 1915 304 et

289 331 489 371 nobilem
506 331 759 380 civitatem,
774 331 865 380 ubi,
881 342 986 370 cum
997 331 1249 371 multorum
1260 332 1477 382 precibus
1494 339 1615 372 esset
1629 334 1912 384 morigeran-

289 402 411 451 dum,
427 412 588 441 sacras
609 402 655 441 in
671 401 868 440 diversis
880 400 1063 451 templis
1073 401 1233 441 habuit
1250 402 1513 453 conciones,
1528 408 1656 443 tanto
1673 403 1912 444 hominum

288 472 489 521 theatro,
514 477 643 511 tanto
674 482 867 511 assensu
898 471 1176 522 sapientium
1203 477 1246 511 et
1272 473 1452 523 populi,
1481 480 1530 513 ut
1557 485 1747 513 necesse
1772 473 1911 515 fuerit

288 542 514 593 quosdam
534 542 622 581 illis
644 542 742 581 dies
757 547 942 592 praeter
959 548 1160 582 mentem
1178 542 1305 582 dare.
1324 542 1524 593 Ajebant
1541 555 1632 584 uno
1650 556 1809 584 omnes
1828 556 1909 584 ore

288 613 593 663 apostolicam
614 612 873 651 doctrinam
892 612 938 651 in
953 623 1007 651 eo
1025 612 1247 661 relucere,
1268 624 1353 652 nec
1370 613 1650 653 verebantur
1667 615 1910 665 quibusvis

286 689 473 723 nostrae
493 682 781 733 tempestatis
802 683 931 733 viris,
951 693 1066 733 quos
1082 682 1220 722 modo
1239 682 1481 734 vidissent,
1506 682 1640 735 [eum]
1660 685 1903 726 anteferre.

286 754 444 794 Vitam
464 764 523 793 ex
542 753 681 804 fama,
705 753 1013 793 humilitatem
1033 765 1089 792 ex
1111 754 1401 793 sermonibus
1420 754 1603 801 mutuis,
1628 756 1907 797 modestiam

285 836 342 864 ex
362 825 561 874 incessu,
580 824 873 875 prudentiam
896 835 953 863 ex
975 823 1356 874 confessionibus,
1381 824 1642 865 doctrinam
1660 831 1704 865 et
1723 826 1904 877 religio-

283 907 389 934 nem
411 907 468 934 ex
478 895 710 946 publicise
726 901 951 945 suggestu
965 894 1266 934 concionibus
1288 895 1582 945 colligebant.
1604 895 1775 935 Omnes
1789 897 1905 937 mire

284 965 435 1005 affecit
456 965 529 1005 vir
550 977 683 1015 unus,
709 965 790 1004 sed
812 970 906 1004 tres
928 965 1206 1015 praecipuos
1223 965 1460 1004 Ecclesiae
1476 977 1695 1016 proceres
1715 966 1905 1017 insigni-

282 1043 352 1075 ter
363 1036 455 1087 qui,
477 1036 686 1075 nolentes
700 1035 870 1075 diutius
892 1035 1037 1075 divini
1054 1034 1252 1086 Spiritus
1270 1035 1499 1075 afflatibus
1517 1047 1654 1075 aures
1671 1036 1907 1087 obturare,

282 1107 526 1146 audierunt
551 1106 661 1157 quid
690 1106 737 1145 in
758 1117 806 1145 se
826 1107 1092 1157 loqueretur
1117 1105 1261 1155 Deus,
1291 1106 1564 1157 loquebatur
1593 1106 1714 1147 enim
1743 1119 1907 1158 pacem

285 1177 408 1228 plebi
436 1188 562 1227 suae,
586 1175 802 1216 Sti-adam
824 1177 1005 1227 sequuti
1026 1182 1146 1215 sunt.
1177 1175 1409 1216 Gandiam
1430 1183 1756 1227 pervenerunt.
1783 1177 1903 1228 Quid

279 1247 574 1287 emolumenti
596 1247 801 1298 ceperint
823 1248 944 1286 malo
965 1252 1010 1286 te
1031 1259 1088 1286 ex
1110 1247 1209 1297 ipso
1230 1246 1399 1287 Strada
1421 1247 1580 1287 audire
1601 1248 1788 1299 quando
1807 1247 1903 1299 jam

279 1318 415 1358 isthic
443 1317 603 1358 aderit.
628 1317 888 1357 Praeterire
910 1323 1065 1357 tamen
1092 1316 1202 1357 illud
1229 1329 1322 1356 non
1345 1318 1509 1368 ausim,
1533 1319 1635 1369 plus
1664 1318 1904 1359 doctrinae

279 1390 566 1429 conchenses
600 1400 759 1428 omnes
793 1400 850 1428 ex
885 1388 1219 1428 canonicorum
1252 1389 1496 1439 repentina
1535 1389 1901 1440 metamorphosi

277 1460 555 1511 percepisse,
580 1471 719 1510 quam
741 1471 799 1499 ex
820 1459 989 1498 auditis
1017 1465 1154 1498 antea
1183 1459 1484 1498 concionibus
1506 1459 1773 1499 hauserunt.
1798 1459 1900 1500 Dis-

277 1531 416 1570 cessit
433 1531 556 1570 illinc
573 1529 740 1570 Strada
750 1541 922 1580 magno
940 1530 1144 1569 civitatis
1161 1540 1388 1569 moerore:
1407 1529 1642 1580 pollicitus
1659 1536 1815 1570 tamen
1831 1537 1902 1570 est

275 1601 349 1650 iis,
374 1601 451 1651 qui
472 1601 835 1640 exercitamenta
853 1600 1110 1651 spiritualia
1126 1599 1386 1650 praelibare
1403 1600 1694 1651 satagebant,
1714 1600 1899 1641 Patrem

276 1672 575 1711 Villanovam
609 1671 951 1722 quamprimum
984 1670 1149 1720 affore,
1183 1671 1261 1721 qui
1301 1670 1505 1710 animum
1532 1671 1645 1722 ipsis
1676 1672 1895 1722 expleret3

277 1742 398 1793 quod
429 1748 473 1782 et
503 1742 600 1793 ipse
628 1741 880 1781 Villanova
911 1741 1048 1780 modo
1083 1741 1304 1791 implevit,
1337 1752 1446 1780 nam
1474 1747 1713 1780 transacto
1741 1753 1901 1782 mense

276 1813 310 1853 C
316 1813 516 1853 oncham
533 1819 601 1852 est
619 1813 868 1863 profectus,
888 1812 980 1862 ubi,
1000 1812 1108 1851 dum
1123 1811 1300 1851 Doctor
1315 1811 1531 1862 Vergara
1553 1811 1560 1830 ¹
1580 1812 1731 1851 itineri
1748 1813 1898 1852 accin-

273 1885 413 1935 gitur,
429 1883 682 1923 Villanova
701 1883 1067 1923 exercitamenta
1085 1882 1263 1921 duobus
1275 1882 1390 1921 viris
1407 1883 1636 1922 concessit
1652 1883 1898 1932 nobilibus,

273 1954 406 1994 alteri
429 1954 655 1994 canonico
678 1953 942 2003 conchensi,
966 1953 1098 1993 alteri
1121 1953 1335 1992 canonici
1354 1964 1596 2003 germano,
1620 1959 1663 1993 et
1681 1966 1785 1994 cum
1802 1954 1899 1994 diu·

271 2026 361 2065 tius
382 2026 608 2065 remorari
632 2037 744 2076 prae
766 2024 990 2075 temporis
1012 2023 1240 2074 angustiis
1261 2035 1355 2063 non
1376 2024 1549 2073 liceret,
1571 2025 1687 2063 alios
1704 2024 1750 2064 in
1767 2036 1896 2075 spem

271 2097 448 2136 reditus
477 2096 549 2136 sui
575 2095 773 2145 distulit,
799 2101 842 2135 et
872 2094 1141 2134 Valentiam
1161 2093 1284 2133 misit
1308 2093 1448 2133 alium
1470 2094 1688 2134 Conchae
1710 2095 1893 2134 canoni-

272 2179 375 2206 cum
400 2167 493 2206 illic
515 2166 827 2206 exercendum
847 2164 1224 2205 meditationibus
1246 2164 1449 2215 spiritus.
1474 2165 1569 2204 Nec
1591 2166 1765 2205 otiosus
1782 2166 1891 2206 inte-

271 2238 357 2277 rim
379 2237 463 2277 fuit
483 2237 751 2277 Villanova.
775 2236 891 2276 Nam
915 2236 1124 2287 plurimis
1146 2235 1516 2275 confessionibus
1536 2236 1776 2276 audiendis
1796 2242 1891 2276 tam

272 2309 568 2358 generalibus
590 2319 729 2358 quam
751 2307 892 2346 etiam
914 2306 1080 2360 annuis
1100 2317 1193 2345 non
1213 2317 1388 2356 paucas
1410 2305 1551 2346 horas
1571 2306 1808 2357 impendit.

352 2378 468 2418 Cum
489 2377 706 2418 Conchae
727 2383 849 2417 esset
871 2376 1117 2417 Societatis
1131 2376 1241 2428 Jesu
1258 2388 1425 2415 nomen
1443 2377 1805 2427 celeberrimum,
1824 2383 1889 2416 ta-

268 2449 410 2488 citum
432 2448 675 2488 consilium
692 2453 965 2498 magnatum
982 2447 1164 2497 priores
1181 2446 1383 2485 inierunt
1399 2452 1447 2485 ut
1465 2445 1710 2486 Societatis
1726 2447 1888 2487 Patres

269 2520 536 2558 invitarent.
556 2518 783 2558 Nimirum
800 2517 977 2557 fructus
993 2517 1251 2556 ubertatem
1268 2522 1591 2567 agnoscentes,
1607 2528 1741 2567 quem
1758 2529 1886 2568 prae-

266 2597 337 2629 ter
357 2590 515 2641 populi
536 2600 689 2628 mores
711 2588 1047 2639 pristinamque
1069 2586 1450 2626 consuetudinem
1478 2587 1524 2626 in
1554 2587 1650 2626 dies
1671 2587 1887 2628 viderunt

264 2661 598 2711 pullulascere;
622 2670 730 2698 nam
752 2670 856 2698 cum
879 2664 1015 2697 antea
1036 2658 1159 2697 nulla
1183 2657 1426 2696 civitatum
1446 2657 1699 2708 Hispaniae
1721 2659 1884 2708 procli-

264 2731 369 2770 vior
392 2731 438 2770 in
458 2731 632 2779 luxum,
658 2734 701 2768 et
724 2729 769 2768 in
791 2728 975 2777 fastum,
1000 2734 1043 2766 et
1059 2727 1367 2777 insolentiam,
1392 2733 1529 2778 atque
1545 2727 1681 2778 hujus
1698 2729 1885 2778 generis

315 2911 323 2930 ¹
364 2910 490 2937 Doctor
506 2910 699 2944 Alphonsus
722 2910 878 2936 Ramirez
904 2909 941 2935 de
964 2909 1133 2941 Yergara,
1159 2908 1365 2935 Conchc-nsis
1380 2909 1569 2942 canonicus,
1594 2909 1632 2935 de
1656 2917 1718 2943 quo
1732 2917 1833 2943 supra
1849 2910 1881 2937 in

261 2958 385 2985 litteris
400 2958 434 2985 P.
450 2957 684 2991 Christophori
701 2957 739 2983 de
756 2956 927 2988 Mendoza‚
944 2964 975 2982 n.
994 2962 1059 2985 xm,
1077 2962 1152 2989 pag.
1168 2956 1226 2982 141.
