1987 3260
235 160 307 196 512
760 160 983 194 LITTERAE
1011 169 1366 200 QUADRfflEsTREs

238 267 315 306 pre¹
323 256 453 296 cibus
465 256 608 295 variis
625 255 843 306 quotidie,
859 254 936 294 alii
951 265 1151 305 namque
1168 266 1331 305 preces
1343 255 1572 306 horarias,
1588 256 1666 295 alii
1682 262 1860 306 septem

237 327 461 377 psalmos,
487 326 563 366 alii
583 325 794 376 Virginis
823 325 1070 375 rosarium,
1095 331 1143 364 ut
1175 325 1263 364 illis
1295 323 1551 375 injunctum
1572 332 1661 376 est,
1686 327 1859 376 persol-

240 403 364 447 vunt,
388 399 721 445 auscultanteS,
745 395 1073 447 religionisque
1095 396 1380 436 christianae
1401 408 1494 435 non
1515 397 1749 436 mediocre
1767 404 1859 437 stu—

237 468 362 507 dium
390 479 502 518 prae
525 479 574 507 se
595 467 809 506 ferentes.
833 465 953 506 Nam
972 478 1062 517 quo
1085 467 1131 505 in
1153 478 1205 506 ea
1227 474 1536 517 promoveant
1567 479 1660 506 non
1681 473 1857 517 praete-

236 538 293 577 rit
314 538 410 577 dies
432 538 594 587 festus,
618 538 665 576 in
686 548 774 587 quo
796 537 930 576 verbi
960 536 1047 576 Dei
1069 548 1169 576 sese
1191 537 1430 576 auditores
1461 548 1555 576 non
1586 537 1856 587 praebeant.

236 608 402 648 Mirum
425 608 631 659 profecto
653 608 776 658 quod
797 608 852 646 de
874 607 1076 658 quodam
1098 607 1230 647 nobis
1257 607 1469 647 narravit
1501 607 1553 647 R.
1586 607 1723 647 Pater
1751 607 1857 647 Pro-

235 679 448 718 vincialis
472 678 497 727 ¹,
520 690 696 729 nempe,
719 679 839 717 hunc
864 679 935 717 vel
955 677 1281 718 infestissimas
1304 678 1583 718 tentationes
1605 679 1651 717 in
1672 679 1859 718 nomine

231 749 343 801 Jesu
364 760 624 800 superasse.
650 749 691 788 Is
713 749 835 787 enim
863 749 940 799 qui
972 748 1095 799 apud
1125 760 1210 788 nos
1239 749 1559 788 ecclesiastem
1586 749 1703 799 agit,
1737 749 1860 789 nosti

171 837 176 842 ·
234 832 369 870 quem
389 820 492 860 dico
511 819 538 869 ²,
559 831 663 859 cum
684 819 882 858 nominis
903 820 1184 859 venerabilis
1199 820 1308 872 Jesu
1326 820 1566 870 energiam
1587 819 1860 859 efficaciam—

233 903 319 941 que
341 892 482 930 semel
503 891 758 939 extolleret,
782 890 841 929 ad
862 901 1011 941 genus
1034 891 1186 930 omnis
1209 891 1477 930 certaminis
1500 891 1695 941 clipeum
1713 902 1767 929 ac
1791 897 1858 930 tu-

232 967 387 1001 tamen
409 973 509 1001 esse
530 967 828 1001 monstrarat.

309 1031 405 1071 Nec
439 1044 552 1072 Vero
583 1033 767 1071 interim
798 1033 1059 1072 doctrinam
1093 1032 1397 1072 christianam
1426 1032 1472 1071 in
1500 1034 1749 1083 postremis
1780 1034 1858 1073 ha-

232 1103 358 1151 bent,
383 1101 512 1153 cujus
534 1102 809 1142 ediscendae
830 1114 1010 1142 summo
1033 1108 1249 1142 tenentur
1280 1103 1532 1153 desiderio,
1566 1115 1674 1143 nam
1702 1104 1857 1154 piacu-

230 1174 323 1212 lum
361 1173 539 1223 grande
578 1173 801 1212 ducerent
847 1174 886 1212 si
925 1173 1142 1213 serotinis
1183 1174 1468 1224 temporibus
1504 1164 1853 1225 egrederentur,

229 1244 348 1283 illius
368 1244 566 1283 lectione
583 1245 812 1294 neglecta.
837 1244 980 1294 Quid?
1002 1252 1161 1284 mutuo
1179 1256 1280 1284 sese
1303 1245 1361 1284 ad
1382 1251 1715 1296 praeceptores
1737 1245 1857 1285 defe-

231 1320 357 1363 runt,
391 1314 429 1354 si
464 1314 541 1366 qui
566 1326 648 1365 per
676 1315 1035 1366 imprudentiam
1069 1315 1189 1355 illius
1225 1327 1454 1355 memores
1489 1327 1581 1355 non
1617 1316 1854 1355 fuerimus.

231 1384 365 1434 Quod
386 1384 507 1425 idem
528 1393 784 1436 praestant,
805 1386 914 1425 dum
935 1398 1051 1436 quos
1073 1387 1300 1425 tantillam
1324 1385 1547 1426 offensam
1569 1392 1757 1437 patrare
1780 1387 1855 1426 ad-

227 1462 429 1506 vertunt,
452 1467 633 1506 nempe,
657 1457 696 1496 si
712 1456 926 1507 jurarint,
949 1463 1081 1508 turpe
1104 1457 1214 1508 quid
1235 1457 1535 1508 protulerint,
1560 1468 1724 1507 preces
1746 1469 1854 1508 quo-

227 1526 428 1566 tidianas
449 1528 760 1577 neglexerint,
786 1534 944 1567 mutuo
966 1528 1280 1567 concertarint
1304 1534 1382 1567 aut
1409 1527 1657 1578 ejusmodi,
1691 1528 1856 1578 quibus

229 1598 339 1637 olim
361 1598 549 1637 obnoxii
570 1604 716 1648 erant,
740 1598 1010 1638 admiserint
1031 1598 1281 1649 quidpiam.
1305 1598 1528 1648 Magnum
1551 1599 1690 1638 etiam
1712 1598 1852 1638 humi-

230 1668 371 1708 litatis
392 1669 577 1708 futurae
597 1669 879 1719 portendunt
905 1670 1110 1719 signum,
1144 1669 1253 1719 quin
1281 1676 1325 1708 et
1354 1669 1691 1708 emendationis
1718 1680 1855 1719 argu-

228 1745 455 1785 mentum;
480 1738 597 1778 adde
618 1745 661 1778 et
682 1740 890 1790 priorum
909 1751 1139 1779 noxarum
1160 1740 1333 1779 doloris
1355 1739 1598 1790 indicium,
1632 1751 1737 1779 cum
1767 1740 1854 1779 sin-

223 1809 347 1859 gulis
367 1810 601 1849 mensibus
623 1811 764 1849 semel
785 1811 948 1849 saltem
976 1810 1254 1849 confitentur
1283 1816 1441 1861 atque,
1474 1811 1520 1849 in
1552 1810 1800 1860 collegium
1830 1822 1855 1849 e

224 1879 374 1919 sacris
400 1879 591 1919 aedibus
619 1881 816 1929 reversi,
847 1881 1003 1931 palam
1030 1881 1076 1920 in
1105 1881 1324 1920 classium
1356 1881 1508 1920 medio
1535 1881 1666 1920 multi
1694 1892 1854 1920 eorum

226 1961 384 1989 coram
411 1951 790 2001 praeceptoribus
826 1951 1071 2001 procidunt
1104 1953 1428 2002 supplicesque
1462 1952 1519 1990 ab
1554 1952 1619 1991 eis
1654 1951 1851 2001 ignosci,

222 2020 392 2070 junctis
414 2021 627 2060 manibus
649 2029 901 2072 opertoque
923 2023 1074 2072 capite
1092 2022 1237 2072 (sic),
1259 2024 1511 2073 postulant.
1544 2023 1604 2062 Ut
1631 2022 1854 2061 brevibus

225 2091 481 2139 absolvam,
505 2091 582 2142 qui
604 2098 672 2131 est
693 2092 781 2131 illis
803 2106 828 2131 a
851 2092 1218 2133 confessionibus
1240 2094 1355 2133 satis
1373 2093 1535 2132 mirari
1556 2093 1715 2143 nequit
1742 2104 1852 2144 quo-

225 2161 363 2201 modo
381 2161 496 2201 adeo
514 2163 677 2201 tenella
691 2162 767 2202 illa
781 2170 910 2202 aetas
922 2163 1135 2214 spiritum
1147 2164 1233 2203 Dei
1246 2164 1452 2203 imbibat.
1468 2163 1559 2203 Sed
1576 2164 1649 2203 ille
1661 2163 1737 2202 ubi
1754 2165 1853 2203 vult

226 2232 385 2281 spirat,
405 2238 447 2270 61
468 2243 567 2282 nos,
587 2233 626 2271 si
643 2234 857 2272 volumus
874 2233 1192 2284 audimusque,
1213 2234 1424 2284 suggerit
1447 2240 1490 2273 et
1511 2234 1646 2273 docet
1663 2234 1851 2284 quando

227 2302 336 2351 vult,
361 2308 404 2340 et
426 2301 615 2350 dociles,
639 2303 677 2341 si
699 2305 927 2354 volumus,
951 2315 1036 2343 nos
1058 2304 1185 2355 ipsos
1206 2304 1463 2354 reddimus;
1487 2304 1546 2343 ad
1568 2304 1736 2343 ostium
1759 2310 1851 2343 stat

224 2378 268 2410 et
290 2372 456 2422 pulsat,
483 2378 527 2411 et
548 2383 645 2422 nos,
669 2374 707 2411 si
729 2374 956 2424 audimus,
981 2375 1232 2425 aperimus.

303 2442 595 2493 Quamquam
623 2449 666 2482 et
692 2451 909 2494 parentes
938 2446 1165 2496 nonnulli,
1199 2446 1428 2486 laudabile
1460 2451 1846 2494 commemoratu,

224 2511 372 2560 ipsum
393 2513 531 2551 etiam
553 2512 775 2564 Spiritum
792 2513 958 2564 juvant
974 2516 1106 2567 eique
1124 2523 1449 2567 cooperantur,
1474 2516 1598 2566 dum,
1619 2516 1665 2554 in
1686 2526 1847 2565 regen-

223 2582 293 2620 dis
313 2583 694 2634 instituendisque
722 2584 849 2634 filiis,
883 2586 1152 2636 diligentem
1183 2598 1344 2626 curam
1371 2593 1539 2637 gerunt
1567 2586 1760 2637 gerique
1791 2586 1849 2625 ab

225 2652 326 2691 aliis
346 2653 541 2692 sollicite
562 2660 746 2703 curant;
771 2655 808 2693 si
829 2656 938 2706 quid
959 2657 1005 2695 in
1027 2657 1093 2696 eis
1115 2657 1291 2696 sinistri
1320 2657 1722 2706 animadvertunt,
1755 2668 1849 2695 non

225 2722 406 2773 impune
426 2723 548 2763 ferre
569 2724 827 2774 patiuntur:
852 2726 1035 2777 ipsimet
1057 2728 1179 2766 enim
1208 2727 1262 2766 de
1294 2728 1401 2776 illis,
1434 2728 1611 2767 meritis
1639 2727 1845 2777 dignum,

276 2902 284 2921 ¹
324 2903 359 2929 P.
372 2903 584 2931 Paschasius.
599 2905 648 2932 Ita
666 2906 870 2935 interlineas
887 2909 1061 2942 Polaticus,
1079 2912 1173 2945 cujus
1189 2912 1261 2938 vide
1280 2912 1413 2943 Clzm›n.,
1429 2917 1450 2938 t¹
1470 2919 1507 2944 11,
1529 2919 1604 2945 pag.
1621 2912 1683 2941 217,
1701 2919 1729 2937 n.
1749 2912 1809 2938 216.

274 2950 287 2967 ²
325 2949 356 2975 Is
370 2950 504 2977 videtur
520 2959 590 2978 esse
607 2953 675 2985 ipse
692 2953 902 2983 PelletariuS.
918 2956 1004 2983 Vide
1021 2957 1185 2991 Potaxto,
1206 2960 1223 2984 1.
1241 2967 1280 2991 c..
1297 2967 1375 2993 pag.
1395 2960 1453 2992 187,
1472 2967 1500 2985 n.
1516 2959 1559 2985 43.
