1987 3260
269 195 340 234 144
783 198 1004 235 LITTERAE
1031 209 1385 241 QUADRIMESTRES

335 841 382 877 Ρ.
402 839 662 877 Leonardus
680 839 838 877 Kessel

382 904 504 942 Patri
522 904 681 951 Joanni
695 904 749 941 de
763 904 968 942 Polanco.

429 968 624 1015 Colonia,
645 968 688 1006 21
709 968 857 1006 Martii
877 969 968 1006 1549
987 970 1013 1005 ¹.

1027 1105 1124 1181 ulis

343 1284 505 1324 Gratia
529 1289 572 1323 et
588 1295 680 1334 pax
703 1284 778 1323 Xi.
802 1284 908 1324 Dni.
929 1285 986 1324 sit
1002 1296 1186 1336 semper
1202 1285 1457 1325 nobiscum.

342 1355 614 1394 Reverende
649 1355 694 1395 in
729 1355 812 1395 Χ.0
849 1355 1011 1395 Pater:
1052 1355 1227 1396 Diebus
1265 1356 1439 1408 aliquot
1479 1357 1670 1407 elapsis,
1706 1356 1889 1396 litteras

262 1426 310 1466 P.
340 1426 398 1465 V.
437 1426 599 1477 accepi
633 1426 833 1477 scriptas
872 1426 916 1464 17
944 1426 1231 1475 Decembris,
1263 1426 1427 1477 quibus
1453 1425 1502 1466 P.
1527 1426 1585 1466 V.
1610 1426 1785 1466 indicat
1812 1437 1883 1476 ea,

260 1508 379 1548 quae
407 1497 579 1537 ultimis
604 1497 778 1537 nostris
812 1497 977 1537 litteris
1011 1497 1302 1548 scripsimus„
1336 1497 1469 1537 vobis
1497 1498 1703 1548 placere;
1740 1508 1885 1548 quare

261 1568 400 1607 etiam
420 1579 514 1607 non
534 1573 782 1619 potuerunt
802 1568 892 1607 nisi
919 1579 1095 1608 summe
1126 1568 1259 1608 nobis
1285 1569 1483 1618 plaeere.
1510 1568 1679 1608 Animo
1701 1579 1883 1619 quoque

260 1638 542 1678 ferventiore
563 1639 622 1678 ad
642 1639 758 1678 haec
779 1651 864 1678 nos
884 1645 1006 1678 totos
1024 1639 1150 1688 dare,
1175 1645 1217 1678 et
1240 1649 1358 1688 quae
1378 1638 1605 1678 Dominus
1628 1638 1731 1689 Opt.
1755 1638 1881 1679 Max.

263 1709 448 1761 operari
469 1710 687 1760 dignatus
703 1716 786 1760 est,
810 1710 857 1749 in
879 1710 997 1749 serie
1018 1710 1239 1761 temporis
1260 1710 1397 1749 vobis
1414 1710 1663 1760 explicare.

339 1780 391 1820 In
416 1775 581 1831 primis'
606 1780 879 1820 adolescens
907 1781 1114 1831 quidam,
1144 1780 1372 1820 Martinus
1400 1779 1633 1831 nomineff,
1661 1780 1882 1819 naturali-

260 1851 346 1890 bus
385 1851 500 1890 bene
541 1851 733 1901 dotatis,
770 1851 978 1891 honestis
1012 1851 1296 1902 parentibus.
1335 1851 1649 1891 conscientiae
1684 1851 1882 1890 stimulis

261 1921 481 1972 agitatus,
505 1922 625 1961 elam
648 1921 715 1961 Lo
726 1922 909 1961 vanium
937 1922 1225 1973 relinquens,
1256 1923 1360 1962 vela
1388 1922 1540 1962 ventis
1571 1922 1879 1971 committens,

259 1991 500 2031 Coloniam
529 1992 726 2043 appulit;
760 1993 837 2043 qui
865 1993 997 2032 brevi
1028 1999 1235 2043 tempore
1264 1993 1326 2032 ita
1359 1998 1428 2032 est
1453 1998 1678 2040 mutatus,
1708 1991 1882 2031 relictis

254 2062 396 2112 vitiis,
420 2068 470 2101 ut
491 2062 631 2102 etiam
651 2069 870 2113 parentes
892 2063 1158 2114 amicosque
1181 2074 1341 2103 omnes
1362 2063 1623 2114 relinquere
1644 2062 1879 2112 cogitave-

255 2133 329 2183 rit,
352 2132 526 2184 X.⁰que
548 2132 749 2172 Domino
777 2134 862 2172 soli
890 2133 1127 2184 famulari3
1158 2134 1231 2173 cui
1263 2140 1366 2184 post
1395 2134 1564 2173 multas
1591 2143 1754 2184 preces
1774 2144 1880 2172 con-

254 2203 379 2243 sensi
405 2210 454 2243 ut
476 2203 657 2243 faceret
686 2211 848 2243 votum
875 2204 1157 2244 studentium
1185 2203 1456 2254 Societatis,
1496 2203 1617 2255 quod
1649 2203 1708 2243 ad
1734 2203 1878 2243 Reve-

255 2273 449 2313 rendum
469 2273 655 2313 Patrem
683 2274 913 2324 Ignatium
941 2275 986 2314 in
1008 2275 1102 2314 suis
1122 2275 1288 2314 litteris
1309 2275 1520 2314 clausum
1540 2274 1685 2313 mitto.
1710 2274 1811 2324 Ipse
1832 2273 1879 2313 in

255 2344 419 2384 studiis
441 2350 485 2383 et
507 2344 703 2395 simplici
725 2345 986 2385 obedientia
1014 2346 1207 2385 multum
1235 2345 1438 2396 proficit,
1462 2345 1508 2383 in
1530 2344 1767 2395 tergendis
1788 2344 1875 2383 cal-

256 2415 350 2454 ceis
371 2420 496 2454 totus
524 2416 675 2465 agilis.
706 2415 930 2455 Parentes
961 2416 1083 2467 apud
1112 2427 1198 2455 nos
1226 2427 1336 2455 suas
1371 2421 1594 2455 curarunt
1629 2425 1874 2466 expensas,

255 2485 527 2535 ignorantes
548 2491 703 2525 tamen
720 2485 843 2537 quod
861 2497 909 2525 se
927 2485 1148 2526 Societati
1170 2486 1362 2535 dederit,
1382 2497 1497 2536 quos
1519 2497 1654 2535 spero
1670 2490 1878 2535 tempore

255 2566 467 2606 congruo
491 2561 734 2595 contentos
755 2556 929 2596 reddet.
954 2555 1179 2608 Nepotem
1201 2567 1335 2595 suum
1359 2555 1455 2606 J'am
1479 2555 1643 2594 litteris
1671 2554 1874 2604 vocavit;

255 2626 411 2676 plures
432 2637 614 2677 quoque
636 2626 753 2666 alios
773 2638 855 2677 per
877 2638 981 2666 eum
1002 2638 1137 2677 spero
1159 2625 1410 2666 habendos.

335 2696 417 2736 Est
438 2702 483 2735 et
505 2696 622 2736 alius
643 2696 936 2747 adolescens,
959 2697 1196 2737 Arnoldus
1215 2697 1401 2736 nomine
1423 2695 1450 2746 ⁵,
1484 2695 1688 2747 ejusdem
1712 2695 1877 2735 aetatis

256 2771 299 2805 et
315 2766 511 2817 patriae,
530 2767 796 2818 eisdemque
814 2767 993 2819 studiis,
1018 2768 1063 2806 in
1080 2767 1370 2807 naturalibus
1386 2766 1525 2806 etiam
1540 2766 1656 2805 bene
1673 2765 1876 2815 dotatus,

309 2898 319 2917 ¹
361 2897 446 2925 Tota
462 2900 687 2935 autographa,
703 2901 782 2927 solio
796 2901 904 2935 unico,
921 2909 951 2927 n.
966 2901 1027 2928 (120.

307 2944 322 2964 2
359 2944 523 2974 Martinus
539 2946 784 2975 Stevordianus
799 2947 976 2982 (Poimen,
995 2948 1183 2976 Chronz'con
1200 2949 1270 2975 Soc.
1285 2948 1370 2983 ses,
1386 2955 1407 2975 1.
1423 2955 1443 2981 1,
1459 2956 1490 2982 p.
1505 2948 1566 2981 416,
1582 2955 1612 2974 n.
1629 2948 1699 2979 1137),

307 2991 321 3012 ³
361 2992 532 3021 Arnoldus
547 2994 676 3021 Hezeus
691 2993 870 3028 (Pontem,
887 2996 906 3021 l.
924 3004 972 3028 c.,.
