1987 3260
927 192 1012 229 AN.
1043 192 1133 229 1548
1777 195 1841 233 1⁴21

218 286 369 326 adhuc
390 286 568 326 Romae
589 294 680 337 est,
704 288 811 328 vide
833 288 942 339 quid
964 287 1085 340 apud
1107 299 1211 328 eum
1227 289 1416 339 poteris,
1436 291 1604 330 cumin
1622 291 1725 341 hoc,
1746 296 1843 332 tum

218 356 419 397 maxime
441 363 489 396 ut
510 369 614 397 eum
643 358 701 398 ad
728 358 1070 399 confessionem
1097 358 1171 398 vel
1198 359 1351 409 potius
1379 360 1603 400 exercitia
1631 361 1840 401 inducas.

296 426 488 468 Librum
510 428 637 468 illum
659 429 1014 469 annotationum
1029 428 1181 480 Sylvii
1205 428 1230 479 ¹,
1255 441 1392 481 quem
1414 430 1496 471 tibi
1517 431 1754 471 Bononiae
1776 444 1843 472 re-

219 498 464 549 liqueram,
495 499 675 550 quoties
706 499 1023 540 desiderarem
1049 511 1142 540 non
1168 500 1305 541 facile
1332 501 1544 541 dixerim.
1578 500 1695 542 Sunt
1722 503 1844 542 enim

217 579 442 621 persaepe
463 570 730 620 quaerenda
753 570 877 622 apud
896 570 1057 611 varios
1078 571 1321 622 authores,
1345 583 1464 623 quae
1486 571 1532 611 in
1563 583 1668 612 eum
1694 571 1846 623 conje-

217 639 378 679 cimus.
402 640 601 693 Juvatur
621 642 940 693 unusquisque
960 641 1098 681 facile
1118 641 1213 681 suis
1234 641 1486 682 laboribus.
1512 642 1841 693 Quamobrem,

217 709 257 749 si
278 721 368 761 quo
389 710 527 750 modo
549 711 702 751 licebit
723 712 981 762 commode,
1005 722 1121 762 rogo
1143 717 1191 752 ut
1213 711 1272 751 ad
1293 723 1366 752 me
1388 712 1611 764 quidquid
1632 719 1702 753 est
1724 713 1846 754 illius

217 780 356 820 libelli
391 782 697 822 transmittas.
727 781 885 833 Neque
912 788 982 822 est
1009 782 1133 834 quod
1162 782 1220 822 ab
1249 782 1559 823 humanarum
1585 784 1847 824 litterarum

217 851 369 891 studio
391 852 467 892 illa
490 864 590 893 esse
614 853 764 893 aliena
786 859 936 904 putes,
960 865 1080 905 quae
1100 853 1163 893 ibi
1184 854 1496 894 continentur.
1515 853 1704 895 Nullum
1725 855 1847 895 enim

218 922 441 963 librorum
469 935 618 974 genus
652 930 721 964 est
748 936 842 964 non
869 924 1180 965 evolvendum
1208 925 1294 973 illi,
1327 925 1405 976 qui
1435 925 1675 965 Ciceronis
1703 937 1847 976 opera

216 994 411 1045 suscipit
446 994 819 1045 interpretanda,
850 1001 899 1035 ut
931 1007 1080 1046 neque
1108 996 1252 1035 ullum
1278 995 1364 1035 fuit
1395 996 1668 1048 disciplinae
1698 1007 1847 1047 genus

214 1064 339 1115 quod
360 1064 457 1116 ipse
479 1063 642 1105 Cicero
664 1066 907 1116 ignorarit.
933 1065 1066 1117 Quod
1087 1078 1193 1106 cum
1215 1067 1261 1106 in
1282 1067 1496 1107 omnibus
1519 1067 1617 1118 ejus
1634 1067 1846 1107 lucubra-

217 1134 418 1175 tionibus
439 1142 654 1186 apparet,
687 1142 785 1176 tum
806 1137 1009 1176 maxime
1030 1137 1077 1176 in
1098 1148 1151 1177 eo
1174 1148 1334 1188 opere,
1358 1137 1482 1189 quod
1502 1138 1601 1189 ipse
1623 1148 1848 1188 magnum

218 1206 495 1256 appellavit,
533 1206 907 1247 Tusculanarum
944 1206 1304 1260 Quaestionum,
1345 1208 1422 1248 ubi
1462 1214 1506 1248 et
1540 1208 1595 1248 de
1635 1208 1848 1260 corporis

216 1287 444 1327 compage
484 1282 528 1316 et
563 1276 618 1316 de
653 1277 796 1317 animi
835 1277 1102 1318 notionibus
1141 1284 1186 1318 et
1225 1278 1451 1319 similibus
1491 1279 1722 1319 habentur
1755 1290 1850 1319 non

219 1357 386 1397 pauca.
406 1346 505 1386 Has
527 1353 682 1387 autem
703 1353 752 1387 ut
773 1359 989 1387 enarrem
1009 1359 1101 1388 una
1123 1360 1228 1389 cum
1249 1348 1365 1390 Arte
1384 1350 1568 1401 poetica
1584 1349 1785 1400 Horatii,
1805 1355 1850 1389 et

218 1416 386 1457 librum
406 1417 591 1457 Erasmi
613 1417 668 1458 de
689 1418 942 1458 verborum
969 1425 1014 1459 et
1040 1431 1197 1459 rerum
1224 1420 1379 1471 copia,
1409 1420 1522 1460 mihi
1550 1420 1850 1461 commissum

218 1493 304 1527 est.
339 1486 423 1528 Cui
453 1489 583 1528 oneri
613 1494 663 1529 ut
692 1501 766 1529 me
799 1489 923 1529 nosti
951 1489 1196 1541 imparem,
1226 1490 1290 1530 ita
1326 1491 1691 1543 quibuscumque
1718 1497 1851 1542 potes

221 1558 370 1598 modis
388 1557 523 1610 juves
554 1571 745 1600 necesse
773 1566 857 1600 est.
886 1560 1076 1601 Interim
1102 1567 1260 1601 tamen
1286 1572 1566 1613 graecarum
1592 1563 1852 1603 litterarum

220 1629 425 1669 studium
446 1641 540 1670 non
559 1631 743 1682 penitus
765 1631 1004 1683 intermisi,
1024 1631 1108 1672 sed
1124 1631 1281 1684 jussus
1301 1644 1404 1673 sum
1421 1633 1527 1673 huic
1549 1634 1745 1685 singulis
1761 1633 1850 1674 die-

220 1699 306 1740 bus
327 1711 468 1741 unam
489 1702 654 1742 horam
675 1701 957 1754 impendere.
982 1703 1162 1744 Verum
1183 1704 1238 1744 de
1259 1704 1425 1744 studiis
1447 1710 1490 1744 et
1518 1705 1610 1756 hiS,
1637 1717 1755 1757 quae
1776 1705 1852 1746 hic

221 1778 462 1823 geruntur,
488 1773 604 1813 alias
625 1773 825 1814 fortasse
847 1775 1152 1815 commodius.

303 1842 540 1894 Quotquot
574 1844 649 1884 hic
678 1850 786 1884 sunt
812 1844 906 1885 R.<¹i
933 1844 1020 1886 ΡΡ.
1044 1852 1090 1886 et
1116 1845 1329 1897 Fratres,
1353 1847 1400 1886 hi
1423 1858 1583 1887 omnes
1604 1853 1648 1888 te
1670 1848 1853 1888 salvere

220 1914 428 1965 cupiunt.
446 1914 531 1965 Tu,
552 1915 592 1955 si
607 1916 776 1966 placet,
795 1922 959 1956 nostra
977 1917 1182 1957 omnium
1200 1929 1344 1957 causa
1362 1929 1442 1958 eos
1459 1918 1537 1969 qui
1551 1918 1728 1959 Romae
1746 1925 1853 1960 sunt

222 1984 440 2025 salutato.
461 1984 596 2026 Vale.

299 2055 561 2105 Messanae,
587 2057 747 2109 quinto
771 2057 875 2098 idus
896 2056 1118 2098 Decemb.
1149 2057 1263 2098 1548.

302 2126 429 2167 Tuus
450 2127 497 2167 in
518 2127 657 2168 Chro.
680 2128 756 2169 Fr.
781 2129 1014 2169 minimus.

1065 2270 1282 2311 ANNIBAL
1313 2284 1339 2311 A
1373 2271 1638 2314 COUDRETo.

304 2481 672 2534 Superscriptio.
711 2484 797 2524 ihs.
834 2483 1123 2525 Charissimo
1151 2484 1197 2524 in
1225 2483 1364 2525 Chro.
1395 2483 1530 2524 fratri
1556 2483 1797 2524 Ludovico
1828 2497 1855 2524 a

226 2552 477 2594 Coudreto.

306 2624 369 2664 Et
388 2624 621 2664 Ludove'ci
632 2637 795 2665 manu:
809 2626 985 2678 Accepi
1003 2632 1047 2667 et
1062 2625 1180 2667 rndi.
1203 2626 1452 2678 (respondi)
1470 2639 1566 2666 xxv
1580 2626 1854 2666 Decembre.

282 2809 293 2830 ¹
333 2810 431 2837 Anno
454 2809 519 2836 1531
535 2810 710 2844 prodierat
726 2809 867 2837 Parisiis
882 2832 887 2841 .
903 2817 944 2837 ex
959 2809 1093 2838 officina
1108 2809 1250 2837 Roberti
1273 2809 1452 2844 Stephani,
1468 2809 1605 2843 “JAcom
1619 2809 1738 2837 SYLvn
1750 2809 1785 2836 in
1797 2808 1857 2836 lin-

228 2863 330 2890 guam
344 2856 504 2891 gallicam
520 2856 680 2891 Isagoge,
704 2864 770 2884 una
794 2865 868 2885 cum
890 2858 1039 2892 ejusdem
1065 2857 1300 2885 Grammatica
1323 2857 1587 2891 latino-gallica,
1613 2865 1655 2884 ex
1679 2856 1856 2890 Hebraeis,

228 2903 370 2931 Graecis
385 2907 418 2930 et
434 2903 567 2931 Latinis
579 2904 978 2938 authoribus„.—E1·atne
994 2904 1057 2931 hoc
1072 2911 1154 2938 opus
1170 2904 1256 2938 quod
1268 2908 1495 2931 annotaverat
1507 2908 1622 2931 noster
1634 2903 1796 2930 Annibal?
1809 2903 1856 2930 At

227 2951 256 2978 si
271 2951 320 2977 ita
335 2954 402 2982 est,
417 2958 479 2977 non
493 2950 555 2978 suit
570 2958 627 2978 cur
643 2955 822 2978 vereretur
838 2959 877 2978 ne
890 2959 910 2979 a
921 2951 1095 2979 Ludovico
1111 2951 1218 2979 fratre
1231 2951 1379 2979 alienum
1390 2951 1433 2978 ab
1447 2951 1670 2978 humanarum
1681 2949 1791 2977 studio
1803 2949 1858 2977 lit-

229 3003 382 3025 terarum
397 2998 580 3026 haberetur
