1987 3260
246 144 322 181 058
758 142 984 180 LITTERAE
1011 154 1365 186 QUADRiMESTRES

253 250 439 289 usuros,
471 242 521 277 ut
546 238 710 289 paucis
743 238 877 277 annis
907 238 966 277 ad
993 250 1097 278 eum
1123 239 1396 280 eruditionis
1421 246 1626 291 portum,
1655 253 1744 293 quo
1771 254 1871 293 per-

248 314 384 360 gunt,
414 320 464 349 se
490 307 756 348 evehendos
782 319 875 347 non
909 308 1129 348 dubitent.
1159 308 1264 361 Jam
1291 319 1452 348 omnes
1478 309 1526 349 in
1551 312 1871 360 grammaticis

249 380 441 420 fideliter
460 379 646 430 graecis
665 378 913 428 latinisque
941 377 1243 418 fundamenta
1269 385 1538 429 posuerunt.
1569 379 1750 421 Primas
1778 382 1870 433 An:

247 451 384 490 dreas
407 448 417 468 ¹
439 454 582 499 tenet;
605 448 836 488 secundas
856 447 1151 500 Dominicus3
1175 449 1394 500 aequales
1413 449 1510 490 fere
1531 451 1718 491 caeteri.

327 520 414 570 Qui
444 524 598 559 autem
630 519 691 558 ad
723 530 808 558 nos
841 519 1067 559 hactenus
1101 525 1400 559 accesserunt
1434 521 1667 573 extranei,
1701 523 1870 564 mirum

243 596 421 642 quanta
442 589 701 630 studiorum
723 589 967 629 commoda
987 589 1284 641 reportarint,
1307 595 1685 642 quantopereque
1704 591 1751 632 in
1772 593 1870 633 dies

246 661 577 701 accendantur.
610 659 756 711 Ajunt
791 660 923 710 (citra
949 659 1226 711 jactantiam
1252 660 1464 712 dixerim)
1492 662 1540 701 in
1566 662 1668 702 aliis
1698 663 1869 704 scholis

245 731 464 781 triennio,
497 729 607 782 quid
634 731 909 771 triennium?
936 731 1076 771 immo
1104 731 1408 783 quadriennio
1443 737 1598 772 tantos
1633 732 1813 773 fructus
1841 745 1868 774 a

243 803 366 842 nullo
404 802 561 852 colligi
596 809 795 853 quantos
830 803 877 842 in
912 798 1075 843 nostra
1101 802 1177 842 vel
1202 803 1360 842 unico:
1390 803 1471 843 sed
1498 803 1622 843 haud
1655 803 1790 844 dubie
1823 804 1869 844 id

243 883 406 923 parum
421 878 557 922 esset,
577 873 664 912 nisi
685 872 834 924 pietas
846 873 893 912 in
910 884 1070 913 eorum
1085 873 1330 923 mentibus,
1349 873 1555 913 omnium
1571 873 1690 924 dico,
1714 885 1868 913 accre-

242 949 413 993 sceret,
438 954 556 993 quae
578 942 693 982 adeo
715 943 762 982 in
783 943 848 983 eis
872 943 1003 983 ardet
1023 948 1072 982 ut
1093 944 1167 983 vel
1183 942 1459 994 judaeorum
1479 943 1596 983 filios
1617 942 1865 995 adducant,

242 1025 411 1065 eosque
434 1014 493 1054 ad
514 1014 689 1054 Christi
715 1013 879 1065 jugum
905 1014 1193 1054 subeundum
1220 1013 1544 1065 cohortentu1·;
1573 1014 1689 1054 adeo
1719 1015 1868 1055 sacris

242 1085 557 1135 concionibus,
582 1084 871 1133 lectionibUS,
896 1084 1137 1124 sacrificiis
1158 1084 1347 1136 assidui,
1372 1091 1421 1125 ut
1441 1084 1572 1125 nefas
1593 1084 1753 1125 deesse
1774 1085 1865 1125 exi-

241 1155 445 1205 stiment;
470 1160 518 1194 ut
539 1155 805 1194 summatim
826 1155 1042 1195 dixerim:
1066 1155 1216 1194 renati
1236 1155 1373 1194 unico
1404 1167 1527 1195 anno
1555 1160 1599 1195 et
1626 1155 1703 1195 alii
1728 1155 1865 1207 plane

239 1225 390 1265 effecti
423 1231 684 1265 censentur.
726 1224 868 1276 Cujus
908 1225 1039 1265 fidele
1072 1232 1288 1277 possunt,
1325 1226 1403 1277 qui
1435 1238 1463 1265 a
1497 1225 1865 1266 confessionibus

239 1301 366 1346 sunt,
397 1295 622 1346 praebere
649 1296 980 1335 testimonium.
1010 1296 1112 1335 Hoc
1140 1307 1281 1335 unum
1308 1308 1487 1347 vereor,
1519 1308 1576 1336 ne
1605 1295 1761 1336 odium
1787 1307 1864 1347 pa-

241 1372 423 1406 rentum
444 1366 489 1405 in
513 1377 601 1405 nos
623 1366 925 1417 concitemus,
951 1366 1073 1417 quod
1093 1366 1299 1417 plerique
1320 1366 1380 1406 ad
1400 1366 1623 1406 coenobia
1645 1377 1694 1405 se
1715 1366 1865 1406 confe-

238 1443 367 1485 runt,
393 1437 515 1487 iique
538 1436 786 1476 admodum
808 1437 976 1476 tenelli.
1000 1437 1169 1476 Mirum
1191 1437 1312 1476 enim
1332 1448 1472 1488 quam
1492 1437 1671 1487 puellos
1692 1437 1767 1476 hic
1797 1449 1865 1478 re-

236 1507 426 1557 cipiant,
449 1518 615 1558 nempe
637 1507 820 1557 decem,
846 1507 1060 1546 undecim
1081 1513 1125 1546 et
1145 1506 1388 1547 duodecim
1408 1518 1650 1547 annorum.

318 1577 648 1617 Convenerunt
683 1588 767 1616 nos
804 1578 933 1616 multi
962 1577 1225 1617 institutum
1250 1583 1459 1617 nostrum
1490 1579 1862 1629 comprobantes,

236 1648 367 1699 sequi
390 1647 643 1698 cupientes,
667 1647 749 1687 sed
771 1648 879 1698 quia
902 1648 1105 1687 tantillos
1127 1660 1218 1687 non
1241 1647 1540 1697 admittimus,
1564 1648 1678 1687 nihil
1698 1648 1787 1687 nisi
1807 1649 1866 1688 ad

236 1718 639 1769 perseverantiam
661 1719 976 1758 cohortamur.
995 1718 1177 1758 Interea
1196 1718 1417 1768 nonnulli,
1436 1718 1594 1758 nescio
1617 1730 1706 1769 quo
1727 1719 1865 1769 genio

237 1789 382 1838 ducti,
408 1789 547 1828 aliam
570 1789 843 1839 religionem
866 1788 1055 1838 eligunt.
1079 1788 1202 1827 Sane
1232 1800 1320 1838 quo
1351 1794 1490 1839 pacto
1521 1789 1567 1828 in
1595 1789 1661 1828 eis
1688 1789 1866 1829 alendis

236 1860 283 1898 in
302 1858 563 1909 hujusmodi
586 1859 750 1910 spiritu
771 1866 815 1898 et
839 1859 1075 1910 proposito
1107 1865 1270 1898 sancto
1302 1870 1386 1898 nos
1413 1870 1654 1909 geramus,
1685 1870 1780 1899 non
1807 1859 1864 1899 ab

237 1942 285 1969 re
306 1942 332 1968 a
353 1929 403 1969 P.
427 1930 478 1969 T.
503 1930 816 1981 perscribetur
836 1929 864 1969 ‘·'.
893 1929 1025 1969 Nunc
1048 1929 1137 1969 duo
1158 1929 1327 1968 fratres
1348 1930 1599 1980 postulant,
1619 1930 1736 1969 alter
1756 1929 1864 1970 duo-

235 2000 404 2051 decim,
440 2001 554 2040 alter
591 2000 752 2039 decem
788 1998 1073 2051 [annorum],
1111 1999 1189 2038 filii
1218 1998 1461 2049 cujusdam
1490 2000 1564 2039 vel
1593 2000 1864 2040 amicissimi

234 2071 645 2121 pharmacopolae,
678 2071 723 2109 in
751 2071 918 2121 quibus
948 2070 1152 2109 maxima
1182 2070 1344 2119 paucis
1374 2076 1480 2109 ante
1509 2069 1669 2110 diebus
1700 2070 1863 2111 effecta

234 2147 302 2180 est
324 2153 505 2181 morum
524 2142 735 2181 mutatio.
769 2141 889 2191 Quid
920 2140 975 2180 de
1005 2141 1071 2180 eis
1098 2141 1402 2180 decernemus
1428 2141 1633 2180 nondum
1663 2147 1859 2182 constat.

314 2212 577 2263 Argentini,
601 2223 798 2263 quorum
821 2218 1024 2251 mentem
1045 2212 1093 2251 P.
1119 2211 1171 2251 T.
1195 2211 1462 2261 aperuimus
1483 2211 1695 2262 erigendi
1717 2211 1860 2252 Colle-

232 2282 311 2331 gii,
330 2294 416 2321 nos
437 2293 732 2332 summopere
755 2282 953 2332 diligunt
977 2294 1031 2320 ac
1053 2282 1223 2332 colunt,
1244 2282 1369 2320 nulla
1390 2282 1652 2321 cessatione
1674 2288 1860 2322 conten-

233 2351 394 2391 dentes
434 2359 481 2391 ut
521 2353 708 2392 tandem
748 2364 834 2391 sua
869 2363 961 2391 non
996 2351 1269 2391 fraudentur
1307 2352 1677 2403 exspectatione,
1722 2358 1860 2404 utque

234 2433 397 2462 eorum
419 2422 541 2473 apud
561 2429 604 2462 te
624 2422 871 2462 refricetur
896 2422 1187 2473 saepiuscule
1216 2423 1461 2471 memoria,
1496 2423 1619 2473 quod
1645 2435 1768 2463 nunc
1796 2424 1858 2463 fa-

233 2504 338 2531 cere
373 2505 466 2532 non
500 2493 752 2543 gravabor,
789 2504 845 2532 ne
876 2498 971 2531 tam
997 2499 1188 2531 sanctae
1214 2492 1425 2543 petitioni
1452 2493 1662 2533 invidere
1697 2493 1859 2533 videar

231 2574 350 2602 neve
371 2569 565 2613 rogatus
585 2563 642 2602 ab
670 2563 736 2602 eis
756 2563 963 2602 noluisse
984 2562 1222 2613 suppetias
1242 2562 1363 2602 ferre
1378 2561 1574 2613 judicer.
1598 2563 1729 2603 Haec
1751 2570 1859 2605 sunt

233 2632 497 2681 commoda,
527 2633 665 2672 Pater
692 2632 1002 2683 observande,
1038 2643 1156 2683 quae
1185 2632 1337 2672 foetus
1364 2633 1429 2672 tui
1455 2633 1723 2684 spirituales
1751 2634 1858 2674 affe-

233 2708 338 2742 runt
359 2703 640 2753 civitatibus,
664 2714 781 2754 quae
804 2702 971 2752 dignas
993 2714 1093 2742 sese
1115 2702 1203 2742 illis
1225 2702 1458 2753 exhibent;
1483 2703 1560 2742 illa
1581 2709 1688 2744 sunt
1710 2705 1854 2755 lucra,

293 2882 301 2900 ¹
342 2883 508 2916 Andreas,
524 2885 637 2917 patria
652 2884 881 2911 Bononiensis.

285 2929 299 2946 2
337 2929 522 2963 Rescripsit
539 2931 711 2963 Polancus,
727 2938 769 2957 cx
782 2932 1041 2963 commissione„
1057 2931 1184 2965 Aprilis
1200 2932 1231 2959 17
1246 2936 1279 2958 et
1297 2931 1385 2964 Junii
1409 2932 1447 2958 18.
