1987 3260
853 206 934 243 AN.
968 207 1052 243 1551
1695 208 1765 244 343

908 384 1005 450 iffis

221 516 265 558 S.
289 516 337 556 P.
365 516 373 535 ¹
398 517 443 556 in
465 516 687 556 Domino:
710 517 818 567 quia
840 515 1255 556 animadvertimus
1274 516 1322 556 in
1349 516 1545 567 epistola
1566 521 1666 566 tua,
1690 527 1766 555 ve-

140 588 346 628 nerande
367 588 693 638 bachalauree,
713 594 756 627 te
777 599 912 627 usum
931 587 1053 627 bona
1074 593 1118 627 et
1134 587 1356 637 religiosa
1373 585 1613 637 modestia,
1634 586 1696 626 ita
1718 593 1767 626 ut

142 659 273 698 decet
293 658 527 698 Dominici
548 657 577 708 ³,
607 659 746 698 immo
773 657 847 698 X.¹'
875 657 1173 709 discipulum,
1204 657 1472 709 putavimus
1498 656 1579 696 tibi
1604 658 1767 708 paucis

142 729 371 780 quaedam
389 729 639 780 aperienda
656 740 758 768 esse
775 728 830 769 de
847 727 1094 778 Societate,
1108 739 1227 779 quae
1244 728 1411 768 dicitur
1428 728 1630 767 nominis
1639 728 1764 780 Jesu.

142 799 180 839 N
185 811 244 839 on
265 799 344 839 diu
366 805 434 839 est
456 811 561 839 cum
582 811 721 851 super
742 799 829 839 hac
851 798 1080 839 Societate
1101 799 1301 839 consulti
1321 810 1495 849 sumus,
1519 804 1564 838 et
1584 797 1673 838 hac
1695 810 1768 838 oc-

140 870 349 919 casione,
374 870 613 921 diligentia
633 881 806 920 magna
827 868 1054 920 adhibita,
1078 869 1365 920 inspeximus
1392 874 1436 909 et
1464 869 1769 920 expendimus

142 941 371 990 originem
392 940 509 992 ejus,
534 951 850 992 progressum,
874 947 918 980 et
939 939 1325 991 approbationem
1347 950 1430 990 per
1449 938 1617 980 Sedem
1645 939 1768 990 Apo-

140 1011 368 1061 stolicam,
388 1010 586 1062 denique
603 1011 849 1063 privilegia
866 1011 1006 1050 etiam
1021 1021 1104 1061 per
1120 1010 1333 1050 eamdem
1344 1009 1512 1050 Sedem
1527 1021 1768 1051 concessa:

143 1082 425 1133 perlegimus
446 1088 689 1133 praeterea
710 1093 873 1122 eorum
894 1082 1138 1132 exercitia,
1171 1087 1216 1122 et
1244 1087 1390 1122 totam
1419 1081 1650 1122 rationem
1677 1081 1768 1121 exi-

140 1151 321 1201 gendae
342 1153 489 1203 vitae;
513 1158 669 1204 atque,
704 1152 916 1192 omnibus
946 1152 1183 1204 expensis,
1212 1151 1524 1203 judicavimus
1551 1153 1650 1192 sine
1675 1152 1768 1192 ullo

143 1224 282 1263 dubio
303 1224 565 1263 institutum
590 1223 679 1262 hoc
700 1235 812 1263 vere
833 1229 1048 1263 sanctum
1076 1234 1178 1263 esse
1206 1228 1250 1263 et
1276 1223 1401 1263 omni
1420 1222 1584 1263 favore
1613 1234 1768 1274 prose-

139 1294 389 1344 quendum,
413 1300 457 1333 et
480 1294 528 1334 in
549 1305 639 1345 quo
660 1294 875 1334 viventes
893 1294 1076 1345 possint
1096 1300 1141 1334 et
1161 1294 1341 1345 seipsos
1362 1294 1520 1334 salvos
1539 1294 1695 1334 facere
1725 1300 1770 1334 et

141 1376 221 1405 eos
238 1365 315 1416 qui
333 1365 458 1416 ipsos
476 1364 682 1405 audiunt.
701 1363 829 1405 Sicut
840 1364 937 1416 jam
953 1376 1076 1405 nunc
1091 1365 1278 1416 plurimi
1293 1376 1376 1416 per
1393 1376 1487 1415 eos,
1502 1365 1770 1416 Deigratia,

141 1435 261 1475 salvi
282 1435 395 1475 facti
429 1441 535 1475 sunt
565 1441 610 1475 et
639 1435 754 1475 fiunt
787 1435 1007 1487 quotidie.
1040 1436 1169 1476 Haec
1195 1442 1240 1476 te
1268 1437 1488 1487 ignorare
1517 1447 1612 1475 non
1639 1435 1774 1476 mira-

140 1518 259 1558 mur,
284 1507 393 1559 quia
414 1506 625 1547 Societas
646 1507 763 1547 haec
783 1506 991 1547 nondum
1021 1507 1143 1558 apud
1169 1519 1331 1547 omnes
1356 1507 1569 1547 innotuit.
1602 1507 1772 1558 Quare,

142 1578 333 1629 cognita
363 1578 459 1630 jam
494 1590 576 1630 per
603 1589 689 1618 nos
722 1578 942 1629 veritate,
974 1584 1105 1618 tuum
1132 1578 1333 1618 officium
1362 1578 1449 1618 erit
1475 1583 1694 1630 parentes
1720 1589 1776 1617 ac

143 1656 371 1701 cognatos
405 1649 597 1701 Rugerii
631 1661 771 1701 super
805 1649 967 1690 eadem
1000 1650 1199 1689 veritate
1236 1650 1468 1690 instruere
1503 1655 1575 1698 ut,
1613 1649 1775 1689 relicto

142 1727 266 1761 metu
287 1726 331 1760 et
353 1721 600 1772 moestitia,
624 1721 778 1772 potius
794 1720 1045 1772 gaudeant,
1070 1726 1115 1761 et
1134 1721 1314 1772 gratias
1336 1726 1482 1772 agant

140 1792 217 1842 qui
649 1791 866 1831 affectum
894 1792 965 1831 ins
1287 1790 1315 1832 ⁵.
1354 1791 1452 1832 Nec
1474 1791 1707 1841 dubitent,
1737 1790 1777 1830 si

141 1869 411 1903 constanter
443 1862 563 1903 filius
596 1862 996 1914 perseveraverit,
1028 1863 1139 1914 quin
1166 1868 1211 1903 et
1238 1862 1286 1902 in
1316 1862 1405 1902 hac
1437 1862 1533 1902 vita
1563 1861 1684 1913 Xpo.
1716 1861 1776 1901 sit

140 1933 277 1974 valde
299 1934 576 1986 placiturus,
601 1939 646 1973 et
665 1939 770 1984 post
791 1933 913 1973 hanc
934 1934 1081 1973 vitam
1102 1939 1425 1985 reportaturus
1447 1933 1585 1973 finem
1605 1943 1772 1984 propo-

141 2006 217 2045 siti
236 2005 323 2054 sui,
347 2006 545 2045 salutem
566 2005 749 2044 animae
770 2015 897 2044 suae.

220 2075 355 2126 Vale,
386 2081 430 2115 et
460 2086 597 2115 sacra
631 2074 895 2125 theologica
924 2074 1078 2114 studia
1100 2085 1283 2126 semper
1310 2075 1463 2115 colere
1484 2082 1529 2115 et
1550 2086 1771 2115 exercere

142 2147 291 2186 stude.

221 2217 434 2268 Lovanii,
463 2217 506 2256 ll
531 2217 640 2257 maii
665 2216 761 2256 1551
785 2227 923 2255 anno.

223 2287 610 2339 Subscripsei·unt
627 2288 685 2328 D.
706 2299 761 2328 ac
778 2287 838 2327 M.
858 2288 912 2328 N.
932 2286 1120 2327 Hasselt
1137 2293 1181 2327 et
1198 2287 1429 2327 Dominus
1442 2286 1648 2328 decanus
1660 2287 1776 2328 Can-

146 2359 375 2400 cellarius.

199 2478 372 2506 Hactenus
387 2478 553 2512 Magister
568 2478 750 2506 Adrianus.

199 2526 291 2559 Quod
307 2526 355 2553 ait
371 2526 517 2553 facultas
532 2525 726 2560 theologica
742 2534 775 2553 se
792 2527 982 2553 consultam
996 2533 1080 2559 esse,
1097 2533 1219 2553 verum
1235 2529 1286 2553 est
1302 2525 1436 2553 omnino
1449 2534 1455 2559 ;
1470 2533 1548 2553 nam
1563 2533 1660 2553 soror
1672 2525 1779 2559 Impe-

145 2574 282 2608 ratoris,
298 2581 383 2608 quae
398 2574 487 2601 illius
513 2574 661 2607 regionis
684 2573 1016 2601 administrationem
1041 2573 1156 2607 habet,
1184 2580 1260 2600 eam
1282 2573 1320 2600 de
1336 2577 1454 2600 nostra
1471 2573 1643 2601 Societate
1660 2580 1776 2600 consu-

146 2622 218 2653 luit,
235 2626 268 2648 et
283 2626 361 2648 tunc
376 2622 478 2648 valde
495 2620 715 2648 honorificum
735 2621 775 2648 de
801 2628 840 2648 ea
864 2620 1096 2648 testimonium
1119 2620 1275 2649 reddidit.
1303 2620 1396 2653 Quod
1412 2628 1494 2647 vero
1519 2620 1686 2654 Reginam
1707 2619 1776 2647 Ma-

146 2669 248 2702 riam,
264 2668 433 2696 inferioris
448 2668 652 2695 Germaniae
677 2668 963 2701 gubernatricem,
989 2668 1095 2695 movit
1119 2668 1162 2695 ad
1187 2668 1440 2701 consulendum,
1456 2667 1601 2695 facultas
1623 2667 1774 2701 erigendi

147 2716 326 2750 collegium
340 2715 495 2749 Lovanii,
512 2715 622 2750 petita
635 2723 656 2742 a
671 2715 880 2749 quibusdam,
897 2714 959 2742 fuit
982 2714 1006 2741 4,

207 2871 214 2889 ¹
257 2869 409 2897 Salutem
424 2871 614 2904 plurimam.

201 2918 215 2936 2
253 2917 339 2944 Hinc
355 2918 514 2951 conjicies
529 2918 615 2944 hunc
634 2918 897 2945 baccalaureum
912 2917 1045 2945 Ordinis
1061 2917 1341 2944 Praedicatorum
1357 2918 1528 2944 alumnum
1543 2917 1655 2944 fuisse.

202 2964 215 2981 ⁷»
254 2965 388 2992 Attrita
403 2965 544 2992 chartae
561 2972 634 2998 ora,
648 2964 767 2991 desunt
783 2965 850 2991 tria
865 2968 923 2992 aut
939 2964 981 2992 ad
996 2972 1161 2992 summum
1177 2968 1324 2998 quatuor
1340 2965 1518 2992 vocabula.

203 3012 216 3030 '¹
254 3011 346 3038 Haec
363 3011 539 3039 Polaticus.
