1987 3260
883 163 963 200 AN.
996 163 1086 200 1552
1726 164 1797 201 519

171 261 434 301 uberrimae
455 260 675 300 messium
697 260 755 300 ad
775 271 860 300 nos
887 260 1069 300 litterae
1098 260 1303 311 ipsarum
1335 257 1791 312 [congregationum]

171 338 319 372 matre
336 332 525 382 dignae,
551 330 752 383 undique
769 330 1075 382 perferantur.

249 408 310 449 Ut
337 408 458 448 enim
495 420 521 447 a
556 408 850 448 confessione
885 419 939 447 ac
975 406 1193 447 dominici
1227 407 1438 459 corporis
1472 407 1794 447 communione

169 479 411 531 incipiam,
450 479 575 529 ipsas
608 478 1001 530 frequentantium
1037 478 1082 518 in
1118 477 1405 518 hebdomade
1438 489 1660 517 numerus
1694 479 1797 529 plus

169 551 322 590 minus
348 557 417 589 est
447 550 799 600 quindenarius,
832 555 880 589 ut
910 550 1178 600 plurimum;
1211 549 1500 589 vicenarium
1529 555 1684 588 autem
1715 549 1796 588 vix

167 621 351 660 excedit
384 632 602 672 unquam.
641 620 775 661 Solus
809 621 1073 671 elapsorum
1108 626 1308 671 quatuor
1344 619 1572 659 mensium
1608 619 1796 659 Domini

168 691 347 731 Natalis
368 691 467 731 dies
488 697 708 731 externos
730 691 921 741 triginta
944 691 1129 730 circiter
1151 690 1273 742 apud
1300 701 1386 730 nos
1414 689 1687 730 confitentes
1717 690 1794 730 ha-

166 763 278 812 buit,
303 774 501 814 quorum
524 762 691 802 ibidem
708 762 890 813 partim,
916 761 1085 813 partim
1104 768 1259 801 autem
1277 762 1483 812 ipsorum
1500 761 1547 800 in
1563 761 1795 812 paroeciis

169 841 247 873 aut
269 833 377 873 alibi
398 832 626 872 Dominus
647 844 783 872 sacra
806 844 965 872 mensa
987 844 1071 872 sua
1094 832 1470 872 communicavit.
1495 831 1673 871 Horum
1696 838 1794 871 tan-

169 910 264 943 tam
293 904 575 955 paucitatem
601 902 703 954 jure
735 903 1089 952 condolescens,
1114 914 1262 954 nuper
1291 903 1338 942 in
1368 903 1463 942 suis
1494 903 1795 942 concionibus

167 980 415 1014 attestatus
437 981 506 1014 est
527 974 779 1014 vehemens
802 986 857 1013 ac
879 974 981 1025 pius
1005 974 1255 1013 admodum
1276 973 1579 1013 concionator
1606 973 1795 1024 quidam

167 1045 344 1085 ordinis
373 1045 763 1096 Capuccinorum,
798 1045 991 1096 quibus,
1029 1051 1164 1084 extra
1199 1044 1319 1084 hanc
1357 1044 1532 1094 urbem,
1564 1044 1700 1084 tertio
1737 1044 1794 1083 ab

165 1116 332 1167 lapide,
357 1116 561 1155 maximo
584 1116 790 1167 ipsorum
811 1115 1105 1155 incommodo
1127 1115 1235 1154 olim
1257 1115 1671 1164 commorantibus,
1703 1114 1792 1154 Do-

164 1188 318 1227 minus
340 1187 434 1238 (qui
455 1198 685 1237 nusquam
706 1186 802 1225 suis
824 1187 952 1226 deest
974 1186 1199 1236 fidelibus)
1222 1186 1343 1226 intra
1364 1186 1526 1226 urbem
1542 1197 1688 1237 prope
1709 1197 1795 1225 nos

164 1258 387 1309 templum
407 1257 580 1297 Beatae
602 1256 886 1296 Catharinae
908 1268 1095 1296 sacrum
1118 1268 1224 1296 cum
1244 1257 1532 1296 habitatione
1563 1256 1675 1308 (quo
1699 1256 1794 1308 jam

164 1328 568 1379 commigrarunt),
591 1339 675 1378 pro
696 1327 772 1378 pio
796 1328 1002 1378 ipsorum
1024 1334 1134 1367 voto
1156 1328 1271 1367 satis
1293 1327 1558 1377 commoda,
1583 1327 1791 1367 donavit.

246 1399 541 1439 Meretricem
572 1410 712 1438 unam
735 1404 778 1438 et
799 1398 951 1438 forma
981 1404 1025 1437 et
1055 1405 1207 1438 aetate
1238 1398 1580 1449 illecebrosam,
1611 1410 1791 1449 nempe,

165 1482 314 1510 annos
336 1469 497 1510 decem
518 1476 562 1510 et
585 1476 689 1509 octo
710 1476 890 1517 natam,
917 1468 965 1508 P.
991 1469 1207 1509 Andreas
1229 1470 1471 1520 convenit,
1497 1468 1593 1520 ejus
1615 1470 1791 1509 confes-

164 1541 343 1581 sionem
365 1541 562 1591 audivit,
587 1552 642 1581 ac
664 1540 870 1591 demum,
896 1540 1152 1591 opitulante
1182 1540 1399 1591 Domino,
1424 1552 1451 1579 a
1473 1541 1667 1591 pristino
1694 1540 1792 1591 ejus

167 1612 358 1652 vivendi
378 1613 515 1652 modo
532 1612 928 1664 perniciosissimo
946 1612 1202 1661 revocavit,
1224 1611 1340 1651 adeo
1358 1619 1405 1651 ut
1426 1613 1652 1651 bonorum
1673 1612 1790 1651 viro-

165 1694 269 1723 rum
291 1694 433 1734 opera
455 1695 509 1722 ac
532 1682 683 1722 studio
706 1694 732 1722 a
755 1682 1059 1722 Venetiarum
1077 1681 1329 1722 Conversis
1351 1682 1495 1733 (quod
1516 1683 1637 1733 apud
1659 1682 1790 1722 Pata—

166 1754 302 1793 vinas
322 1765 414 1793 non
436 1760 533 1793 erat
555 1754 706 1803 locus)
735 1753 960 1803 admissa,
986 1753 1302 1793 annitentibus
1332 1752 1609 1804 quibusdam
1639 1766 1665 1793 a
1692 1765 1790 1793 sen-

165 1824 309 1865 tentia
332 1824 481 1875 ipsam
511 1824 772 1874 retrahere,
805 1825 1020 1864 exultans
1048 1831 1184 1875 atque
1217 1824 1530 1875 triumphans,
1565 1836 1612 1863 se
1643 1825 1792 1864 solum

160 1896 319 1948 Jesum
341 1894 577 1935 Christum
599 1896 719 1935 scire
742 1902 987 1935 assereret.
1018 1894 1150 1934 Duae
1178 1901 1421 1946 praeterea
1452 1894 1656 1945 ejusdem
1686 1895 1790 1934 fari-

164 1978 272 2015 nae,
312 1977 397 2005 nec
432 1972 584 2005 aetate
620 1966 812 2005 multum
847 1965 1079 2016 dispares,
1121 1965 1208 2004 Dei
1247 1965 1586 2015 misericordia,
1629 1965 1792 2005 eadem

163 2048 279 2088 pene
301 2036 482 2076 ratione
512 2036 610 2076 vita
638 2037 684 2076 in
710 2036 874 2075 melius
902 2042 1207 2085 commutata,
1233 2034 1409 2075 aditum
1440 2036 1498 2076 ad
1527 2036 1793 2076 Conversas

163 2107 531 2158 praestolantur:
555 2118 674 2158 quae
696 2112 866 2156 tamen,
899 2106 1022 2157 quod
1044 2106 1168 2157 apud
1190 2117 1299 2145 suos
1322 2114 1364 2146 et
1394 2107 1539 2146 bonos
1568 2119 1622 2147 ac
1652 2108 1790 2146 hone-

163 2184 261 2217 stos
282 2183 501 2229 parentes
522 2185 678 2217 certae
701 2189 756 2217 ac
778 2176 1080 2217 confirmatae
1102 2177 1278 2216 interea
1299 2178 1389 2217 loci
1410 2177 1608 2228 degunt,
1638 2178 1792 2218 minus

164 2248 220 2288 de
261 2249 327 2288 eis
362 2249 638 2288 sollicitatur
672 2248 822 2288 dictus
857 2247 1008 2287 Pater.
1047 2247 1136 2287 Sed
1175 2247 1230 2287 de
1270 2255 1436 2299 quarta
1471 2249 1791 2289 vehementius

165 2331 288 2359 nunc
319 2319 549 2369 elaborat,
582 2317 749 2369 majori
775 2325 819 2358 et
847 2330 929 2357 suo
958 2325 1001 2358 et
1028 2318 1226 2358 aliorum
1256 2318 1462 2369 periculo
1497 2331 1552 2359 ac
1587 2304 1792 2370 pernicie

171 2390 440 2430 constituta.
465 2389 583 2430 Nam
604 2401 752 2441 neque
774 2401 864 2441 quo
887 2395 984 2429 tuto
1006 2401 1055 2429 se
1078 2389 1292 2440 recipiat,
1323 2401 1471 2440 neque
1502 2390 1622 2430 unde
1654 2391 1792 2430 hone-

170 2467 241 2501 ste
269 2461 357 2501 sibi
383 2461 560 2501 victum
594 2467 852 2512 comparet,
890 2460 1041 2500 habet.
1080 2460 1209 2499 Haec
1244 2460 1472 2511 superiori
1501 2461 1793 2501 hebdomada

164 2531 287 2582 apud
308 2543 394 2571 nos
416 2543 497 2583 per
519 2538 731 2571 sanctam
754 2531 1095 2571 confessionem
1122 2530 1222 2570 Deo
1250 2532 1554 2571 reconciliata
1583 2539 1627 2571 et
1655 2544 1793 2572 sacra

162 2603 331 2653 synaxi
367 2603 665 2650 communita,
702 2608 750 2642 ut
785 2602 994 2642 membra
1022 2602 1131 2641 olim
1157 2613 1240 2641 sua
1262 2602 1580 2642 immunditiae
1615 2604 1793 2644 servire

164 2673 373 2713 exhibuit
401 2680 445 2713 et
476 2673 798 2725 iniquitatibus
829 2673 887 2713 ad
918 2673 1211 2724 iniquitatem
1238 2674 1543 2725 mancipavit,
1576 2674 1639 2713 ita
1669 2686 1792 2714 nunc

163 2744 365 2783 hostiam
387 2755 435 2783 se
457 2744 558 2784 Deo
581 2744 745 2783 obtulit
767 2750 1083 2794 perpetuoque
1100 2743 1274 2782 dicavit
1296 2744 1341 2783 in
1359 2744 1790 2785 sanctificationem.

166 2813 318 2854 Dictis
345 2814 502 2866 itaque
538 2814 593 2854 de
629 2814 803 2865 causis,
834 2825 924 2865 quo
952 2813 1096 2853 tutius
1131 2813 1231 2853 Deo
1266 2813 1429 2854 reddat
1464 2821 1624 2855 votum
1658 2827 1793 2855 suum

162 2890 302 2935 atque
324 2884 370 2924 in
391 2885 621 2924 sententia
642 2884 884 2935 persistat,
909 2884 1178 2935 impetravit
1198 2883 1298 2924 heri
1319 2884 1456 2925 Pater
1486 2897 1512 2925 a
1542 2886 1795 2937 praefectis

160 2954 444 2995 xenodochii
478 2963 527 2995 ut
562 2955 637 2995 vel
671 2955 898 3006 tantisper
927 2954 972 2994 in
1006 2954 1298 2994 xenodochio
1334 2962 1550 3008 suscepta
1578 2957 1709 2997 vivat
1735 2969 1792 2997 ac
