1987 3260
243 180 314 216 208
754 177 979 215 LITTERAE
1006 187 1363 220 QUADRIMESTRES

920 625 1169 679 LXXXI
1182 628 1207 680 [

321 852 368 889 P.
387 852 579 899 Joannes
598 851 797 898 Baptista
821 851 947 889 Viola

369 917 489 954 Patri
507 917 675 964 Ignatio
695 915 748 953 de
766 915 949 963 Loyola.

416 982 611 1027 Parisiis,
634 982 650 1017 1
672 980 775 1029 Maji
796 981 882 1018 1551
908 982 918 1002 ¹

1022 1158 1118 1233 11515

335 1333 498 1373 Gratia
520 1339 563 1373 et
584 1345 677 1384 pax
699 1339 785 1373 etc.

336 1404 438 1444 Non
466 1404 709 1444 immemor
735 1404 871 1444 officii
903 1405 992 1444 mei
1018 1410 1061 1445 et
1089 1405 1171 1445 abs
1207 1411 1250 1445 te
1286 1404 1479 1455 injuncti
1514 1404 1627 1444 mihi
1661 1404 1879 1453 muneris,

257 1475 458 1514 scribam
480 1474 539 1514 ad
559 1480 618 1525 te,
648 1474 701 1514 R.
731 1475 777 1514 in
803 1474 924 1526 Xpo.
959 1474 1030 1514 P.r
1053 1508 1061 1526 ,
1092 1487 1209 1526 quae
1235 1475 1322 1515 hoc
1349 1475 1535 1515 evoluto
1557 1475 1884 1526 quadrimestri

262 1551 395 1596 gesta
415 1551 535 1585 sunt.

337 1615 572 1667 Principio
594 1615 777 1666 quidem
798 1615 908 1656 illud
930 1616 1097 1668 dicam,
1121 1617 1366 1668 plerosque
1390 1617 1437 1655 in
1457 1616 1563 1655 aula
1591 1616 1723 1665 regia
1752 1615 1884 1655 nobis

260 1686 507 1737 obstitisse,
532 1687 777 1738 quominus
798 1686 898 1727 Rex
924 1687 1219 1738 privilegium
1246 1687 1456 1737 erigendi
1481 1686 1665 1737 collegii
1694 1686 1740 1725 in
1767 1685 1886 1726 Aca-

261 1757 412 1797 demia
445 1758 669 1797 lutetiana
705 1758 982 1798 concederet
1016 1757 1238 1798 Societati
1267 1763 1471 1807 nostrae,
1495 1757 1605 1808 quin
1635 1756 1775 1797 etiam
1794 1769 1887 1797 non

262 1839 440 1879 paucos
462 1833 716 1868 attentasse
736 1841 793 1868 ne
813 1828 1131 1880 Lotharingus
1153 1828 1416 1869 Cardinalis
1441 1827 1477 1878 ²³,
1509 1827 1890 1879 congregationis

262 1906 449 1938 nostrae
472 1899 856 1949 studiosissimus,
880 1899 937 1938 ab
958 1899 1059 1950 ipso
1082 1898 1209 1949 Rege
1234 1898 1325 1938 hoc
1354 1899 1475 1938 idem
1496 1898 1785 1950 impetraret3
1809 1897 1890 1938 sed

262 1968 350 2008 Dei
365 1969 674 2020 providentia,
695 1981 813 2021 quae
829 1970 1059 2010 malorum
1071 1970 1309 2010 hominum
1325 1976 1523 2009 conatus
1538 1969 1720 2019 evertit,
1734 1969 1781 2009 in
1792 1980 1891 2008 rem

262 2045 472 2079 nostram
492 2040 770 2091 praevaluit,
794 2052 902 2080 nam
919 2047 963 2080 et
981 2040 1242 2080 Cardinalis
1258 2039 1576 2090 Lotharingus
1596 2052 1697 2079 sese
1709 2050 1891 2079 murum

264 2110 352 2149 hac
374 2110 421 2150 in
441 2122 491 2150 re
517 2122 601 2162 pro
630 2111 767 2150 domo
795 2110 884 2151 Dei
903 2111 1076 2162 posuit,
1107 2111 1404 2162 privilegium
1431 2110 1541 2151 illud
1568 2123 1660 2150 non
1687 2111 1835 2150 solum
1866 2122 1892 2150 a

264 2179 413 2232 Rege,
443 2193 606 2221 verum
633 2182 773 2221 etiam
801 2182 858 2221 ab
888 2182 1095 2222 interiori
1124 2181 1328 2221 Consilio
1357 2181 1502 2232 Regis
1532 2187 1575 2221 et
1603 2181 1892 2221 Cancellario

266 2250 526 2291 Galliarum
548 2252 844 2302 obsignatum
865 2258 1164 2302 extorquens,
1189 2251 1333 2303 cujus,
1356 2251 1403 2291 ni
1423 2251 1573 2302 fallor,
1598 2251 1657 2291 ad
1677 2263 1763 2291 vos
1784 2262 1894 2291 mox

266 2323 529 2374 exemplum
549 2322 686 2362 misit.
710 2322 813 2362 Non
835 2328 1080 2362 contentus
1102 2329 1258 2362 tamen
1275 2322 1463 2373 sathan,
1489 2322 1639 2362 omnis
1659 2322 1769 2361 boni
1789 2333 1895 2373 ope·
1918 2347 1927 2354 -

266 2391 331 2431 ris
366 2392 575 2443 invidus,
605 2398 801 2432 conatur
828 2393 968 2432 etiam
994 2404 1078 2432 nos
1114 2392 1396 2443 defatigatos
1425 2392 1639 2443 reddere,
1663 2404 1720 2432 ne
1743 2392 1895 2432 incoe-

267 2469 398 2514 ptum
429 2475 545 2514 opus
573 2464 892 2513 absolvamus,
923 2476 980 2502 ex
1006 2475 1096 2514 quo
1124 2474 1348 2513 magnum
1373 2463 1627 2514 praesentit
1657 2463 1894 2503 Ecclesiae

268 2531 359 2572 Dei
379 2533 581 2573 fructum
602 2539 958 2584 proventurum;
981 2545 1089 2573 nam
1112 2544 1217 2573 cum
1237 2534 1302 2573 ita
1323 2539 1510 2573 cautum
1536 2534 1594 2573 sit
1624 2533 1803 2583 legibus
1824 2544 1895 2572 re-

269 2603 378 2654 giis,
410 2610 459 2643 ut
494 2604 647 2644 omnia
683 2603 946 2655 hujusmodi
976 2603 1151 2643 indulta
1177 2604 1307 2654 regia
1337 2604 1478 2643 etiam
1507 2616 1533 2643 a
1565 2602 1738 2643 Senatu
1767 2602 1898 2643 Pari·

270 2674 412 2714 siensi
432 2675 661 2725 legantur,
684 2686 771 2713 nec
792 2674 838 2713 in
862 2674 1106 2714 annalibus
1127 2674 1431 2714 admittantur
1453 2674 1719 2724 scribenda,
1750 2674 1840 2713 nisi
1871 2685 1896 2713 e

270 2756 365 2796 rep.
390 2745 624 2796 gallicana
646 2745 702 2785 ab
724 2745 823 2796 ipso
845 2743 1018 2784 Senatu
1039 2756 1140 2783 esse
1157 2743 1443 2794 judicentur,
1464 2744 1619 2784 omnia
1647 2744 1802 2784 turbat
1832 2744 1900 2783 in-

325 2925 334 2945 ¹
376 2926 621 2960 Apographum
637 2927 668 2953 in
684 2926 739 2953 fol.
754 2926 788 2952 20
803 2924 935 2953 Codicis
955 2924 1033 2951 1551.

324 2973 338 2991 ⁹.»
377 2972 518 3000 Carolus
534 2973 575 2999 de
591 2973 707 3000 Guisa.
724 2973 809 3000 Vide
826 2972 991 3005 POLANco,
1010 2970 1144 2999 Chron„
1159 2975 1181 2997 t.
1199 2977 1230 3002 11,
1249 2979 1327 3005 pag.
1342 2974 1385 3004 00,
1403 2976 1469 2999 not.
1486 2974 1509 3002 l.
