1987 3260
908 219 990 256 Ax.
1024 220 1109 256 1531
1757 218 1828 255 429

199 319 275 365 let,
299 330 394 358 non
416 317 651 358 Christum
673 318 753 357 sed
775 317 977 367 scipsum
999 316 1153 367 specie
1175 314 1283 355 boni
1304 315 1562 366 quaereret)
1581 315 1826 365 cogitavit,

201 390 404 441 inquam,
428 389 466 428 si
488 399 635 439 aequo
658 389 812 428 animo
841 388 916 428 hic
943 387 1041 439 ipse
1067 397 1316 426 mansurus
1345 390 1489 435 essct,
1521 396 1646 435 curn,
1681 386 1827 425 altero

201 471 359 500 sccum
380 464 580 510 sumpt0‚
602 458 739 499 Pater
756 471 860 499 eum
877 459 923 498 in
941 457 1136 508 collegio
1155 468 1257 497 6556
1274 455 1558 496 mandasset.
1578 455 1696 495 Tum
1716 468 1828 496 vero

200 542 306 571 cum
328 542 377 570 se
400 530 695 580 intelligeret,
720 530 845 569 facta
868 529 1092 578 oratione,
1117 527 1176 567 ad
1197 533 1443 578 utrumque
1465 532 1695 577 paratum,
1719 538 1829 566 non-

202 602 339 641 nullis
362 600 584 641 fratribus
607 601 768 652 inquit:
791 612 912 640 nunc
935 598 1121 651 quidem
1142 600 1288 639 laetor
1311 609 1417 637 cum
1447 597 1612 648 spiritu
1634 597 1721 637 Dei
1743 597 1829 637 hoc

200 684 274 712 me
290 672 511 724 petivisse
530 672 800 722 intelligam,
819 683 911 711 non
929 671 1051 710 enim
1069 670 1298 719 turbarer,
1318 668 1500 708 etiamsi
1516 667 1591 707 hic
1609 668 1720 707 mihi
1736 680 1830 708 ma-

201 743 404 783 nendum
424 749 559 783 esset.
584 742 674 783 Sed
705 742 804 782 Deo
833 741 1032 793 placebit
1060 746 1108 780 ut
1136 741 1242 780 hinc
1271 739 1516 780 discedens
1546 750 1628 790 per
1655 739 1830 790 aliquot

201 815 313 861 11165,
339 819 542 853 mutatus
563 819 725 864 postea
747 813 804 852 ad
826 824 912 852 vos
932 817 1146 851 revertar
1167 817 1212 851 et
1239 809 1495 862 spiritualis
1526 809 1721 859 efficiar,
1755 810 1830 861 qui

198 884 399 924 necdum
422 884 635 936 spiritum
656 883 860 934 gustavi.
884 882 996 923 Mihi
1013 882 1197 933 quidem
1213 881 1301 931 hic,
1323 880 1432 920 dum
1449 880 1565 920 haec
1583 879 1758 920 diceret
1775 879 1830 919 de

201 956 372 1007 seipsO,
396 955 702 1006 prophetasse
722 954 921 1003 videtur,
942 952 1156 1004 quamvis
1174 964 1258 991 nec
1274 951 1373 1002 ipse
1389 951 1544 1001 sciret,
1562 961 1648 990 nec
1665 961 1750 990 nos
1768 950 1830 990 in-

200 1026 515 1077 telligeremus
536 1026 644 1077 quid
666 1032 763 1064 tum
783 1025 1064 1075 loqueretur:
1089 1029 1212 1062 totus
1242 1022 1364 1062 enim
1396 1021 1652 1073 spiritualis
1678 1021 1831 1061 factus

202 1104 269 1136 est
290 1128 296 1147 ,
321 1097 418 1147 qui,
443 1102 492 1136 ut
513 1107 778 1147 speramus,
804 1095 1078 1145 angelorum
1101 1093 1254 1133 choris
1277 1091 1520 1143 adjunctus
1541 1091 1640 1132 fuit.

282 1168 440 1218 Itaque
470 1178 574 1207 cum
597 1166 693 1217 jam
721 1167 768 1205 in
803 1165 1014 1206 Africam
1046 1163 1368 1215 navigandum
1402 1168 1543 1213 esset,
1583 1168 1831 1213 antequam

201 1238 418 1278 Messana
439 1238 725 1286 recederent,
749 1236 888 1276 Pater
910 1235 1057 1286 inquit
1077 1235 1271 1275 Isidoro:
1296 1234 1333 1273 si
1354 1234 1468 1274 mihi
1489 1234 1645 1274 socius
1677 1234 1723 1273 111
1753 1245 1832 1274 na-

203 1308 440 1360 vigatione
460 1308 643 1347 futurus
664 1318 735 1355 es,
765 1312 921 1347 vestes
951 1306 1115 1357 quibus
1136 1305 1341 1345 indueris
1368 1310 1518 1344 mutes
1550 1310 1755 1355 oportet,
1789 1310 1832 1344 et

201 1379 391 1419 laicales
412 1378 592 1427 induas,
617 1389 721 1417 cum
744 1377 891 1417 laicus
912 1382 1033 1416 esset
1055 1375 1206 1416 adhuc
1227 1405 1234 1423 ‚
1264 1381 1444 1415 tantum
1473 1375 1634 1426 primis
1661 1375 1829 1414 ordini-

200 1451 285 1489 bus
306 1450 531 1489 initiatus.
555 1448 603 1489 Id
625 1455 780 1488 autem
801 1448 910 1487 fecit
931 1447 1070 1487 Pater
1091 1447 1213 1498 quod
1234 1446 1298 1486 ita
1334 1445 1554 1497 expedire
1581 1446 1828 1497 judicaret.

201 1521 374 1561 Laetus
394 1532 506 1560 vero
528 1520 732 1559 Isidorus
754 1518 861 1558 fecit
883 1518 1006 1569 quod
1024 1518 1255 1568 agendum
1272 1516 1411 1556 Pater
1428 1516 1625 1557 dixerat.
1644 1516 1759 1556 Tres
1776 1517 1832 1556 51-

204 1593 298 1631 111111
321 1591 682 1643 proficiscuntur
704 1589 761 1630 ad
782 1590 925 1629 littus:
949 1589 1087 1628 Pater
1104 1599 1210 1628 cum
1231 1587 1408 1627 Isidoro
1426 1593 1470 1627 et
1487 1589 1632 1627 altero
1650 1586 1832 1638 majori-

204 1674 354 1711 cense,
380 1662 457 1714 qui
479 1662 554 1702 hic
576 1662 721 1702 servit
743 1661 790 1700 in
811 1660 1024 1711 collegi03
1045 1671 1239 1711 cumque
1261 1659 1530 1699 naviculam
1547 1659 1748 1709 ingressi
1765 1670 1833 1698 es-

204 1740 305 1774 sent
326 1740 375 1773 ut
397 1734 633 1773 triremem
657 1732 978 1779 ascenderent,
1003 1742 1107 1770 eum
1128 1729 1266 1769 Pater
1288 1741 1446 1769 secum
1468 1729 1677 1780 detinuit,
1697 1740 1832 1780 quem

203 1804 331 1844 Deus
353 1809 624 1844 vocaverat.
648 1802 1004 1853 Majoricensem
1024 1812 1226 1852 namque
1254 1800 1443 1840 domum
1470 1799 1731 1849 remittens,
1757 1799 1832 1839 Isi-

204 1875 370 1915 dorum
393 1875 528 1914 simul
548 1874 785 1914 triremem
802 1872 930 1923 jubet
951 1872 1220 1912 ascendere.

285 1946 401 1986 Cum
421 1946 577 1996 itaque
599 1945 859 1994 navigaret,
885 1949 987 1983 orta
1009 1948 1284 1993 tempestate
1305 1947 1349 1981 et
1383 1942 1461 1981 illa
1490 1941 1676 1992 quidem
1696 1941 1833 1980 vehe-

206 2017 370 2062 menti,
396 2015 603 2066 impulsis
624 2015 668 2054 vi
692 2021 942 2054 ventorum
965 2012 1022 2053 ad
1044 2012 1294 2063 quamdam
1316 2012 1516 2051 insulam
1539 2011 1677 2062 (quae
1700 2010 1833 2051 Lam-

206 2087 389 2137 padoxa
412 2087 612 2135 dicitur),
638 2097 721 2125 1166
744 2084 993 2124 admodum
1016 2084 1073 2123 ab
1095 2082 1257 2123 Africa
1280 2087 1524 2133 remotam,
1550 2082 1831 2131 triremibus,

205 2158 403 2207 contigit
424 2162 474 2196 ut
491 2163 596 2196 octo
614 2156 777 2195 exiliis
793 2154 1143 2205 frangerentur;
1165 2165 1283 2204 quae
1301 2165 1375 2192 res
1393 2164 1498 2192 cum
1518 2153 1723 2192 omnium
1740 2153 1833 2192 ani-

206 2240 304 2268 mos
325 2239 417 2267 non
439 2226 734 2266 mediocriter
756 2225 1089 2277 perturbasset,
1115 2224 1261 2273 multi,
1286 2235 1376 2274 quo
1394 2223 1652 2274 periculum
1668 2223 1834 2263 evade-

207 2305 325 2347 rent,
353 2299 397 2338 in
420 2296 653 2349 quoddam
675 2307 841 2336 saxum
862 2308 920 2335 ex
949 2295 1212 2335 triremibus
1240 2294 1453 2345 prosilire
1480 2294 1831 2341 contenderunt3

207 2370 325 2409 inter
347 2380 476 2420 quoS,
503 2380 607 2408 cum
635 2367 754 2407 idem
784 2366 987 2406 Isidorus
1015 2370 1210 2406 conatus
1241 2364 1428 2411 fuisset,
1458 2364 1575 2416 pede
1602 2366 1762 2416 lapsus
1790 2365 1834 2404 in

207 2451 354 2491 aquas
373 2438 554 2487 cecidit,
573 2444 712 2489 atque
729 2438 856 2488 ligno
875 2436 1116 2488 cujusdam
1132 2435 1335 2476 triremis
1351 2435 1661 2487 interceptum
1677 2436 1719 2475 ei
1735 2436 1834 2475 bra-

209 2512 364 2550 chium
389 2510 546 2550 statim
566 2509 818 2559 rumpitur:
841 2520 926 2548 nec
943 2514 1100 2547 tamen
1118 2507 1271 2546 animo
1289 2505 1515 2557 dejectus,
1535 2505 1616 2545 sed
1633 2507 1837 2557 seipsum

206 2583 250 2621 in
274 2581 476 2621 Domino
499 2579 784 2629 confortans,
809 2590 867 2618 ex
889 2578 1020 2629 aquis
1042 2578 1088 2617 in
1109 2577 1348 2617 triremem
1366 2583 1645 2628 assumptus,
1672 2577 1732 2616 ibi
1754 2589 1837 2628 per

209 2653 373 2692 horam
410 2663 515 2691 cum
545 2650 683 2690 Patre
718 2650 816 2689 fuit.
855 2649 944 2689 Sed
974 2654 1213 2688 crescente
1249 2653 1537 2698 tempestate,
1576 2659 1680 2688 cum
1716 2648 1836 2688 idem

208 2724 273 2773 1³„
299 2723 567 2763 imminente
586 2721 672 2760 sibi
690 2721 896 2771 periculo
914 2726 957 2759 et
969 2719 1126 2759 fratris
1144 2719 1291 2758 salute
1311 2718 1542 2768 corporali
1560 2719 1746 2758 omnino
1764 2719 1836 2758 de-

208 2800 414 2846 sperata,
440 2794 485 2833 in
507 2803 673 2832 saxum
697 2791 822 2841 illud,
847 2790 1059 2831 omnibus
1081 2800 1186 2829 eum
1208 2789 1486 2828 vocantibus
1509 2794 1552 2827 et
1580 2788 1838 2839 adjuvanti-

209 2866 308 2915 bus,
336 2865 413 2916 qui
430 2863 525 2915 jam
547 2863 589 2902 in
616 2874 669 2902 co
693 2868 839 2906 erant,
864 2861 1037 2901 Christi
1055 2860 1341 2910 benignitate
1360 2866 1537 2899 tractus
1553 2859 1728 2910 fuisset,
1749 2866 1837 2900 sta-

210 2936 291 2975 tim
313 2944 362 2975 111
385 2935 488 2975 111116
512 2934 791 2974 discesserat
811 2965 818 2983 ‚
843 2932 1046 2972 triremis
1068 2942 1149 2982 per
1171 2930 1371 2970 medium
1391 2930 1538 2969 scissa
1555 2937 1646 2970 est:
1667 2931 1838 2970 charis-

211 3007 354 3045 simus
379 3017 489 3046 vero
512 3005 558 3044 in
580 3003 765 3044 Christo
788 3002 932 3043 frater
949 3002 1169 3051 1511101115,
1191 3001 1236 3040 111
1254 3012 1400 3052 aquas
1418 3001 1585 3040 iterum
1603 3000 1836 3052 delapsus,
