1987 3260
262 220 329 257 146
769 219 995 256 LITTERAE
1021 227 1375 261 QUADRIMESTRES

340 315 706 367 superscriptio.
730 314 830 355 R.d0
845 315 896 354 In
918 314 1002 354 X.0
1021 301 1149 354 Patri
1173 313 1375 366 Johanni
1402 313 1458 353 de
1478 312 1698 364 PolanCO,
1723 314 1778 354 de
1801 313 1879 355 So-

256 387 427 426 cietate
448 385 572 438 Jesu,
597 385 787 426 Romae.

340 456 451 497 Alia
472 468 634 496 manu:
659 455 773 495 1549.
797 455 1006 495 Colonia.
1029 455 1078 495 P.
1103 453 1348 495 Leonardo
1369 454 1546 495 Kessel.
1562 455 1614 495 In
1630 455 1702 495 die
1718 453 1879 495 Sancti

260 527 510 568 Benedicti.

339 597 519 638 Nomen
541 597 767 637 dederunt
789 595 1027 637 societati.

340 668 569 709 Martinus

339 739 576 780 Arnoldus
704 735 1000 776 Leodienses.

340 809 548 850 Erardus

338 880 411 920 Fit
437 879 609 919 mentio
637 878 693 918 de
722 877 840 917 Mro.
879 876 1135 918 Godefrido
1161 877 1341 917 Barnos
1375 883 1420 918 et
1444 877 1563 918 Mro.
1594 878 1785 919 Andrea
1813 877 1878 919 Si·
1935 873 1946 885 ⁰

252 951 388 991 derio
412 949 437 990 ¹.

338 1021 401 1061 Et
421 1020 535 1060 alia:
556 1019 680 1060 Nihil
701 1019 827 1059 aliud
848 1019 909 1059 ad
930 1019 1188 1059 historiam.

311 1161 321 1181 ἱ
361 1161 460 1188 Circa
475 1161 535 1188 hos
548 1161 704 1195 quinque,
720 1167 802 1194 quos
817 1159 969 1186 nominat
984 1159 1111 1193 Kessel,
1134 1159 1224 1186 haud
1244 1159 1342 1187 facile
1368 1160 1551 1187 concordes
1575 1160 1727 1187 invenies
1741 1161 1881 1195 scripto-

257 1216 323 1236 res.
338 1208 421 1235 Tres
436 1208 572 1242 primos,
596 1207 789 1240 Martinum,
814 1207 1003 1234 Arnoldum
1026 1210 1059 1234 et
1083 1206 1265 1240 Erardum,
1289 1206 1504 1239 Leodienses,
1529 1211 1565 1235 ut
1580 1207 1685 1242 vides,
1714 1208 1797 1236 facit
1822 1207 1878 1242 qui

258 1263 373 1283 eorum
396 1256 531 1283 nomina
554 1255 681 1282 litteris
704 1254 846 1281 Kesselii
870 1253 1120 1288 superscripsit;
1145 1254 1203 1280 sed
1227 1253 1424 1287 DELPLAOE,
1447 1254 1754 1282 L'e'tablissement
1778 1256 1821 1283 de
1845 1255 1879 1282 la

256 1304 315 1331 C.¹'e
337 1304 379 1330 de
393 1303 499 1338 jesus
523 1303 614 1330 dans
634 1302 685 1329 les
700 1301 897 1342 Pays—BflS,
913 1301 1120 1335 Appendice,
1135 1309 1213 1335 pag.
1227 1302 1271 1333 2*,
1285 1302 1393 1329 solum
1408 1301 1576 1329 Erardum
1592 1302 1738 1330 Dawant
1753 1303 1882 1336 (Avan-

258 1351 399 1383 tianum)
419 1350 641 1377 Leodiensem
662 1349 755 1382 facit,
772 1348 858 1383 quod
873 1349 944 1383 jam
959 1348 1063 1382 prius,
1080 1349 1100 1375 l.
1117 1356 1152 1382 c.,
1168 1348 1296 1376 fecerat
1312 1348 1488 1382 PoIancus:
1505 1349 1695 1377 Arnoldum
1706 1357 1789 1377 vero
1804 1349 1881 1377 Van

257 1398 346 1424 Hees
361 1397 526 1430 (Hezium)
540 1397 573 1424 in
588 1397 708 1431 oppido
722 1396 886 1423 Lummen
901 1396 933 1423 in
954 1395 1144 1423 Brabantia
1158 1400 1275 1423 natum
1290 1396 1455 1431 affirmat,
1473 1401 1506 1424 et
1529 1405 1738 1424 communem
1755 1397 1832 1424 huic
1848 1401 1881 1424 et

257 1445 403 1472 Martino
417 1444 567 1479 patriam
582 1444 684 1471 fuisse
700 1451 741 1470 ex
762 1443 914 1470 Kesselio
936 1443 1107 1470 discimus.
1133 1443 1228 1470 Unde
1251 1451 1371 1470 nomen
1395 1444 1663 1476 Stevordz'auus,
1686 1445 1742 1471 vel
1765 1444 1881 1478 potius

258 1492 528 1523 Steuordianus,
542 1494 574 1518 et
590 1490 851 1524 Steuordiensis,
876 1490 963 1524 quod
977 1490 1041 1517 sibi
1062 1490 1132 1525 ipse
1153 1490 1186 1517 in
1206 1490 1275 1517 suis
1296 1490 1422 1517 litteris
1437 1490 1600 1517 adscribit
1615 1490 1798 1524 Martinus,
1815 1497 1881 1517 non

256 1547 275 1566 a
291 1539 416 1573 patria,
432 1538 489 1566 sed
505 1546 524 1566 a
539 1538 669 1565 familia
690 1538 903 1571 desumptum
928 1537 1131 1564 credendum
1151 1541 1251 1572 esset,
1276 1537 1339 1564 nisi
1364 1541 1458 1564 certo
1480 1539 1523 1564 ab
1547 1538 1618 1572 ipso
1645 1537 1881 1565 habuissemus

255 1593 351 1613 suum
367 1586 516 1613 familiae
532 1592 719 1619 cognomen
734 1592 806 1611 esse
828 1584 997 1612 Gewarts.

310 1633 483 1660 Godesridi
508 1639 693 1667 cognomen
716 1640 801 1659 nunc
827 1631 974 1664 primum
996 1632 1161 1665 novimus;
1182 1632 1269 1666 quod
1293 1632 1426 1666 quidem
1449 1631 1591 1658 Barnes
1612 1631 1784 1658 scribebat
1809 1631 1879 1665 ipse

256 1681 458 1708 Godefridus
473 1684 506 1707 et
521 1688 585 1707 non
600 1680 752 1711 Barnos,
765 1683 801 1706 ut
816 1679 1084 1714 superscriptum
1099 1682 1149 1705 est
1161 1678 1251 1705 hisce
1267 1678 1391 1705 litteris
1406 1679 1560 1706 Kesselii.

308 1728 467 1754 Andreae
490 1727 646 1754 notitiam
670 1727 850 1760 quamdam
875 1730 907 1753 et
933 1726 1140 1760 cognominis
1162 1725 1325 1752 siderius
1344 1730 1403 1753 aut
1428 1726 1612 1758 sidereus,
1636 1733 1656 1753 a
1682 1726 1878 1760 germanico

256 1777 372 1807 §.serm
387 1775 551 1809 originem
566 1778 599 1801 et
614 1774 857 1808 etymologiam
877 1773 956 1800 olim
976 1773 1134 1807 legimu83
1152 1773 1210 1800 sed
1226 1774 1334 1800 locum
1355 1781 1414 1800 seu
1433 1773 1556 1800 librum
1578 1781 1643 1800 non
1657 1773 1878 1801 meminimus

255 1823 317 1849 Hic
345 1823 401 1849 ille
428 1825 496 1856 est,
525 1829 623 1856 quem
650 1828 781 1855 semper
808 1820 975 1847 Polancus
1002 1819 1299 1855 Zutplzemensem
1328 1821 1497 1855 appellat;
1521 1828 1599 1848 nam
1619 1824 1652 1848 et
1678 1821 1879 1848 Godefridus

254 1869 513 1903 Zutphemensis
528 1873 612 1896 erat.

308 1916 436 1944 Moveri
452 1917 554 1944 etiam
569 1917 682 1950 aliqua
698 1915 880 1943 difficultas
895 1919 1008 1950 posset
1024 1916 1114 1943 circa
1130 1916 1238 1942 locum
1253 1919 1286 1941 et
1299 1919 1440 1949 tempus,
1456 1923 1519 1949 quo
1534 1915 1670 1943 admissi
1684 1916 1717 1942 in
1732 1915 1881 1943 Societa-

256 1969 322 1991 tem
345 1964 366 1991 ii
388 1964 554 1991 dicuntur.
576 1963 625 1990 De
649 1971 765 1990 eorum
786 1964 874 1990 enirn
895 1967 975 1990 voto
997 1963 1223 1996 ingrediendi
1238 1962 1445 1989 Societatem
1462 1963 1524 1989 hoc
1545 1970 1631 1990 anno
1654 1962 1722 1990 1549
1735 1962 1879 1997 primum

254 2012 404 2045 loquitur
420 2011 547 2042 Kessel,
562 2014 595 2037 et
611 2011 652 2037 ab
667 2011 715 2038 eis
730 2018 795 2037 non
810 2010 938 2037 Romae
959 2010 1017 2037 sed
1034 2009 1191 2037 Coloniae
1207 2010 1364 2036 emissum
1379 2010 1438 2043 ait;
1450 2010 1502 2036 cui
1516 2014 1677 2037 consonat
1692 2010 1878 2042 Pomncus,

254 2059 341 2092 dum,
359 2059 380 2085 l.
396 2066 435 2092 c.,
452 2058 634 2091 Erardum,
649 2057 832 2085 Martinum
843 2061 877 2084 et
893 2058 1079 2084 Arnoldum
1091 2057 1133 2084 ad
1146 2056 1351 2084 Societatem
1361 2057 1423 2084 hoc
1435 2065 1522 2084 anno
1536 2057 1694 2084 Coloniae
1706 2064 1726 2084 a
1736 2056 1879 2084 Domino

254 2110 364 2132 motos
379 2106 544 2139 affirmat;
562 2109 594 2132 et
616 2113 632 2132 e
654 2109 774 2132 contra
790 2105 982 2139 DELPLACE,
999 2106 1020 2132 l.
1036 2113 1075 2138 c.,
1091 2105 1261 2132 Erardum
1276 2105 1323 2131 ait
1341 2104 1498 2131 Coloniae
1513 2104 1696 2131 admissum
1707 2104 1778 2139 jam
1792 2111 1879 2131 anno

256 2153 360 2185 1547,
381 2157 413 2180 et
439 2153 626 2180 Arnoldum
647 2153 781 2179 Romae
805 2153 868 2180 hoc
892 2160 978 2179 anno
999 2152 1098 2179 1549.
1120 2151 1248 2178 Verum
1275 2151 1511 2179 difficultatem
1532 2152 1630 2179 facile
1658 2151 1827 2183 enodabis,
1852 2151 1880 2178 si

255 2205 347 2227 recte
374 2200 566 2227 memineris
587 2207 654 2233 eos,
679 2200 733 2234 qui
750 2200 816 2227 illis
840 2201 871 2227 in
891 2200 996 2227 initiis
1021 2199 1185 2227 Societati
1208 2206 1328 2226 nomen
1344 2199 1480 2233 dabant,
1497 2199 1613 2226 statim
1634 2206 1674 2226 ac
1688 2199 1730 2225 ad
1747 2198 1882 2226 cohabi-

252 2248 395 2277 tandum
410 2255 484 2274 cum
498 2248 574 2274 aliis
589 2248 628 2274 de
644 2247 816 2274 Societate
833 2247 1113 2281 admittebantur,
1129 2250 1245 2274 votum
1261 2246 1470 2273 Societatem
1487 2246 1713 2279 ingrediendi
1727 2246 1880 2272 emittere

254 2295 381 2325 solitos.
392 2298 427 2321 at
440 2302 504 2322 non
518 2294 635 2321 statim
648 2294 828 2328 permissos
844 2302 915 2321 esse
931 2298 968 2321 ut
980 2293 1190 2321 affirmarent
1203 2301 1237 2321 se
1250 2294 1288 2320 de
1302 2293 1474 2321 Societate
1486 2301 1559 2321 esse
1571 2294 1627 2321 sed
1641 2294 1748 2321 solum
1763 2296 1880 2320 votum

253 2342 464 2375 ingrediendi
484 2341 692 2369 Societatem
713 2341 849 2368 habere.
873 2341 942 2373 Quo
966 2341 1069 2368 fiebat
1090 2345 1125 2368 ut
1140 2342 1167 2368 si
1183 2342 1238 2375 qui
1254 2349 1366 2368 eorum
1384 2341 1526 2368 Romam
1540 2341 1768 2374 mitterentur,
1784 2340 1833 2368 ita
1848 2340 1880 2367 in

253 2389 524 2422 probationibus
539 2389 785 2416 exercebantur
801 2388 896 2422 quasi
918 2389 1047 2415 nullum
1061 2389 1111 2415 sui
1128 2388 1236 2415 adhuc
1253 2389 1520 2422 experimentum
1533 2388 1781 2422 praebuissent.
1796 2387 1881 2414 Tan-

256 2437 346 2470 dem,
363 2441 493 2463 certum
507 2441 557 2463 est
574 2436 606 2463 in
634 2436 841 2463 Societatem
867 2436 908 2462 ab
932 2435 1065 2469 Ignatio
1081 2439 1255 2470 cooptatos
1270 2443 1328 2462 seu
1350 2437 1549 2470 acceptatos
1564 2435 1750 2469 Erardum,
1767 2434 1880 2462 Marti-

252 2491 346 2517 num,
372 2484 560 2510 Arnoldum
580 2487 612 2510 et
634 2483 853 2510 Godefridum
877 2482 979 2510 fuisse
1000 2490 1059 2517 per
1080 2482 1216 2510 litteras
1236 2483 1299 2510 hoc
1320 2490 1419 2517 anno,
1442 2482 1521 2516 Julii
1537 2483 1588 2510 die
1605 2486 1738 2516 octava,
1753 2482 1880 2509 Romae

257 2531 368 2558 datas.
393 2530 478 2557 Vide
502 2530 667 2563 POLANco,
691 2531 710 2557 1.
734 2537 773 2564 c.,
798 2533 867 2557 not.
894 2530 1071 2564 1.-—Neque
1092 2530 1177 2564 quod
1199 2531 1242 2557 ad
1263 2530 1433 2557 Erardum
1454 2531 1588 2562 attinet,
1610 2530 1704 2556 Patri
1718 2529 1879 2563 Delplace

256 2578 461 2605 adversatur
474 2577 600 2611 Kessel,
614 2578 668 2611 qui
681 2578 809 2604 fatetur
824 2577 1010 2604 “Erardum
1022 2581 1089 2611 per
1105 2577 1247 2610 aliquod
1261 2579 1403 2612 tempus
1416 2578 1506 2610 (ante
1522 2576 1682 2604 Martium
1697 2576 1777 2609 1549)
1791 2576 1878 2603 domi

258 2629 393 2651 nostrae
418 2625 619 2658 habitasse,u
636 2628 669 2651 et
692 2628 809 2652 votum
832 2623 1043 2657 ingrediendi
1059 2623 1267 2651 Societatem
1287 2624 1437 2651 emisisse
1453 2625 1643 2657 antequam
1658 2622 1821 2650 Leodium
1836 2623 1878 2650 ad

257 2679 317 2698 sua
333 2672 539 2705 expedienda
554 2671 690 2705 negotia
705 2678 739 2698 se
755 2671 965 2698 contulisset.

311 2719 484 2746 Godefridi
499 2723 532 2746 et
547 2718 683 2745 Martini
699 2722 792 2752 vota,
809 2718 863 2745 vel
878 2718 989 2752 potius
1005 2718 1141 2745 litteras
1155 2718 1197 2745 ad
1210 2717 1242 2745 S.
1258 2717 1439 2752 Ignatium,
1454 2717 1624 2751 dabimus,
1640 2718 1776 2745 volente
1794 2717 1878 2751 Deo,

254 2767 290 2792 in
306 2766 401 2793 Nova
416 2766 513 2793 Serie
529 2766 639 2800 operis
655 2766 780 2792 cartas
795 2766 836 2792 de
853 2765 926 2792 San
941 2764 1095 2798 Ignacio.
