1987 3260
256 187 327 223 234
765 185 990 222 LITTERAE
1017 195 1370 227 QUADRmsssTREs

939 718 1200 772 LXVIII

326 1014 372 1051 P.
394 1014 615 1052 Adrianus
634 1014 959 1054 Adriaenssens

373 1074 493 1111 Patri
512 1074 681 1121 Ignatio
701 1075 754 1112 de
776 1076 958 1123 Loyola.

417 1133 628 1180 Lovanio‚
649 1134 671 1169 6
686 1134 946 1172 Decembris
963 1135 1055 1173 1550
1075 1136 1100 1170 ¹.

1046 1408 1142 1450 IHS

335 1619 433 1659 R.de
460 1619 576 1661 Dne.
601 1621 896 1672 praeposite:

336 1690 500 1730 Gratia
521 1691 710 1731 Domini
730 1691 889 1731 Nostri
907 1692 1018 1745 Jesu
1040 1691 1213 1732 Christi
1234 1692 1292 1731 sit
1308 1703 1489 1743 semper
1512 1702 1617 1731 cum
1637 1689 1686 1730 P.
1710 1690 1769 1730 V.

334 1761 605 1802 Reverende
640 1774 695 1802 ac
728 1762 1045 1803 amantissime
1080 1763 1127 1802 in
1157 1762 1343 1803 Christo
1366 1761 1527 1802 Pater:
1557 1761 1674 1801 Tres
1706 1760 1878 1801 fratres

255 1832 481 1872 hactenus
507 1832 679 1872 fuimus
705 1845 911 1873 numero,
943 1833 1047 1885 Jam
1075 1845 1189 1873 vero
1224 1838 1417 1885 quartus
1447 1832 1650 1883 advenit,
1682 1844 1709 1872 a
1735 1831 1785 1872 P.
1816 1832 1875 1872 V.

257 1902 446 1952 missus,
471 1902 710 1943 Arnoldus
731 1902 765 1953 ⁰²,
798 1903 930 1943 nobis
961 1904 1008 1943 in
1034 1903 1235 1943 Domino
1261 1903 1572 1953 gratissimus.
1610 1902 1782 1943 Omnes
1810 1914 1877 1942 re-

256 1979 343 2022 cte,
367 1973 469 2012 laus
490 1973 606 2024 Deo,
628 1973 867 2014 habemus.

335 2043 473 2083 Pater
491 2043 732 2084 Cornelius
749 2051 793 2084 et
809 2045 869 2084 M.
889 2044 1105 2085 Andreas
1117 2044 1130 2063 ³
1144 2044 1330 2085 student
1345 2044 1623 2095 theologiae,
1643 2050 1687 2084 et
1703 2043 1763 2084 M.
1783 2043 1877 2085 An-

257 2114 394 2153 dreas
414 2114 620 2165 fungitur
643 2115 792 2155 officio
814 2116 930 2155 coci.
954 2116 1213 2156 Arnoldum
1234 2116 1480 2155 statuimus
1500 2121 1605 2166 post
1624 2115 1712 2155 ista
1742 2115 1875 2164 festa,

255 2184 473 2224 videlicet
485 2185 814 2236 Conceptionis
831 2187 1002 2226 Beatae
1014 2186 1239 2237 Virginis,
1260 2186 1442 2226 mittere
1458 2186 1518 2226 ad
1528 2185 1878 2236 Paedagogium

257 2260 305 2294 ut
326 2255 508 2295 studeat
529 2256 851 2307 philosophiae
866 2255 894 2294 4.

335 2324 466 2365 Multi
500 2325 575 2366 hic
610 2327 948 2367 concionantur
976 2334 1072 2367 tum
1106 2328 1248 2367 latine
1277 2333 1375 2367 tum
1401 2329 1684 2379 germanice,
1715 2334 1759 2368 et
1785 2339 1875 2368 ma-

260 2406 381 2446 gnus
401 2395 449 2435 fit
471 2408 727 2437 concursus
754 2398 865 2437 cleri
891 2398 949 2437 ad
971 2397 1271 2449 audiendum3
1300 2398 1381 2438 sed
1408 2409 1496 2449 ego
1529 2399 1794 2449 frequenter
1819 2398 1878 2438 ad

258 2465 509 2506 Dominum
531 2468 730 2518 suspiro,
755 2466 1026 2508 desiderans
1045 2474 1094 2508 ut
1117 2469 1317 2519 aliquem
1336 2468 1524 2508 Patrem
1549 2467 1765 2509 Stradam
1785 2468 1876 2508 huc

257 2536 409 2576 mittat
431 2535 459 2588 ⁵,
482 2549 575 2577 non
598 2537 815 2577 dubitans
845 2538 954 2589 quin
976 2550 1080 2578 cum
1102 2539 1305 2578 maximo
1327 2538 1415 2578 Dei
1435 2538 1610 2579 honore
1632 2544 1675 2578 et
1703 2539 1876 2578 anima-

312 2742 321 2761 1
359 2741 477 2768 Manus
492 2742 607 2769 Patris
624 2742 763 2769 Adriani
780 2742 1028 2769 Adriaenssens
1043 2743 1074 2769 in
1090 2743 1167 2770 folio
1184 2751 1213 2769 n.
1231 2742 1290 2770 109.

310 2789 323 2807 ‘2
361 2789 459 2816 Alius
473 2796 493 2816 a
508 2789 618 2816 Hezeo
632 2789 769 2816 videtur
784 2789 837 2816 hic
853 2797 937 2816 esse.

307 2836 320 2853 ⁵
357 2836 392 2863 P.
409 2835 584 2864 Cornelius
598 2837 787 2864 VVishaven
801 2841 834 2863 et
848 2836 888 2865 M.
907 2837 1065 2864 Andreas
1081 2836 1249 2865 Sidereus.

306 2884 319 2902 ¹¹·
357 2883 619 2918 Paedagogium,
643 2883 798 2917 Lovanii,
824 2891 943 2911 nomen
966 2887 1041 2910 erat
1065 2884 1207 2919 collegii;
1232 2885 1281 2913 ita
1306 2885 1557 2920 Paedagogium
1582 2884 1678 2915 Lilii,
1705 2884 1875 2916 Falconis,

256 2930 444 2963 Pontificis,
460 2934 524 2957 etc.

306 2976 319 2994 ἵ·
356 2976 462 3004 Notus
478 2978 588 3005 suerat
606 2978 749 3005 Lovanii
765 2978 800 3005 P.
818 2978 1020 3006 Franciscus
1034 2979 1072 3005 de
1090 2977 1216 3005 strada
1231 2987 1316 3006 anno
1335 2980 1411 3006 15⁴3.
