1987 3260
234 172 307 209 318
742 172 967 209 LITTERAE
994 181 1348 214 QUAanEsrREs

209 268 369 307 *rebus
389 267 487 307 fieri
508 268 643 318 solet,
669 278 830 307 omnes
850 266 909 305 ad
930 278 1073 306 unum
1097 266 1143 306 in
1171 278 1274 306 eam
1295 267 1573 306 sententiam
1591 267 1744 306 ierunt
1766 265 1791 316 ¹,
1809 271 1858 305 ut

229 338 468 388 quingenti
496 338 624 378 aurei
651 337 847 388 singulis
874 337 1008 376 annis
1029 337 1076 376 in
1096 342 1369 388 perpetuum
1391 336 1615 377 Societati
1636 337 1854 376 attribue-

229 414 413 459 rentur,
444 408 565 460 quod
597 414 640 447 et
671 408 935 447 confectum
963 413 1031 447 est
1058 406 1086 446 ‘·‘.
1117 406 1380 457 Praeterea,
1414 419 1519 446 cum
1541 407 1858 458 superioribus

238 478 398 518 diebus
420 478 627 528 abbatia,
651 484 701 517 ut
723 483 916 528 vocant,
939 483 1061 517 esset
1082 477 1386 528 conferenda,
1417 483 1461 517 et
1486 477 1616 517 multi
1636 478 1858 528 primates

230 560 333 588 eam
355 560 380 588 a
402 548 604 588 Caesare
634 548 884 599 impetrare
912 548 1267 598 contenderent,
1297 547 1535 598 respondit
1569 548 1743 588 Caesar
1768 548 1858 586 col-

230 619 352 669 legio
390 618 636 658 Societatis
670 618 781 671 Jesu
814 617 1035 658 Panormi
1062 618 1273 669 proxime
1308 623 1461 657 erecto
1498 628 1599 657 esse
1621 618 1854 667 collatam,

229 701 374 740 eaque
396 689 451 728 de
472 700 522 728 re
540 688 635 739 jam
669 689 728 728 ad
755 688 1028 739 Pro-regem
1060 688 1319 739 scripsisse.
1342 687 1536 727 Reditus
1558 687 1699 726 annui
1720 688 1856 737 illius,

229 766 278 799 ut
298 759 450 799 ferunt
469 791 475 809 ,
499 761 602 810 plus
624 761 776 798 minus
798 759 1200 810 septingentorum
1216 758 1229 776 ⁵
1254 770 1502 798 aureorum
1523 764 1644 797 sunt.

309 830 418 869 Post
444 829 533 868 ΚΦ
566 828 717 869 Patris
745 829 1021 880 Hieronymi
1050 829 1322 869 Domenech
1352 829 1398 868 in
1426 828 1704 879 Hispaniam
1732 827 1858 867 navi-

233 900 493 950 gationem,
524 899 577 938 R.
608 898 746 939 Pater
774 900 1088 951 Hieronymus
1117 899 1297 939 Natalis
1328 899 1450 951 apud
1470 899 1741 949 Pro-regem
1761 897 1859 949 ejus

229 971 358 1010 vices
381 970 500 1020 gerit
522 968 549 1019 ⁴,
581 971 817 1021 multaque
844 971 921 1021 pia
942 976 985 1010 et
1015 976 1180 1010 sancta
1202 981 1370 1021 opera,
1395 981 1512 1021 quae
1534 968 1632 1020 ejus
1654 968 1860 1008 charitas

212 1046 317 1090 est,
342 1040 578 1079 excitavit.
605 1041 735 1079 Bona
753 1039 993 1091 cujusdam
1013 1040 1293 1080 xenodochii
1321 1040 1498 1080 nobiles
1520 1039 1710 1090 quidam
1729 1039 1856 1078 inva-

229 1116 387 1150 serant
408 1116 451 1149 et
474 1110 520 1149 in
541 1122 653 1149 usus
675 1122 784 1150 suos
805 1110 1114 1162 inverterant3
1140 1123 1194 1150 ea
1215 1116 1265 1150 ut
1286 1111 1332 1150 in
1353 1121 1611 1162 pauperum
1631 1120 1786 1160 usum,
1813 1110 1859 1148 in

230 1192 365 1232 quem
403 1181 558 1231 legata
598 1181 801 1231 fuerant,
846 1187 1242 1232 converterentur,
1282 1181 1502 1221 cumillis
1537 1181 1646 1231 egit.
1680 1179 1859 1220 Deinde

230 1251 329 1302 ejus
350 1252 537 1290 hortatu
560 1257 603 1290 et
625 1251 824 1303 impulsu
850 1263 933 1302 per
966 1251 1156 1291 diversa
1186 1251 1370 1292 Siciliae
1400 1252 1502 1291 loca
1529 1256 1859 1302 procuratores

231 1321 407 1361 dimissi
428 1328 491 1366 ut,
517 1322 563 1360 in
585 1333 765 1361 summa
793 1321 1061 1362 difficultate
1083 1334 1311 1373 annonae,
1330 1333 1589 1373 pauperum
1610 1321 1859 1361 necessita-

230 1392 351 1431 tibus
367 1392 681 1443 providerent.
701 1392 958 1443 Postremo,
978 1393 1141 1432 eodem
1153 1393 1363 1443 authore,
1384 1392 1600 1444 permulti
1617 1392 1755 1431 aulici
1772 1392 1859 1431 sin-

232 1463 354 1513 gulis
376 1463 612 1502 mensibus
636 1474 720 1501 sua
740 1468 936 1513 peccata
967 1463 1176 1502 confiteri
1203 1469 1247 1502 et
1274 1463 1619 1503 sanctissimam
1640 1462 1857 1513 synaxim

231 1533 441 1584 recipere
473 1533 795 1572 decreverunt.
826 1532 1037 1583 Drepani
1063 1533 1421 1583 monasterium,
1457 1533 1515 1572 ad
1543 1532 1665 1584 quod
1694 1544 1752 1572 ex
1781 1533 1859 1572 im-

237 1615 355 1654 pura
403 1604 499 1642 vita
544 1603 814 1642 meretrices
856 1602 1185 1654 confugerent,
1234 1603 1564 1643 instituendum
1608 1603 1791 1643 curavit
1830 1601 1857 1642 ⁵.

231 1673 377 1713 Multa
408 1674 498 1713 alia
528 1674 649 1713 bona
679 1673 777 1724 ipse
805 1672 962 1723 Pater,
994 1673 1082 1713 Dei
1117 1673 1288 1725 Optimi
1322 1674 1446 1714 Max.
1488 1673 1737 1724 beneficiO,
1773 1674 1861 1713 hoc

233 1744 458 1795 temporis
489 1744 657 1794 spatio,
687 1749 730 1783 et
756 1743 976 1783 Panormi
1010 1749 1053 1783 et
1086 1744 1295 1795 Drepani
1322 1744 1544 1794 confecit,
1569 1755 1688 1795 quae
1709 1743 1860 1795 majus

228 1814 433 1865 >quotidie
457 1815 794 1854 incrementum
818 1819 1069 1864 acceptura
1089 1815 1225 1865 plane
1247 1815 1538 1855 confidimus.

312 1885 444 1925 Nunc
481 1885 645 1935 viginti
679 1885 726 1924 in
754 1885 842 1924 hoc
870 1885 1066 1935 collegio
1094 1896 1267 1925 sumus.
1293 1884 1382 1925 Pro
1411 1898 1460 1925 se
1488 1886 1682 1937 quisque
1710 1886 1859 1925 elabo-

230 1961 304 1995 rat
324 1967 382 1995 ne
402 1956 640 2005 talentum,
667 1966 693 1994 a
714 1954 917 1994 Domino
940 1961 1197 2006 acceptum,
1218 1956 1344 1995 humi
1361 1956 1597 1996 defossum
1619 1956 1857 1996 recondat.

233 2026 372 2065 Faxit
392 2026 755 2075 benignissimus
784 2024 1012 2065 Dominus
1038 2026 1204 2066 Noster
1232 2033 1281 2066 ut
1312 2027 1524 2078 spiritum
1543 2039 1679 2067 suum
1699 2027 1858 2067 menti-

233 2096 320 2135 bus
340 2097 513 2136 nostris
534 2096 803 2147 plenissima
825 2107 965 2135 manu
986 2096 1216 2147 infundat,
1241 2109 1330 2148 quo
1356 2104 1400 2137 et
1429 2098 1637 2137 divinam
1658 2096 1756 2148 ejus
1776 2110 1855 2138 Vo-

233 2167 458 2206 luntatem
480 2177 767 2216 cognoscere
789 2172 831 2206 et
854 2167 1091 2217 cognitam
1112 2167 1330 2218 perficere
1352 2179 1615 2208 mereamur
1634 2167 1663 2206 ⁰.

317 2237 556 2287 Panormi,
584 2237 631 2276 18
652 2236 764 2288 Maji
789 2237 902 2277 1551.

316 2307 442 2347 Tuus
464 2308 509 2347 in
533 2307 719 2347 Christo
740 2308 850 2360 Jesu
872 2308 1087 2348 minimus
1107 2308 1226 2348 filius

1090 2448 1274 2489 PAULUS
1304 2449 1360 2489 D'
1392 2450 1625 2490 ACHILLIS.

295 2630 301 2648 Ι
342 2630 493 2663 pedibus
511 2630 676 2656 manibus
689 2630 811 2657 ierunt.
822 2631 907 2657 Aen.

291 2676 305 2694 ⁴.»
343 2676 427 2709 quod
442 2677 546 2702 laetis
561 2677 734 2710 auspiciis
748 2679 924 2711 coeptum,
939 2677 1147 2704 laetioribus
1157 2678 1348 2711 processit,
1362 2678 1572 2704 laetissimis
1587 2678 1779 2705 confectum
1794 2683 1856 2706 est.

241 2723 455 2757 ACH.-—quod
470 2728 502 2750 et
518 2724 707 2750 confectum
722 2727 784 2751 est.
801 2724 879 2752 POL.

291 2771 304 2790 ῖ-
345 2773 600 2797 sexcentorum.
622 2771 710 2797 Aen.

292 2821 303 2839 J.
345 2819 509 2845 obtinuit.
532 2818 618 2845 Aen.

292 2865 306 2884 5
344 2866 465 2892 Totam
481 2865 568 2892 hanc
583 2866 769 2899 periodum,
786 2873 805 2893 a
820 2867 925 2892 verbo
940 2865 1104 2899 Drepani
1118 2865 1159 2892 ad
1175 2867 1332 2898 curavit,
1346 2865 1542 2893 interseruit
1557 2866 1740 2894 POLANCUS.

292 2913 306 2931 ⁶
345 2913 515 2946 cognitam
530 2912 702 2946 perficere,
726 2913 877 2946 denique
895 2913 1113 2947 promissam
1135 2913 1234 2939 nobis
1253 2913 1510 2940 haereditatem
1533 2914 1634 2940 adire
1657 2921 1857 2941 mereamur.

239 2961 395 2988 Amr—et
412 2961 581 2995 cognitam
594 2959 755 2993 perficere
773 2967 972 2988 mereamur.
990 2960 1067 2986 Por.
