1987 3260
888 221 971 258 AN.
1004 220 1090 258 1551
1734 222 1805 259 437

169 316 298 356 mina
319 315 513 356 Isabella
535 315 541 334 ¹
561 316 812 367 singularis
834 316 1076 368 cujusdam
1098 316 1283 368 pietatis
1305 322 1349 356 et
1370 317 1609 367 religionis
1631 317 1802 357 indicia

172 386 394 437 ostendit,
425 393 474 426 ut
505 386 666 427 similis
698 388 884 427 omnino
914 388 1052 427 matri
1083 392 1321 439 appareat.
1351 387 1433 427 Illa
1461 388 1584 427 enim
1610 388 1724 438 petit
1745 388 1802 428 de

172 467 263 506 quo
284 457 468 508 placeat
490 469 561 497 me
584 458 871 498 concionari.
897 457 1016 508 Quid
1044 465 1200 498 autem
1227 458 1432 510 quaerit?
1462 457 1618 508 Certe,
1646 457 1797 509 Pater,

174 527 296 577 quod
317 528 430 568 viris
451 528 671 579 perfectis
703 535 780 568 aut
810 528 868 568 ad
897 528 1231 580 perfectionem
1259 528 1563 568 christianam
1591 529 1799 580 aspiran-

170 597 293 636 tibus
315 599 431 638 solet
453 610 554 638 esse
583 598 732 648 cordi3
762 610 884 639 nunc
914 599 1036 639 enim
1063 600 1175 651 petit
1204 605 1252 639 ut
1277 610 1416 650 agam
1447 598 1502 638 de
1533 605 1799 650 contemptu

173 667 351 719 mundi,
375 680 497 709 nunc
525 668 580 708 de
609 670 920 720 abnegatione
950 670 1019 709 sui
1048 670 1213 721 ipsius,
1242 681 1366 709 nunc
1394 669 1450 709 de
1478 681 1636 719 cruce,
1660 682 1799 721 quam

171 738 364 790 quisque
384 739 506 779 ferre
528 740 713 788 debeat,
737 740 793 780 de
810 747 976 786 morte,
997 741 1052 780 de
1070 741 1297 781 charitate
1313 740 1420 791 Dei,
1440 740 1495 780 de
1517 740 1793 781 humilitate:

168 820 226 847 ex
247 809 318 848 his
340 810 508 861 colligo
531 811 705 862 aliquid
727 811 771 851 in
794 823 848 851 ea
869 812 1014 851 latere
1037 812 1159 863 quod
1179 811 1355 863 patebit
1383 811 1584 861 tandem,
1611 822 1718 851 cum
1739 812 1796 851 ad

169 880 485 920 maturitatem
505 883 786 932 pervenerit.
811 882 899 933 Qui
921 883 1042 922 enim
1064 882 1163 922 fieri
1189 888 1361 933 potest,
1392 887 1441 922 ut
1473 882 1551 933 qui
1572 882 1794 922 mundum

167 950 382 1002 intelligit
421 954 830 1004 contemnendum,
868 965 963 993 non
1002 954 1158 1004 cupiat
1189 965 1295 993 eum
1325 959 1623 993 contemnere
1658 959 1702 993 et
1728 964 1794 993 se-

168 1021 318 1071 ipsum
340 1023 638 1074 abnegando,
665 1036 769 1064 611111
790 1025 865 1064 1110
882 1036 1032 1075 grano
1054 1024 1226 1064 cadens
1248 1025 1294 1064 in
1321 1030 1495 1064 terram
1516 1024 1631 1063 nolit
1658 1025 1790 1074 mori,

169 1098 215 1131 ut
250 1093 385 1133 simul
415 1094 618 1134 moriens
640 1107 745 1135 cum
772 1108 846 1145 eo,
877 1096 1012 1135 simul
1041 1096 1236 1135 multum
1262 1095 1464 1135 fructum
1485 1094 1623 1134 ferat?

247 1162 330 1203 His
350 1165 576 1215 proximis
598 1165 780 1215 diebus,
806 1177 910 1206 cum
934 1166 1100 1207 Comes
1118 1166 1367 1216 Condiani,
1391 1171 1435 1205 et
1460 1165 1506 1205 in
1529 1166 1616 1205 hoc
1645 1176 1791 1216 regno

168 1233 238 1272 vir
259 1246 467 1274 summae
488 1236 608 1275 inter
630 1248 789 1276 omnes
810 1237 1058 1287 primarios
1080 1236 1394 1286 auctoritatis,
1419 1236 1633 1276 concioni
1654 1236 1790 1276 inter-

166 1303 348 1353 fuisset,
372 1311 417 1344 et
436 1317 679 1346 numerum
701 1307 1144 1347 communicantium
1171 1307 1217 1346 in
1243 1313 1404 1346 nostra
1431 1307 1628 1346 ecclesia
1651 1307 1788 1347 vidis-

163 1381 252 1421 set,
277 1375 526 1426 plurimum
546 1376 837 1426 aedificatus,
862 1377 978 1417 dixit
1006 1378 1137 1418 nobis
1167 1378 1480 1427 audientibUS,
1510 1389 1614 1417 cum
1643 1378 1790 1417 altera

142 1445 235 1484 [die
265 1458 350 1486 nos
379 1447 566 1487 viseret:
592 1448 706 1488 haec
736 1449 848 1488 mihi
877 1448 1061 1488 videtur
1096 1460 1210 1488 vera
1244 1449 1364 1488 ratio
1392 1449 1537 1488 divini
1564 1450 1715 1488 cultus
1745 1455 1789 1488 61

161 1528 326 1557 sacrae
353 1518 590 1569 religionis
618 1519 915 1559 excolendae.
951 1519 1102 1559 Valde
1132 1531 1180 1559 se
1215 1519 1417 1559 ostendit
1448 1530 1559 1570 erga
1588 1519 1788 1560 Societa-

162 1593 253 1627 tem
292 1596 500 1629 nostram
537 1589 777 1640 affectum,
814 1590 1093 1642 Patremque
1127 1591 1466 1642 Hieronymum
1499 1590 1786 1639 Domenech,

154 1669 297 1707 quem
319 1661 634 1710 superioribus
657 1662 790 1702 annis
812 1668 1031 1709 noverat,
1056 1661 1247 1701 mirifice
1274 1661 1444 1712 diligit;
1468 1662 1655 1701 Patrem
1675 1674 1789 1701 1610

161 1727 374 1770 Natalem
402 1732 526 1782 cupit
557 1743 866 1783 cognoscere,
903 1744 1039 1783 quem
1074 1744 1160 1772 nec
1194 1732 1310 1772 Vidit
1345 1732 1516 1783 adhuc,
1555 1744 1661 1772 cum
1692 1733 1789 1783 ipsc

159 1811 410 1851 numquam
428 1802 672 1842 Messanae
689 1803 827 1843 fuerit
849 1804 906 1843 ab
928 1815 982 1843 eo
999 1809 1206 1854 tempore
1229 1804 1353 1853 (nam
1373 1809 1471 1843 tum
1492 1803 1538 1842 in
1555 1803 1788 1844 Calabria.

159 1872 282 1921 quod
304 1872 366 1912 ibi
388 1872 583 1913 Pro—rex
604 1882 750 1925 esset,
783 1875 1177 1924 commorabatur>
1208 1886 1297 1926 quo
1328 1886 1413 1914 nos
1443 1874 1533 1914 huc
1560 1875 1789 1921 venimus;

157 1942 393 1984 desiderat
416 1952 590 1995 autem,
622 1952 671 1985 ut
700 1953 768 1985 651
796 1946 868 1985 111·
894 1946 1021 1997 pius,
1052 1946 1253 1997 aliquem
1283 1958 1341 1985 ex
1368 1931 1531 1985 nostra
1558 1944 1790 1985 Societate

161 2014 283 2063 apud
317 2026 365 2054 se
405 2015 591 2056 habere.
625 2016 830 2067 Cumque
859 2016 1045 2065 a1nobis
1075 2023 1321 2068 quaereret
1348 2016 1385 2055 si
1416 2016 1461 2055 id
1494 2015 1593 2056 fieri
1614 2022 1787 2067 posset.

155 2084 360 2124 diximus
396 2093 610 2137 oportere
647 2095 695 2127 ut
733 2087 781 2127 P.
815 2087 867 2127 T.
901 2088 964 2132 ,de
995 2088 1083 2128 hac
1117 2099 1167 2127 16
1204 2087 1446 2137 scriberet,
1480 2098 1622 2138 penes
1653 2098 1789 2138 quem

158 2154 273 2194 haec
296 2163 395 2195 erat
416 2156 632 2202 facultas;
665 2166 707 2197 et
735 2159 949 2208 quamvis
975 2158 1272 2198 crederemus
1301 2157 1390 2197 hoc
1418 2158 1546 2197 illum
1573 2170 1599 2197 a
1627 2165 1670 2197 te
1697 2169 1790 2197 non

156 2237 258 2264 esse
279 2225 654 2277 impetraturum,
680 2240 785 2267 cum
807 2228 851 2267 id
882 2228 1016 2268 nobis
1044 2228 1294 2269 admodum
1322 2228 1503 2268 difficile
1534 2228 1787 2277 videretur,

144 2293 464 2344 judicavimus
486 2305 642 2338 tamen
663 2299 826 2338 melius
848 2311 950 2338 esse
971 2305 1020 2338 ut
1045 2299 1110 2339 ita
1137 2299 1549 2350 responderemus,
1580 2311 1721 2350 quam
1741 2306 1789 2338 ut

156 2366 218 2405 illi
257 2378 386 2417 spem
426 2379 610 2408 omnem
649 2369 981 2420 adimeremus;
1023 2381 1128 2409 cum
1166 2381 1251 2409 nos
1290 2370 1569 2420 praesertim
1607 2371 1786 2418 lateret,

156 2437 265 2487 quid
286 2439 473 2478 omnino
494 2439 582 2478 hac
606 2440 651 2478 in
673 2451 723 2479 16
744 2440 841 2479 11611
862 2446 1040 2491 posset,
1071 2446 1151 2480 aut
1177 2440 1318 2480 etiam
1350 2440 1459 2491 quid
1484 2440 1532 2481 P.
1565 2440 1616 2480 T.
1648 2441 1786 2492 potis-

154 2507 322 2548 simum
356 2510 575 2560 placeret.
611 2510 744 2550 Nunc
772 2510 894 2550 idem
925 2510 1091 2551 Comes
1120 2510 1340 2562 frequens
1367 2517 1436 2551 est
1463 2511 1781 2559 concionibus,

153 2589 351 2630 cumque
373 2581 449 2619 uni
471 2580 542 2620 his
564 2580 724 2621 diebus
745 2593 837 2621 non
857 2580 1162 2631 interfuisset,
1189 2582 1348 2622 nescio
1367 2593 1457 2633 qua
1481 2594 1530 2621 re
1552 2582 1782 2632 detentus,

154 2648 315 2689 dolens
343 2662 404 2703 ca
426 2663 474 2690 se
502 2651 736 2702 privatum
762 2651 925 2701 fuisse,
959 2652 1212 2702 quaesivit,
1251 2658 1294 2692 et
1330 2652 1467 2692 avide
1497 2652 1705 2703 quidem,
1737 2658 1785 2692 ut

152 2730 257 2759 eam
286 2720 332 2759 in
361 2721 557 2761 ecclesia
594 2722 864 2761 monialium
898 2722 1032 2773 (quae
1063 2733 1323 2762 conversae
1359 2722 1589 2772 dicuntur)
1623 2722 1784 2762 audire

154 2795 326 2839 posset.
358 2789 621 2842 Numquam
656 2804 768 2831 1610
804 2792 862 2831 ad
896 2803 980 2831 nos
1004 2792 1152 2842 venit,
1185 2793 1297 2843 quin
1327 2793 1478 2832 laetus
1507 2793 1613 2832 111116
1646 2799 1783 2843 atque

152 2860 404 2908 plurimum
426 2862 716 2913 aedificatus,
741 2862 913 2903 Christi
934 2863 1244 2913 benignitate,
1269 2862 1492 2903 discedat.

212 3019 220 3038 Ι
262 3020 448 3055 Pro-regis,
466 3021 603 3054 joannis·
619 3023 657 3048 de
678 3022 774 3056 X'ega
790 3044 795 3051 .
810 3022 887 3050 filia.
