1987 3260
199 188 269 225 310
706 187 932 225 LITTERAE
959 198 1315 230 QUADRIMESTRES

279 283 516 334 Elegimus
537 289 780 335 praeterea
806 283 944 333 duOS‚
975 284 1052 334 qui
1072 295 1186 334 prae
1214 284 1410 324 caeteris
1433 284 1711 324 authoritate
1740 296 1821 323 va-

197 354 368 405 lebant,
393 366 590 405 quorum
609 354 667 394 sit
689 354 889 393 officium
903 354 1006 394 lites
1024 354 1215 405 quasvis
1233 354 1463 406 deponere
1481 367 1535 394 ac
1552 355 1820 395 inimicitias

198 426 297 464 sive
318 425 574 465 discordias
591 437 598 475 3
622 424 881 475 regnabant
896 424 1018 464 enim
1033 425 1259 476 plurimae
1274 425 1502 465 factiones
1519 432 1656 477 atque
1672 426 1818 465 homi-

199 496 341 536 cidia:
364 497 439 536 hic
461 495 598 535 audio
626 507 717 535 uno
739 496 811 535 die
839 496 1175 547 quinquaginta
1201 496 1381 535 occisos
1407 496 1570 545 fuisse,
1604 497 1665 536 ibi
1687 508 1816 536 sexa-

195 567 341 618 ginta,
358 567 465 606 alibi
482 573 668 606 centum
684 566 1017 617 quadraginta:
1034 566 1191 606 omnia
1208 566 1391 606 demum
1407 567 1668 607 homicidiis
1681 568 1818 618 plena

199 643 244 677 et
277 637 594 677 seditionibus,
626 636 664 676 O
700 642 809 687 quot
843 637 1188 687 oppressiones,
1225 642 1335 687 quot
1365 644 1526 687 raptus
1561 637 1813 689 virginum,

198 714 308 759 quot
329 708 588 757 latrocinia,
613 713 721 758 quot
751 707 1020 747 violentiae!
1045 713 1088 747 et
1117 707 1269 747 adhuc
1296 708 1463 759 plagae
1491 708 1659 747 calent.
1691 709 1748 748 Et
1770 715 1819 748 ut

199 791 354 829 unum,
384 778 503 818 unde
533 785 718 817 caetera
740 777 979 829 conjicies,
1009 778 1223 829 referam,
1258 778 1317 818 ad
1345 778 1656 829 quadraginta
1686 779 1820 818 exiis

199 850 275 900 qui
302 849 455 889 occiso
484 849 669 889 cuidam
695 848 929 900 conjuncti
955 855 1108 899 erant,
1140 850 1186 888 in
1215 847 1450 899 conjectos
1482 848 1492 867 ¹
1521 849 1708 900 quidam
1734 849 1818 889 Ta-

200 920 359 960 narius
386 920 624 970 sigillatim
652 920 868 959 evocavit
894 925 952 970 et,
983 920 1185 960 securim
1211 920 1258 960 in
1284 931 1425 960 manu
1453 920 1644 970 habens,
1668 920 1820 971 capite

198 991 452 1038 truncavit3
477 1002 533 1029 ne
555 990 633 1029 uni
655 990 839 1041 quidem
858 991 1080 1042 pepercit,
1104 996 1149 1030 et
1170 996 1325 1030 tamen
1346 996 1459 1031 natu
1478 991 1672 1041 grandis
1703 997 1817 1030 erat.

200 1061 346 1101 Electi
368 1066 474 1100 sunt
494 1061 637 1111 igitur
657 1059 918 1111 hujusmodi
945 1061 1075 1111 pacis
1102 1061 1443 1111 conciliatores,
1474 1067 1517 1101 et
1546 1072 1820 1112 componen-

199 1132 364 1171 darum
391 1131 732 1171 dissensionum
758 1131 970 1182 modum,
994 1137 1043 1171 ut
1064 1142 1152 1182 ego
1173 1131 1220 1172 in
1240 1131 1440 1171 Domino
1461 1132 1731 1182 sentiebam,
1756 1132 1822 1171 eis

199 1202 389 1253 tradidi;
409 1208 451 1242 et
474 1202 669 1253 singulis
691 1202 945 1253 quibusque
961 1202 1092 1242 festis
1113 1203 1395 1253 congregari
1413 1214 1518 1243 cum
1534 1202 1638 1242 filiis
1655 1202 1821 1242 debent

198 1274 244 1313 in
266 1273 489 1323 ecclesiis,
514 1278 563 1312 ut
585 1273 890 1313 christianam
917 1273 1179 1313 doctrinam
1206 1273 1388 1324 utrique
1421 1273 1678 1313 addiscant.
1705 1272 1823 1313 Ver-

198 1350 362 1384 santur
384 1344 505 1384 enim
530 1344 576 1383 in
596 1344 804 1383 maxima
825 1343 1091 1394 ignorantia
1122 1344 1211 1384 Dei
1238 1350 1282 1384 et
1309 1355 1465 1384 rerum
1493 1344 1818 1395 spiritualium;

197 1416 317 1455 unde
339 1416 458 1455 inter
474 1416 616 1455 hosce
633 1421 813 1454 montes
831 1421 927 1454 tam
942 1415 1086 1454 multa
1103 1414 1353 1454 homicidia
1370 1416 1583 1467 malaque
1601 1415 1691 1454 alia
1710 1420 1819 1454 nata

197 1492 315 1526 sunt.

274 1557 545 1607 Delegimus
580 1558 719 1597 etiam
752 1557 994 1607 foeminas,
1032 1569 1149 1608 quae
1178 1556 1467 1597 infirmorum
1495 1568 1655 1596 curam
1683 1557 1820 1596 habe-

194 1634 318 1679 rent;
342 1628 491 1679 primo
514 1628 700 1679 quidem
720 1634 769 1668 ut
791 1628 1098 1668 confiteantur
1120 1635 1164 1667 et
1186 1628 1551 1674 communicent;
1575 1628 1760 1680 deinde,
1784 1628 1823 1667 si

194 1711 424 1751 pauperes
446 1698 631 1749 fuerint,
651 1704 700 1738 ut
722 1699 902 1749 aliquos
919 1699 974 1738 de
992 1698 1380 1749 congregatione,
1400 1704 1448 1737 ut
1463 1698 1573 1748 dixi,
1594 1698 1819 1748 instituta,

195 1782 277 1821 per
299 1770 522 1821 oppidum
543 1770 740 1818 mittant,
775 1769 852 1820 qui
878 1769 1148 1808 necessaria
1178 1769 1371 1809 infirmis
1399 1775 1583 1809 curent:
1615 1770 1673 1809 ad
1707 1780 1825 1820 quas

197 1841 339 1881 etiam
361 1840 609 1891 pertinebit
631 1840 836 1890 dissidia,
863 1851 981 1891 quae
1006 1840 1124 1879 inter
1140 1840 1366 1879 foeminas
1387 1839 1617 1890 accidunt,
1639 1851 1820 1890 compo-

195 1923 322 1951 nere.
348 1911 422 1951 Ad
449 1911 754 1950 christianam
782 1911 922 1950 etiam
946 1911 1209 1950 doctrinam
1237 1910 1515 1950 audiendam
1542 1910 1704 1950 iisdem
1732 1910 1820 1950 die-

194 1983 279 2021 bus
300 1982 431 2021 festis
454 1981 620 2021 debent
641 1982 907 2031 convenire,
931 1981 1139 2032 filiasque
1160 1982 1209 2021 in
1223 1981 1447 2032 pudicitia
1465 1993 1559 2021 non
1577 1982 1624 2021 in
1641 1981 1827 2020 choreis

196 2059 238 2092 et
265 2052 447 2104 pompis
475 2052 692 2102 enutrire,
726 2057 776 2091 ut
805 2052 1030 2091 hactenus
1058 2063 1164 2091 cum
1200 2063 1371 2102 magno
1409 2052 1618 2103 corporis
1652 2058 1695 2091 et
1725 2052 1819 2091 ani-

195 2134 297 2162 mae
315 2123 484 2162 damno
502 2121 726 2162 fecerunt.
751 2122 868 2162 Tam
884 2122 1012 2173 ipsae
1033 2134 1173 2173 quam
1189 2122 1278 2162 viri
1295 2128 1343 2162 ut
1361 2122 1553 2162 Missam
1570 2122 1760 2162 audiant
1777 2128 1822 2161 et

196 2205 419 2233 coronam
446 2204 527 2232 seu
556 2193 786 2232 rosarium
807 2193 1009 2244 quotidie
1038 2192 1209 2243 dicant,
1237 2192 1409 2244 jejunia
1439 2193 1496 2232 ab
1523 2193 1735 2232 Ecclesia
1756 2193 1820 2232 in-

197 2264 337 2303 ducta
360 2264 623 2314 observent,
647 2269 692 2303 et
719 2271 878 2303 mutua
909 2264 1137 2303 charitate
1167 2275 1215 2303 se
1238 2264 1619 2315 complectantur,
1644 2262 1825 2303 efficere

198 2334 480 2374 curavimus.
503 2333 637 2384 Quod
652 2345 734 2385 per
750 2333 838 2373 Dei
853 2334 1056 2385 gratiam
1073 2345 1122 2373 se
1140 2334 1472 2374 observaturos
1489 2334 1817 2385 promiserunt.

279 2404 475 2444 Multum
495 2405 635 2443 etiam
654 2404 1004 2455 lachrymarum
1024 2403 1240 2444 fuderunt
1262 2405 1531 2444 sacerdotes
1548 2410 1593 2444 et
1614 2404 1721 2444 laici
1740 2415 1825 2455 per

198 2475 329 2515 verbi
352 2475 439 2515 Dei
467 2475 700 2515 virtutem.
735 2475 791 2515 Et
818 2487 985 2515 revera
1015 2475 1339 2515 admirandam
1369 2475 1492 2515 vitae
1520 2475 1821 2514 mutationem

197 2558 298 2586 esse
318 2545 493 2585 factam
514 2552 619 2596 post
639 2545 838 2596 primam
858 2546 1190 2596 visitationem,
1214 2546 1260 2585 in
1281 2546 1369 2585 hac
1393 2545 1597 2585 secunda
1619 2544 1821 2584 animad-

198 2622 344 2656 verto.
374 2615 506 2655 Adeo
534 2622 583 2655 ut
608 2615 703 2655 fere
741 2627 900 2655 omnes
927 2615 1091 2655 diebus
1113 2616 1357 2656 dominicis
1388 2615 1749 2662 communicent,
1780 2621 1824 2655 et

197 2694 294 2727 tam
311 2686 578 2726 sacerdotes
596 2686 888 2737 quamlaicos
904 2687 951 2725 in
964 2686 1135 2737 pietate
1145 2687 1397 2737 profecisse
1416 2693 1657 2737 tantopere
1670 2686 1821 2733 video,

200 2764 247 2797 ut
270 2757 370 2797 Deo
391 2756 649 2796 ineffabiles
670 2756 930 2807 gratiarum
951 2756 1160 2796 actiones
1181 2757 1448 2797 debeantur.

280 2828 338 2867 Et
364 2834 413 2866 ut
440 2827 702 2866 devotionis
736 2827 923 2877 aliquod
961 2826 1146 2876 signum
1179 2827 1261 2866 tibi
1294 2827 1513 2876 referam,
1544 2827 1745 2877 quodam
1778 2827 1824 2865 in

260 2938 269 2957 ¹
311 2936 375 2970 Sic;
403 2938 461 2964 sed
488 2938 571 2964 haec
600 2939 717 2965 iisdem
745 2938 814 2965 sere
842 2937 956 2965 verbis
981 2940 1143 2966 enarrata
1167 2938 1244 2965 vide
1265 2938 1298 2965 in
1320 2938 1485 2967 PorAxco,
1513 2937 1714 2970 Clzronicon,
1741 2941 1765 2965 t.
1792 2944 1825 2969 ιι,

202 2984 349 3018 an.1551,
366 2991 396 3010 n.
413 2985 457 3019 77,
473 2992 550 3019 pag.
570 2985 628 3011 190.
