1987 3260
889 177 968 213 Ax.
1000 176 1090 213 15:30
1725 177 1796 214 229

171 274 440 324 vigilantia,
465 273 542 325 qui
563 274 687 313 omni
707 284 798 323 quo
820 279 1012 323 possunt
1034 272 1186 312 studio
1214 272 1457 322 increpant
1478 281 1521 311 et
1543 273 1791 324 castigant,

170 355 286 395 quos
320 344 440 384 forte
471 344 759 395 comperiunt
795 344 841 383 in
875 344 1029 395 aliquo
1062 342 1331 394 deliquisse3
1361 354 1451 394 quo
1485 341 1532 382 fit
1566 349 1615 382 ut
1642 344 1794 383 nullus

170 415 358 454 omnino
380 427 406 454 a
430 421 560 465 parte
582 415 736 466 aliquo
758 414 873 454 vitio
895 415 1040 465 possit
1062 413 1230 454 notari.

247 485 297 524 In
317 486 404 525 hac
433 486 568 525 domo
597 497 755 525 sumus
780 497 972 526 numero
1000 485 1184 524 circiter
1212 483 1324 534 XX,
1348 495 1544 534 quorum
1565 484 1790 534 nonnulli,

164 554 260 605 jam
281 556 512 596 dictorum
534 562 734 607 quatuor
754 556 982 596 mensium
1011 555 1263 604 curriculo,
1286 554 1487 594 adversa
1517 554 1792 593 laborarunt

167 627 454 676 valetudine3
480 634 526 666 at
546 639 683 677 nunc,
707 627 807 667 Deo
824 627 1039 678 propitio,
1063 637 1224 666 omnes
1246 625 1304 665 ad
1325 637 1467 665 unum
1489 635 1648 664 sumus
1669 624 1792 664 inco-

168 697 335 746 lumes,
366 710 450 749 pro
481 699 606 738 virili
637 699 801 738 dantes
831 709 1019 749 operam
1055 703 1102 737 ut
1136 695 1417 747 quotidianis
1447 695 1795 735 accessionibus

165 768 387 808 scientiae
410 775 546 819 atque
567 769 793 809 virtutum
814 769 1006 819 quisque
1036 779 1084 807 se
1108 768 1206 818 ipso
1228 765 1376 817 major
1397 765 1580 805 evadat.
1607 765 1692 805 Die
1714 765 1794 805 do-

165 838 335 879 minico
365 840 410 879 in
438 840 732 889 designatum
760 840 914 879 locum
943 839 1139 889 coimus,
1177 838 1224 877 in
1254 849 1344 889 quo
1374 836 1571 888 juvenes
1603 842 1792 876 nostros

165 908 446 950 domesticos
469 911 639 950 mutuis
666 911 785 950 inter
818 921 866 949 se
893 909 1103 949 exerceri
1132 920 1351 949 curamus
1381 907 1787 959 disputationibus,

168 990 258 1018 uno
299 992 381 1019 sex
421 980 634 1020 diversas
674 980 999 1020 conclusiones
1044 979 1319 1019 defendente
1364 984 1408 1018 et
1454 978 1557 1018 aliis
1602 977 1791 1017 easdem

165 1051 561 1101 oppugnantibus,
592 1051 981 1103 quemadmodum
1012 1051 1110 1091 fieri
1131 1051 1249 1091 solet
1280 1051 1327 1090 in
1353 1049 1685 1101 philosophicis
1706 1060 1790 1088 seu

164 1120 441 1172 theologicis
469 1122 910 1162 concertationibus.
942 1121 1090 1161 Porro
1120 1122 1421 1173 epistolarum
1450 1119 1788 1172 componenda-

164 1203 266 1231 rum
300 1193 573 1233 exercitatio
607 1193 724 1232 alios
759 1193 856 1232 dies
890 1192 1209 1232 hebdomadae
1239 1192 1327 1232 sibi
1359 1192 1640 1242 vindicavit3
1678 1197 1789 1231 tunc

166 1264 288 1303 enim
315 1270 359 1303 et
387 1264 475 1315 ipsi
503 1264 725 1315 epistolas
752 1263 961 1303 vicissim
988 1263 1243 1314 parietibus
1267 1262 1459 1312 affigunt
1488 1262 1544 1301 ab
1576 1262 1789 1302 omnibus

164 1334 387 1384 legendas
407 1341 451 1374 et
472 1334 824 1374 examinandas.
848 1333 997 1373 Simili
1026 1345 1217 1384 prorsus
1248 1333 1408 1373 ordine
1430 1332 1614 1372 auditas
1634 1332 1789 1372 lectio-

162 1417 245 1444 nes
265 1412 480 1457 repetunt
500 1406 546 1445 in
567 1411 802 1445 conventu
819 1405 1045 1454 omnium,
1070 1416 1128 1444 ex
1155 1415 1246 1455 quo
1267 1415 1380 1443 sane
1400 1415 1493 1443 non
1518 1415 1685 1454 parum
1706 1404 1790 1443 uti-

161 1477 305 1516 litatis
326 1477 603 1528 percipiunt.

241 1548 483 1599 Templum
509 1554 721 1588 nostrum
745 1549 902 1598 plures
930 1547 1066 1587 solito
1098 1546 1416 1597 frequentant,
1448 1545 1660 1596 quamvis
1686 1557 1791 1596 pro·

160 1626 264 1669 pter
286 1619 528 1670 angustias
555 1625 600 1659 et
631 1619 748 1658 alias
770 1629 938 1658 causas
960 1618 1115 1658 multis
1137 1615 1595 1657 incommoditatibus
1615 1622 1786 1667 pateat:

162 1696 205 1728 et
225 1690 380 1740 plures
403 1701 542 1740 quam
563 1690 790 1729 hactenus
810 1689 1037 1740 incipiunt
1053 1688 1165 1728 inibi
1187 1687 1398 1728 confiteri
1412 1694 1457 1727 et
1474 1688 1792 1727 communica-

161 1772 226 1806 re,
251 1760 528 1811 quibusdam
550 1760 867 1800 asserentibus
889 1759 1144 1799 credidisse
1165 1770 1214 1799 se
1231 1770 1316 1798 nos
1331 1757 1603 1798 facultatem
1619 1758 1791 1798 habere

163 1832 337 1871 nullam
358 1831 405 1870 in
426 1831 809 1871 administrandis
832 1830 1165 1877 sacramentis,
1190 1841 1354 1870 verum
1376 1835 1524 1869 totam
1546 1829 1793 1880 professio-

163 1914 269 1942 nem
290 1903 581 1942 nostramad
602 1904 750 1943 solum
773 1902 972 1942 docendi
992 1913 1160 1942 munus
1188 1912 1325 1952 posse
1353 1901 1560 1951 extend13
1584 1896 1675 1952 qua
1697 1901 1792 1952 qui-

165 1974 269 2013 dem
285 1973 532 2012 occasione
550 1974 747 2024 amplius
759 1972 967 2023 animati,
985 1972 1222 2012 dominum
1238 1972 1509 2021 Pro-regem
1525 1972 1789 2021 instantius,

162 2055 255 2083 una
276 2056 381 2083 cum
402 2050 535 2095 patre
555 2050 716 2083 nostro
745 2044 950 2094 LayneZ,
974 2043 1244 2093 urgebimus
1270 2049 1320 2082 ut
1341 2043 1470 2082 locus
1492 2042 1795 2082 concionibus

161 2121 206 2154 et
227 2115 619 2155 administrationi
639 2114 905 2154 huiusmodi
925 2119 1329 2154 sacramentorum
1349 2113 1501 2163 magis
1530 2124 1791 2153 accommo-

162 2186 247 2225 dus
266 2186 400 2225 nobis
422 2185 754 2236 prospiciatur;
783 2196 920 2236 quem
946 2185 1022 2224 ubi
1051 2184 1178 2224 nacti
1204 2183 1448 2233 fuerimus,
1482 2183 1673 2223 dubium
1698 2195 1794 2223 non

162 2263 231 2296 est
273 2256 404 2308 quin,
441 2256 601 2296 divina
636 2256 873 2307 aspirante
906 2255 1080 2306 gratia,
1117 2255 1183 2294 uti
1224 2255 1270 2294 in
1307 2254 1396 2294 hac
1437 2253 1791 2303 Panormitana,

163 2339 304 2379 quam
324 2327 599 2377 excolimus,
634 2327 772 2378 pube,
804 2327 867 2366 ita
898 2333 942 2366 et
971 2326 1017 2366 in
1047 2327 1217 2377 populo
1250 2326 1338 2366 isto
1374 2326 1591 2377 copiosus
1612 2325 1795 2365 fructus

166 2404 479 2448 proventurus
510 2398 583 2438 sit.

243 2469 384 2509 Novit
411 2469 692 2508 Reverentia
719 2468 891 2509 Vestra
920 2481 1010 2520 quo
1038 2475 1200 2520 pacto,
1231 2475 1439 2519 tempore
1461 2467 1571 2507 dicti
1607 2466 1794 2518 quadri-

164 2541 365 2590 mestris,
390 2540 528 2580 Pater
544 2540 731 2591 Laynez
753 2546 940 2580 secutus
957 2541 1016 2580 sit
1032 2540 1079 2579 in
1095 2538 1388 2590 expeditione
1404 2537 1631 2578 Africana
1648 2537 1793 2578 Suam

164 2611 515 2651 Excellentiam.
534 2611 715 2651 Interea
731 2622 861 2661 vero,
881 2611 937 2651 de
959 2617 1083 2651 statu
1100 2610 1309 2662 ejusdem
1324 2609 1490 2659 Patris,
1513 2615 1611 2649 tum
1627 2609 1797 2648 litteris

166 2682 387 2732 propriis,
428 2689 525 2722 tum
563 2683 815 2722 multorum
854 2689 982 2722 certo
1022 2682 1288 2721 testimonio
1326 2681 1414 2721 hoc
1461 2680 1790 2720 intelleximus:

165 2764 305 2803 quam
334 2753 516 2793 abunde
547 2753 676 2793 Deus
712 2753 924 2804 Optimus
954 2753 1188 2793 Maximus
1218 2752 1523 2802 benignitatis
1553 2762 1665 2790 suae
1686 2750 1794 2790 effe·

167 2829 292 2863 ctum
326 2823 667 2864 demonstravit
700 2835 784 2875 per
817 2824 999 2864 fidelem
1032 2834 1220 2863 servum
1255 2834 1410 2871 suum;
1442 2821 1540 2872 ejus
1574 2822 1794 2861 nimirum

168 2905 311 2944 opera
332 2901 427 2935 tam
456 2896 703 2936 salubriter
725 2908 864 2948 quam
891 2896 1021 2936 varie
1057 2908 1168 2935 usus
1195 2901 1263 2935 est
1294 2895 1340 2934 in
1370 2893 1666 2946 procuranda
1695 2900 1793 2933 tum

170 2977 418 3016 corporum
454 2975 548 3007 tum
579 2968 838 3008 animarum
867 2968 1014 3007 salute
1049 2967 1092 3006 in
1127 2966 1201 3005 illo
1237 2977 1320 3005 suo
1355 2965 1587 3012 exercitu3
1622 2963 1795 3004 etenim
