1987 3260
822 237 903 274 AN.
938 237 1027 273 155¹.)
1665 240 1736 277 565

782 722 1059 775 GXXXH

179 983 224 1019 P.
246 982 468 1021 Adrianus
488 983 812 1021 Adriaenssens

225 1048 345 1085 Patri
364 1048 532 1095 Ignatio
552 1048 604 1086 de
624 1048 807 1096 Loyola.

270 1112 483 1157 Lovanio,
503 1113 526 1150 2
542 1113 710 1161 Aprilis
733 1114 824 1151 1532
845 1116 869 1152 ¹.

913 1324 933 1356 ,ἰ-

876 1359 972 1399 IHS

185 1536 348 1575 Gratia
370 1542 413 1575 et
436 1548 528 1587 pax
549 1536 723 1577 Christi
744 1538 1003 1578 nobiscum.

186 1606 285 1646 Rde
307 1618 361 1646 ac
383 1608 702 1647 amantissime
725 1608 771 1648 in
792 1608 876 1648 X.⁰
896 1608 1056 1648 Pater:

182 1676 464 1728 Accepimus
484 1679 663 1718 litteras
690 1678 782 1718 Rdi
803 1679 852 1719 P.
877 1679 1100 1720 Polanchi
1124 1681 1324 1732 scriptas
1343 1680 1407 1721 8.ss
1428 1681 1598 1733 Martii,
1635 1683 1727 1733 qui-

103 1748 189 1787 bus
210 1748 458 1799 plurimum
479 1749 525 1788 in
546 1749 750 1789 Domino
771 1751 927 1800 gavisi
950 1762 1124 1802 sumus,
1149 1751 1352 1791 maxime
1381 1752 1489 1803 quia
1518 1752 1727 1803 intelligi-

103 1830 205 1858 mus
227 1818 467 1859 Summum
488 1819 760 1860 Pontificem
780 1821 904 1872 apud
930 1821 1266 1873 Imperatorem
1286 1829 1620 1873 procurantem
1649 1835 1728 1863 no-

104 1889 174 1928 bis
195 1890 430 1930 licentiam
451 1891 661 1941 erigendi
682 1892 944 1943 collegium.

182 1960 369 2011 Regens
389 1961 584 2012 Collegii
604 1962 833 2013 Liliensis‚
858 1964 934 2003 ubi
954 1963 1125 2004 fratres
1142 1964 1239 2015 jam
1259 1964 1474 2015 visitant,
1498 1977 1591 2004 non
1612 1965 1727 2005 desi-

102 2032 168 2071 nit
189 2031 322 2071 nobis
345 2031 510 2072 offerre
531 2039 678 2073 totum
699 2033 971 2085 Collegium,
995 2041 1043 2074 ut
1065 2047 1150 2074 nos
1170 2035 1234 2075 ibi
1255 2036 1423 2085 simus,
1455 2036 1575 2075 sicut
1596 2035 1727 2076 Stan-

100 2103 254 2142 donici
274 2103 319 2142 in
342 2102 490 2143 Porco
512 2104 540 2140 ²¹.
564 2104 743 2144 Norunt
764 2112 997 2146 nostrates
1020 2107 1130 2157 quid
1151 2107 1303 2146 velim.
1328 2107 1385 2147 Et
1406 2113 1510 2158 post
1528 2114 1726 2164 mortem

101 2185 235 2213 suam
269 2174 390 2213 idem
417 2173 602 2224 Regens
628 2176 909 2226 relinqueret
944 2176 1153 2228 Collegio
1184 2178 1334 2217 eidem
1354 2184 1553 2229 quatuor
1583 2178 1725 2218 millia

100 2244 381 2284 florenorum
402 2246 557 2285 semel.
582 2245 638 2285 Et
658 2246 704 2286 in
726 2247 890 2286 eodem
911 2246 1119 2298 Collegio
1140 2254 1210 2288 est
1230 2248 1342 2288 satis
1365 2249 1520 2300 ampla
1541 2248 1721 2299 domus,

99 2326 193 2354 non
214 2316 408 2355 multum
430 2317 697 2356 necessaria
718 2316 940 2368 Collegio,
965 2329 1070 2358 cum
1089 2319 1274 2370 publico
1291 2320 1477 2360 sacello.
1498 2319 1574 2360 Sic
1592 2332 1724 2372 cupe-

95 2392 165 2425 ret
185 2398 270 2425 nos
290 2386 351 2426 ibi
372 2387 597 2437 habitare,
622 2395 665 2427 et
688 2388 751 2427 ita
774 2388 997 2439 paulatim
1017 2396 1165 2429 totum
1186 2389 1446 2441 Collegium
1474 2402 1719 2442 occupare.

98 2455 219 2496 Sane
240 2469 333 2496 non
354 2464 511 2508 posset
532 2457 753 2498 Societati
775 2459 886 2510 quid
902 2460 1105 2509 optatius
1123 2461 1168 2500 in
1188 2460 1288 2500 istis
1306 2461 1600 2502 inferioribus
1621 2473 1722 2513 par-

96 2527 218 2566 tibus
239 2528 525 2579 contingere.
550 2528 631 2568 Est
653 2529 793 2568 etiam
814 2530 942 2569 locus
969 2531 1281 2582 amplissimus
1308 2538 1352 2571 et
1382 2532 1428 2571 in
1454 2532 1554 2583 ipso
1583 2532 1722 2572 corde

96 2598 268 2648 oppidi.
292 2599 446 2639 Unum
467 2605 535 2638 est
557 2599 679 2650 quod
700 2600 854 2640 obstat
881 2601 1127 2650 quominus
1156 2602 1383 2642 hactenus
1410 2602 1619 2654 petitioni
1637 2602 1721 2642 Re-

150 2790 158 2809 ¹
199 2791 445 2825 ,autographae
461 2792 597 2818 litterae
613 2792 644 2818 in
661 2792 738 2820 solio
754 2801 784 2819 n.
802 2794 861 2820 1218.

148 2837 161 2856 2
199 2837 243 2864 “ll
259 2837 409 2871 Collegio
425 2838 481 2865 del
502 2839 621 2871 Pon-o,
635 2839 691 2873 gia
706 2840 820 2867 antico
835 2841 887 2867 nel
904 2844 1016 2874 tempo
1032 2841 1085 2867 del
1108 2841 1142 2868 Ρ.
1158 2841 1326 2875 Adriano,
1343 2842 1479 2869 haveva
1495 2846 1615 2876 questa
1628 2843 1718 2877 ripu-

95 2884 239 2917 tazione,
256 2884 287 2911 di
302 2892 415 2912 essere
439 2886 501 2912 ben
525 2886 738 2920 provveduto
761 2886 791 2913 di
815 2891 915 2920 tutto,
941 2888 1050 2914 buona
1066 2895 1157 2921 casa,
1182 2889 1290 2916 buono
1315 2889 1572 2916 trattenimento
1587 2889 1619 2916 di
1633 2890 1716 2923 vita,

95 2931 195 2957 buoni
209 2931 311 2965 fundi,
328 2933 437 2959 buona
452 2933 769 2966 amministratione.
795 2935 902 2962 buono
927 2935 1058 2968 ordine,
1084 2940 1164 2969 etc.;
1190 2941 1223 2963 et
1244 2936 1318 2963 inde
1339 2937 1558 2970 proverbium
1581 2936 1718 2965 Comme

95 2976 290 3005 Messieurs
304 2979 347 3006 de
367 2978 566 3007 Standonck
581 2981 673 3007 dans
686 2981 718 3008 le
733 2981 856 3013 Porco,
871 2986 904 3009 et
919 2983 1137 3010 conservavit
1158 2983 1316 3017 deinceps
1330 2984 1452 3011 bonum
1472 2984 1552 3011 illud
1568 2992 1717 3018 nomen...

96 3023 190 3051 Hanc
206 3026 364 3053 notitiam
379 3026 538 3054 debemus
554 3027 756 3054 humanitati
772 3028 884 3056 Patris
900 3029 926 3061 J.
943 3030 979 3056 Β.
996 3029 1073 3056 Van
1088 3029 1209 3059 Meurs.
1227 3029 1258 3057 S.
1271 3030 1298 3063 J.
