1987 3260
207 192 278 230 588
708 190 936 226 LITTERAE
962 196 1318 230 QUADRIMESTRES

208 288 474 339 gredientes
495 286 549 326 de
570 286 742 326 virtute
763 284 810 323 in
829 284 1070 332 virtutem;
1103 281 1267 333 reliqui
1286 292 1399 320 vero
1420 292 1470 320 se
1501 292 1724 332 suamque
1762 282 1829 320 vi>

209 365 302 398 tam
325 357 428 397 aliis
447 356 725 406 religionum
744 353 967 394 institutis
988 357 1338 392 consecrarunt.

288 427 479 468 Praeter
507 427 592 466 hos
614 430 846 465 mercator
868 423 1070 475 quidam,
1093 422 1299 462 nondum
1320 421 1522 472 suscepit
1548 421 1801 470 exercitiis,

208 498 455 538 Societatis
475 495 663 536 vivendi
682 506 861 535 morem
882 492 1242 544 amplexandum
1263 491 1448 542 delegit,
1476 492 1555 542 qui
1577 491 1763 542 quidem
1785 492 1830 531 in

208 569 295 608 hac
322 568 434 607 urbe
463 578 555 606 non
582 566 781 616 exiguae
807 570 876 604 est
902 563 1273 613 existimationis,
1303 568 1402 602 tum
1427 568 1616 613 propter
1645 574 1829 602 morum

207 638 485 690 probitatem
518 643 615 677 tum
647 641 837 687 propter
865 646 1005 686 opum
1030 634 1291 684 facultates,
1323 634 1430 673 licet
1460 634 1547 672 hae
1584 645 1707 673 nunc
1739 644 1831 672 non

209 716 304 748 tam
331 708 513 758 amplae
541 708 631 747 sint
658 718 798 758 quam
832 712 938 745 ante
966 705 1167 745 fuerunt.
1199 704 1287 744 Vir
1314 710 1383 743 est
1413 704 1606 754 triginta
1644 703 1833 743 circiter

210 790 454 829 annorum,
479 778 630 818 adhuc
660 777 866 828 coelebs;
887 776 984 828 jam
1009 782 1079 816 est
1100 776 1147 815 in
1174 775 1392 815 nundinis
1421 774 1558 814 finem
1588 774 1830 824 imponens

209 850 410 900 negotiis
444 849 763 889 saecularibus
793 854 837 888 et
867 848 923 888 ab
952 848 1008 887 iis
1035 859 1084 887 se
1116 847 1374 896 extricans,
1411 845 1576 897 quibus
1604 846 1830 885 hactenus

209 921 413 960 irretitus
428 920 592 960 fuerat.
613 919 756 959 Nobis
772 919 1039 970 frequenter
1055 917 1216 958 scribit
1233 917 1288 956 de
1305 922 1429 956 statu
1446 927 1603 956 rerum
1620 927 1825 956 suarum.

207 991 420 1031 Affirmat
441 991 783 1041 negotiationes
800 1001 910 1029 suas
930 999 1184 1039 numquam
1200 987 1351 1038 magis
1367 999 1426 1026 ex
1441 986 1584 1026 animi
1602 986 1831 1026 sententia

209 1062 491 1102 successisse
519 1073 659 1113 quam
680 1061 770 1101 hoc
796 1066 1024 1111 tempore;
1049 1059 1203 1099 debita
1226 1069 1425 1109 namque
1456 1069 1649 1108 prorsus
1671 1056 1830 1108 despe-

209 1138 312 1173 rata
334 1132 645 1183 recuperavit.
676 1131 898 1171 Attamen
926 1131 990 1170 ait
1017 1136 1062 1170 et
1092 1130 1293 1180 ingenue
1319 1128 1494 1168 fatetur
1525 1129 1647 1167 hunc
1676 1139 1834 1167 rerum

209 1215 477 1243 successum
498 1214 792 1254 nequaquam
813 1201 996 1241 animae
1012 1201 1120 1252 paci
1135 1199 1362 1249 conferre,
1381 1199 1462 1239 sed
1482 1210 1561 1238 cor
1582 1209 1715 1238 suum
1736 1204 1836 1238 tan-

210 1274 314 1314 dem
334 1274 589 1325 inquietum
610 1273 724 1324 fore,
749 1273 895 1312 donec
913 1283 961 1311 se
979 1271 1237 1322 conspiciat
1253 1270 1380 1309 velut
1398 1269 1691 1315 infantulum.
1712 1268 1837 1308 intra

209 1346 439 1395 gremium
460 1344 722 1394 Societatis,
745 1344 819 1383 lac
841 1355 898 1383 ex
919 1342 1017 1394 ejus
1038 1341 1258 1381 uberibus
1285 1351 1452 1390 sugere
1474 1346 1518 1379 et
1546 1340 1662 1379 cibis
1689 1339 1747 1378 ab
1778 1351 1833 1378 ea

210 1415 501 1466 praemansis
522 1415 729 1455 enutriri.

288 1486 427 1525 Domi
446 1486 607 1526 decem
629 1496 803 1534 sumus,
828 1485 1041 1524 omnibus
1069 1484 1204 1523 simul
1225 1481 1560 1529 annumeratis,
1589 1487 1684 1520 tam
1705 1480 1841 1520 laicis.

209 1568 349 1607 quam
371 1557 568 1607 clericis,
589 1556 707 1595 sicut
724 1555 1039 1606 superioribus
1055 1553 1221 1593 litteris
1237 1552 1403 1602 scripsi
1419 1551 1564 1590 fusius
1582 1550 1661 1590 Pa.
1683 1551 1826 1600 Tuae;

210 1628 331 1667 intra
352 1639 468 1679 quos
488 1627 650 1679 paucis
670 1627 838 1666 abhinc
856 1626 1019 1665 diebus
1036 1624 1267 1665 admissus
1284 1629 1353 1662 est
1374 1622 1602 1662 scholaris
1624 1621 1838 1661 Salman-

209 1699 412 1749 ticensis‚
437 1699 677 1749 utriusque
697 1698 885 1748 linguae
907 1702 1155 1747 utcumque
1176 1695 1365 1746 peritus.
1390 1693 1492 1744 Ipse
1509 1704 1614 1732 cum
1637 1692 1839 1732 caeteris

210 1770 423 1810 omnibus
453 1770 499 1808 in
527 1769 624 1808 dies
652 1769 805 1818 magis
832 1779 887 1807 ac
915 1767 1066 1817 magis
1095 1765 1416 1817 provehuntur
1447 1764 1491 1803 in
1520 1764 1746 1803 virtutum
1777 1774 1832 1802 ac

209 1840 467 1880 litterarum
488 1839 788 1878 incremento.
813 1837 914 1877 Deo
936 1848 1117 1888 semper
1138 1842 1183 1876 et
1199 1836 1367 1886 ubique
1383 1835 1429 1874 in
1452 1834 1665 1874 omnibus
1686 1840 1730 1873 et
1746 1845 1830 1884 per

208 1911 363 1950 omnia
380 1911 494 1961 laus,
514 1911 663 1949 honor
679 1915 723 1949 et
744 1909 895 1959 gloria
912 1908 958 1947 in
976 1908 1163 1947 saecula
1181 1906 1489 1946 saeculorum.
1509 1904 1676 1944 Amen.
1700 1904 1830 1944 Divi—

208 1993 317 2021 nam
351 1980 449 2032 ejus
484 1979 777 2031 majestatem
811 1978 1081 2029 suppliciter
1117 1977 1343 2028 deprecor
1377 1981 1426 2015 ut
1461 1975 1595 2014 nobis
1629 1975 1835 2025 gratiam

210 2053 335 2091 illam
351 2051 569 2102 dignetur
590 2050 793 2101 elargiri,
818 2061 909 2100 qua
929 2048 1274 2089 sanctissimam
1303 2044 1401 2096 ejus
1423 2047 1714 2085 voluntatem
1734 2057 1834 2097 per-

209 2123 328 2162 fecte
360 2133 616 2171 agnoscere
643 2121 876 2173 possimus
903 2119 1204 2170 agnitamque
1237 2123 1333 2157 toto
1362 2116 1516 2156 cordis
1544 2122 1714 2156 conatu
1741 2127 1833 2155 am—

210 2194 483 2244 plectamur.
512 2192 678 2233 Amen.

288 2264 517 2304 Dominus
538 2264 672 2317 Jesus
693 2262 1028 2302 Paternitatem
1049 2261 1197 2300 Tuam
1218 2259 1351 2299 nobis
1371 2259 1449 2298 diu
1476 2263 1633 2298 servet
1661 2258 1833 2297 incolu-

210 2347 329 2374 mem
352 2341 395 2374 et
417 2334 573 2374 divino
595 2334 759 2385 spiritu
782 2345 865 2373 suo
887 2332 1085 2382 benigne
1117 2341 1299 2382 semper
1320 2329 1403 2369 tibi
1432 2329 1621 2368 assistat
1650 2329 1709 2368 ad
1738 2329 1833 2378 glo-

211 2406 329 2444 riam
349 2411 392 2444 et
414 2405 637 2445 honorem
658 2404 859 2444 nominis
882 2403 968 2442 sui.

289 2476 586 2527 Methymnae
610 2474 787 2525 Campi,
810 2474 835 2513 3
857 2474 941 2513 cal.
967 2472 1077 2524 Maji
1102 2472 1214 2511 1552.

290 2547 512 2597 Indignus
532 2553 576 2586 et
600 2546 815 2585 minimus
837 2545 955 2584 filius
975 2544 1024 2584 P.
1049 2544 1100 2583 T.

994 2686 1341 2725 MAXIMILIANUS
1373 2698 1402 2723 A
1431 2684 1653 2741 CAffl1,LA
1662 2716 1668 2723 .
