1987 3260
189 197 263 234 752
704 192 927 229 LITTERAE
954 199 1310 233 QUADRIMESTRES

193 293 262 333 sic
289 292 411 331 enim
438 289 663 330 intellexit
704 286 965 338 Superioris
999 286 1160 325 verba.
1190 284 1428 325 Consimili
1454 283 1615 324 habitu
1648 285 1818 325 missus

196 369 264 403 cst
295 363 411 402 alius
437 361 576 401 Pater
604 360 651 399 in
677 360 879 410 plateam
899 355 1035 408 hujus
1056 355 1234 408 oppidi,
1264 356 1450 395 indutus
1471 356 1571 395 sola
1591 356 1818 396 subucula

196 434 310 473 satis
336 433 516 481 attrita3
550 430 802 480 ivissetque
832 429 951 468 inter
981 433 1209 478 cognatos
1239 432 1284 466 et
1313 432 1448 466 notos
1477 426 1571 474 (hic
1601 426 1723 466 enim
1750 433 1820 466 est

195 504 355 553 ortus).
379 503 466 543 nisi
482 502 627 541 frater
643 500 830 552 quidam
847 511 952 539 eum
969 499 1157 539 domum
1177 497 1452 547 reduxisset,
1472 498 1745 549 priusquam
1762 498 1819 537 ab

199 575 352 626 aliquo
369 573 620 613 videretur.
644 571 823 612 Eodem
838 570 979 610 modo
996 569 1215 610 reductus
1235 575 1304 608 est
1322 568 1510 608 domum
1525 568 1669 608 frater
1686 568 1819 619 alius,

199 646 276 697 qui
298 645 355 684 ad
376 643 589 683 eumdem
609 643 763 682 locum
790 641 1059 681 mittebatur
1080 639 1255 679 cacabo
1282 639 1487 678 humeris
1514 650 1651 690 super
1680 639 1821 690 impo-

200 716 303 756 sito.
328 715 535 765 Cumque
556 713 702 753 frater
733 713 850 752 alius
878 712 1008 752 visus
1035 716 1156 751 esset
1183 711 1352 750 breves
1383 710 1566 749 tunicas
1592 709 1822 759 fastidire,

200 787 315 826 dixit
336 786 400 825 illi
420 785 578 824 statim
598 783 821 835 Superior
841 789 904 833 ut,
928 782 1091 822 relicta
1112 781 1249 821 talari
1269 787 1420 831 veste,
1445 780 1603 820 tunica
1625 780 1759 820 brevi
1774 791 1824 820 se

202 857 425 906 indueret,
446 855 695 908 jussusque
716 860 785 894 est
807 859 972 894 exutus
988 853 1127 904 pallio
1148 864 1230 903 per
1251 852 1475 903 populum
1497 851 1734 902 incedere;
1761 851 1826 891 in-

201 929 430 980 cessitque
452 933 496 967 et
518 926 704 966 domum
726 925 876 975 rediit,
900 924 1033 964 solito
1053 923 1246 964 hilarior
1267 929 1311 963 et
1340 922 1542 962 liberior.
1577 921 1825 962 Praeterea

202 1011 309 1040 cum
329 1000 674 1049 eleemosynam
701 995 889 1048 quidam
922 1006 1100 1047 pauper
1126 999 1325 1046 peteret,
1354 992 1508 1044 jussus
1535 993 1678 1032 frater
1710 993 1828 1032 alius

202 1070 373 1110 calceis
393 1081 442 1109 se
464 1079 635 1108 exuere
659 1073 703 1107 et
723 1079 802 1107 eos
824 1067 935 1107 dare
956 1066 1170 1118 pauperi3
1195 1065 1317 1117 quod
1339 1064 1499 1104 statim
1518 1064 1592 1104 ille
1613 1064 1722 1103 fecit
1735 1064 1826 1103 lae—

203 1149 277 1181 tus
299 1140 560 1181 admodum.
585 1138 811 1179 Sitiebant
832 1138 903 1177 his
932 1137 1217 1188 temporibus
1246 1148 1360 1176 arva
1386 1134 1484 1187 ejus
1506 1135 1683 1187 oppidi,
1709 1135 1826 1174 adeo

207 1218 253 1252 ut
272 1212 399 1264 putei
419 1222 592 1261 magna
614 1222 671 1249 ex
692 1215 823 1260 parte
841 1209 1211 1258 exsiccarentur;
1236 1207 1419 1256 magnis
1438 1206 1577 1246 etiam
1599 1205 1828 1256 angustiis

207 1289 330 1323 totus
351 1283 552 1333 populus
574 1282 620 1320 in
643 1292 879 1320 armorum
900 1279 1094 1331 strepitu
1120 1279 1413 1328 versabatur,
1439 1289 1491 1317 eo
1522 1277 1644 1328 quod
1671 1287 1830 1316 rumor

207 1360 327 1394 esset
349 1363 647 1393 numerosam
676 1350 948 1391 turcharum
969 1351 1167 1390 classem
1194 1361 1286 1389 non
1307 1349 1445 1399 longe
1474 1348 1649 1387 abesse.
1676 1347 1832 1397 Quare

209 1436 315 1464 cum
337 1424 476 1462 vellet
497 1422 666 1462 Rector
687 1428 845 1461 noster
867 1421 1010 1460 armis
1030 1420 1202 1460 nostris
1224 1431 1309 1459 nos
1338 1420 1476 1458 etiam
1498 1419 1705 1468 induere,
1726 1428 1831 1457 con-

208 1494 418 1545 gregatis
443 1494 656 1533 omnibus
677 1493 913 1541 fratribus,
936 1491 1177 1543 proposuit
1205 1490 1292 1529 illis
1313 1490 1443 1541 prius
1465 1489 1711 1529 universas
1731 1500 1834 1540 pro-

212 1567 368 1615 cellas,
406 1565 572 1616 quibus
602 1564 866 1615 jactabatur
901 1563 1131 1612 Ecclesia,
1170 1568 1213 1601 et
1247 1562 1459 1613 privatas
1489 1559 1752 1610 angustias,
1789 1559 1836 1598 in

205 1636 373 1688 quibus
393 1635 670 1675 versabatur
691 1635 765 1674 hic
787 1635 1004 1685 populus;
1029 1633 1194 1673 deinde
1215 1633 1503 1672 sciscitatum
1524 1637 1592 1671 est
1614 1631 1671 1670 ab
1693 1630 1836 1670 omni-

210 1709 294 1747 bus
316 1707 484 1758 quibus
504 1707 648 1746 armis
670 1706 891 1746 utendum
912 1705 1045 1744 nobis
1072 1710 1214 1754 esset,
1245 1709 1293 1743 ut
1324 1704 1369 1742 in
1392 1714 1542 1753 agone
1573 1702 1661 1741 isto
1682 1701 1836 1740 vince-

206 1790 380 1819 remus.
401 1777 723 1828 Assignabant
741 1775 927 1827 quidam
944 1776 1104 1815 Vivam
1122 1775 1273 1825 fidem,
1291 1775 1410 1814 alius
1426 1775 1715 1813 voluntatem
1732 1783 1838 1812 con-

211 1849 407 1889 formem
428 1849 586 1888 divino
603 1847 909 1899 beneplacito,
927 1847 1044 1886 alius
1062 1847 1338 1895 orationem,
1359 1846 1476 1885 alius
1494 1850 1840 1884 sacramentum

207 1920 519 1961 confessionis
541 1925 584 1959 et
606 1918 963 1967 communionis,
995 1917 1210 1957 meditari
1233 1918 1343 1956 item
1373 1918 1510 1966 longe
1539 1914 1717 1966 majora
1738 1925 1841 1954 esse

213 1993 354 2041 mala,
379 2003 498 2043 quae
519 2001 766 2037 meremur,
798 1990 870 2029 his
897 2001 1015 2040 quae
1045 1989 1178 2028 nobis
1210 1988 1399 2028 evenire
1427 1992 1635 2038 possunt.
1670 1985 1840 2025 Decre—

213 2070 309 2103 tum
330 2062 415 2102 fuit
435 2062 643 2111 tandem,
668 2061 887 2112 quoniam
908 2071 1114 2111 sequens
1135 2059 1235 2098 dies
1260 2059 1405 2098 festus
1433 2063 1532 2097 erat
1554 2055 1842 2107 Assumptio-

212 2135 304 2183 nis,
329 2140 377 2173 ut
396 2145 478 2184 per
498 2132 609 2172 illud
637 2132 873 2171 octiduum
902 2131 973 2171 fra
986 2137 1079 2171 tres
1101 2136 1171 2170 ter
1199 2130 1467 2180 acciperent
1497 2133 1843 2167 sacramentum

211 2203 573 2253 communioni&
615 2209 658 2242 et
698 2214 857 2243 coram
896 2202 996 2253 ipso
1043 2202 1183 2241 etiam
1214 2200 1521 2240 Sacramento
1552 2197 1841 2248 congregati,

212 2286 378 2314 omnes
407 2281 478 2314 ter
504 2285 584 2324 per
611 2279 796 2313 noctem
822 2272 983 2324 flagris
1013 2284 1062 2312 se
1095 2271 1373 2321 affligerent,
1409 2276 1453 2309 et
1480 2269 1602 2320 quod
1629 2280 1655 2307 a
1682 2268 1843 2319 quinta

216 2346 329 2385 hora
352 2345 579 2384 matutina
600 2355 746 2394 usque
768 2343 827 2383 ad
841 2355 1015 2383 nonam
1033 2342 1198 2382 horam
1218 2341 1534 2392 vespertinam
1551 2338 1700 2379 oratio
1716 2338 1845 2378 fieret

218 2416 315 2455 sine
344 2415 700 2462 intermissione,
724 2414 907 2465 partitis
928 2414 1047 2453 inter
1069 2424 1229 2452 omnes
1265 2412 1436 2451 fratres
1464 2409 1746 2450 successivis
1767 2409 1844 2448 ho-

221 2486 298 2525 ris.
325 2485 500 2525 Eadem
534 2485 674 2532 igitur
702 2491 838 2524 nocte
875 2495 1035 2523 omnes
1066 2483 1227 2533 flagris
1260 2494 1310 2521 se
1351 2481 1618 2530 affecerunt,
1652 2479 1847 2519 feliciter

222 2556 425 2606 quidem3
452 2567 559 2595 nam
581 2567 634 2595 ea
655 2562 790 2595 nocte
812 2561 855 2594 et
878 2554 1088 2605 sequenti
1110 2554 1250 2593 biduo
1279 2565 1332 2592 ea
1355 2563 1584 2604 aquarum
1611 2549 1845 2590 abundan-

223 2627 287 2666 tia
306 2632 479 2665 terram
504 2625 771 2675 inundavit,
796 2632 860 2674 ut,
884 2625 1055 2665 satiata
1083 2623 1179 2675 jam
1204 2630 1345 2673 terra,
1372 2634 1513 2673 agros
1543 2633 1682 2672 super
1702 2619 1847 2660 immi-

223 2702 351 2736 neret
372 2696 510 2736 unda.
539 2696 648 2735 Post
669 2697 784 2735 haec
807 2696 866 2735 ad
887 2707 972 2735 nos
999 2696 1170 2735 missae
1193 2700 1298 2734 sunt
1319 2695 1500 2733 litterae
1531 2704 1589 2732 ex
1610 2690 1843 2739 Valentia,

224 2767 389 2817 quibus
409 2767 774 2806 admonebamur
801 2766 968 2806 falsum
996 2777 1098 2806 esse
1130 2776 1368 2805 rumorem
1398 2763 1453 2802 de
1483 2764 1631 2803 classe
1663 2761 1845 2801 turcha-

226 2849 328 2876 rum
347 2843 574 2876 exortum.
598 2836 693 2876 Nec
714 2843 869 2876 tamen
890 2836 1119 2876 Dominus
1141 2835 1347 2876 fructum
1370 2835 1496 2874 illum
1518 2833 1692 2883 amisit;
1719 2832 1849 2871 multi

226 2908 392 2958 quippe
413 2908 498 2946 hoc
521 2907 685 2946 timore
707 2906 764 2946 ad
787 2907 1124 2947 confessionem
1146 2905 1371 2957 compulsi
1393 2911 1513 2944 sunt.

308 2977 434 3016 Haec
452 2984 753 3016 occurrerunt
775 2977 1019 3016 scribenda
1035 2977 1083 3017 P.
1104 2977 1231 3016 Tuae
1249 2988 1306 3016 ex
1330 2976 1399 3026 iis,
1416 2986 1535 3025 quae
1552 2975 1640 3013 hoc
1663 2972 1846 3023 quadri-
