1987 3260
250 191 322 228 682
758 188 987 225 LITTERAE
1012 197 1368 230 QUADmMESTREs

252 287 399 337 gister
428 285 676 336 Quintinus
696 283 876 324 Sarlart
908 282 934 333 ¹,
964 295 1070 323 cum
1095 283 1351 323 eruditione
1378 288 1474 323 tum
1500 283 1670 335 pietate
1697 285 1882 336 conspi-

253 368 382 406 cuus,
409 356 569 407 ignoto
592 354 743 395 adhuc
764 353 858 394 §.mi
879 353 990 406 Jesu
1010 353 1312 394 contubernio
1333 365 1382 393 se
1404 352 1627 404 adjunxit,
1652 354 1730 404 qui
1750 359 1881 394 ortos

253 427 467 479 equidem
488 426 730 475 tumultus,
749 423 845 475 jam
861 424 1135 475 degustatus
1156 424 1399 474 exercitia,
1419 424 1595 463 minimi
1616 423 1746 475 fecit3
1770 425 1880 476 quid

255 498 387 538 dico?
408 497 548 536 immo
570 495 778 535 maximi.
800 495 920 535 Nam
941 495 1298 535 candidissimus
1319 495 1538 544 omnium,
1563 494 1751 534 solertia
1772 506 1879 545 qua-

255 568 384 618 dam,
424 578 564 618 quam
598 578 683 617 ope
717 567 867 606 solum
897 566 1038 606 solius
1066 566 1255 617 spiritus
1281 565 1474 605 edoctus
1507 571 1627 615 erat,
1660 565 1881 616 quidquid

255 638 530 688 contingere
550 637 720 688 potuit,
743 637 789 676 in
816 648 951 676 usum
977 648 1111 676 suum
1137 636 1440 676 saluberrime
1467 637 1724 686 convertit,
1758 636 1882 676 omni

253 709 473 748 nimirum
493 707 630 747 modo
648 713 917 747 contestans
933 718 981 747 se
997 719 1090 747 non
1105 707 1216 760 Jesu
1232 713 1412 746 tantum
1429 707 1510 746 sed
1526 714 1570 747 et
1587 707 1740 747 crucis
1758 717 1881 747 ama-

256 787 419 819 torem.

335 850 412 890 Ad
432 861 504 889 me
528 849 746 900 deveniO,
770 850 866 900 qui,
890 849 1276 889 incarcerationis
1297 849 1370 888 die
1391 848 1632 888 confessus
1663 848 1883 887 Euchari«

256 921 465 971 stiaeque
488 926 782 960 sacramento
804 920 1156 970 corroboratus,
1178 919 1429 959 Falconem
1450 918 1464 937 ²
1496 919 1736 969 ingressus
1763 929 1882 967 sum,

255 992 452 1042 locoque
476 997 776 1043 temporeque
807 991 991 1031 statutis
1019 1002 1125 1031 cum
1154 990 1257 1030 aliis
1281 989 1662 1041 praeceptoribus
1690 1000 1887 1040 pransu*

256 1074 355 1113 rus,
382 1074 543 1102 coram
564 1062 744 1112 quibus,
769 1061 928 1102 audita
950 1073 1068 1113 quae
1089 1061 1316 1111 agebatur
1335 1060 1493 1100 fabula
1514 1059 1666 1099 Patris
1687 1059 1885 1099 Adriani

258 1139 302 1172 et
323 1132 570 1183 Regentis,
595 1144 700 1172 cum
720 1132 840 1172 inter
860 1143 962 1172 sese
985 1131 1286 1172 contulissent
1307 1142 1497 1181 causas,
1522 1136 1685 1170 contra
1706 1129 1881 1181 Regen-

256 1209 351 1243 tem
372 1203 753 1254 suffragabantur
774 1203 929 1253 nobis,
951 1201 1344 1253 Paedagogioque
1365 1213 1605 1252 magnam,
1631 1201 1687 1240 ob
1708 1200 1796 1240 hoc
1823 1199 1885 1239 fa-

259 1275 456 1324 cinoris,
481 1273 682 1324 cladem,
706 1280 891 1325 praeter
913 1284 1143 1313 summum
1164 1272 1384 1322 dedecus,
1408 1272 1648 1311 imminere
1668 1270 1885 1310 formida-
1929 1265 1931 1268 ’

258 1345 385 1385 bant.
411 1344 502 1385 Sed
523 1345 646 1396 quod
666 1345 947 1384 verebantur
967 1344 1096 1384 Deus
1117 1350 1314 1384 avertat.
1339 1343 1574 1394 Quantum
1594 1342 1707 1381 mihi
1736 1341 1884 1392 profe-

261 1416 376 1456 cerit
398 1416 476 1455 illa
497 1421 765 1467 tempestas,
785 1416 942 1455 verbis
963 1415 1186 1466 consequi
1205 1414 1458 1465 nequirem.
1479 1414 1585 1453 Fuit
1605 1413 1727 1453 enim
1747 1413 1885 1452 unica

258 1486 355 1527 fere
376 1498 542 1537 causa,
566 1498 685 1538 quae
706 1486 765 1526 ad
787 1486 939 1526 studia
960 1485 1206 1526 Societatis
1226 1496 1298 1525 me
1320 1484 1541 1535 compulit
1562 1496 1654 1523 non
1676 1483 1885 1523 dubitan-

259 1564 352 1597 tem
382 1569 485 1608 eos,
524 1558 603 1608 qui
629 1557 703 1596 hic
731 1556 1138 1608 persequutionem
1162 1556 1400 1607 patiuntur
1426 1560 1616 1606 propter
1641 1554 1883 1605 justitiam,

259 1628 443 1668 futuros
465 1628 574 1668 olim
602 1628 737 1678 regni
763 1633 1003 1667 consortes
1030 1639 1085 1667 ac
1112 1638 1224 1678 prae
1251 1626 1448 1666 caeteris
1475 1625 1723 1676 gloriosos.
1759 1624 1888 1665 Post-

261 1711 401 1750 quam
422 1706 576 1739 autem
597 1710 670 1738 me
691 1698 915 1738 fratribus
936 1697 1204 1749 adjunctum
1224 1709 1383 1737 rumor
1402 1696 1630 1747 vulgavit,
1654 1707 1766 1736 usus
1787 1695 1887 1736 Col-

259 1770 368 1820 legii
390 1770 648 1820 denegatus
670 1776 739 1809 est
760 1770 907 1809 nobis.
931 1769 1178 1809 Caeterum
1198 1768 1377 1808 Doctor
1398 1768 1586 1819 quidam
1606 1767 1883 1817 theologiae,

260 1847 422 1881 nostro
445 1841 650 1891 nomine,
682 1839 931 1880 Rectorem
960 1839 1177 1890 Collegii,
1208 1850 1234 1878 a
1264 1838 1381 1878 Lilio
1413 1838 1718 1887 denominati,
1750 1848 1888 1888 super

261 1912 351 1951 hac
371 1923 421 1951 re
444 1912 652 1961 contulit,
677 1911 755 1962 qui
776 1910 965 1951 tandem
982 1922 1076 1950 non
1096 1910 1247 1949 solum
1268 1909 1444 1949 aditum
1464 1909 1716 1957 concessit,
1740 1907 1821 1947 sed
1842 1914 1886 1947 et

260 1983 412 2033 ipsum
433 1982 641 2022 funditus
663 1981 920 2032 Collegium
940 1981 1126 2031 obtulit,
1151 1980 1330 2020 duabus
1351 1980 1473 2019 areis
1495 1979 1625 2019 obice
1655 1985 1790 2030 porta
1822 1978 1886 2017 di-

261 2053 482 2093 stinctum
506 2064 561 2093 ac
583 2054 711 2092 velut
734 2052 924 2104 duplex,
950 2050 1081 2102 cujus
1101 2052 1296 2090 alteram
1325 2056 1507 2101 partem
1539 2049 1736 2089 fratrum
1763 2049 1887 2089 habi-

262 2124 445 2175 tationi,
469 2125 666 2164 alteram
682 2122 932 2173 juventuti,
958 2122 1225 2162 eorumdem
1247 2121 1416 2161 iudicio
1437 2120 1791 2171 gubernandae,
1815 2119 1890 2159 de-

261 2195 471 2245 putabat.

340 2264 476 2304 Alius
517 2264 703 2316 quidam
741 2276 905 2304 sacrae
944 2264 1206 2314 theologiae
1244 2262 1555 2312 Licentiatus,
1597 2260 1890 2301 Cancellario

264 2335 504 2386 quondam
539 2336 795 2386 convictor,
832 2334 1077 2386 magnifice
1109 2334 1367 2385 pollicetur,
1398 2333 1646 2384 impetrata
1679 2332 1885 2382 erigendi

263 2406 459 2456 Collegii
480 2406 715 2456 facultate,
739 2418 788 2446 se
809 2412 988 2446 tantum
1009 2416 1271 2445 annuorum
1291 2404 1522 2444 redituum
1541 2403 1589 2442 in
1608 2402 1890 2444 Societatem

262 2477 543 2517 collaturum
565 2483 788 2528 quantum
816 2477 1016 2528 quinque
1041 2487 1183 2516 sexve
1216 2475 1437 2515 fratribus
1464 2473 1779 2514 sustentandis
1809 2473 1887 2512 ho-

269 2713 273 2715 >
317 2702 326 2720 ¹
371 2701 424 2728 Sic
443 2701 546 2728 nitide
572 2705 605 2727 et
626 2701 801 2735 perspicue
823 2700 1002 2727 admodum
1018 2704 1085 2726 tum
1099 2698 1335 2732 autographae
1351 2697 1476 2733 Sylvii,
1493 2700 1564 2723 tum
1586 2696 1816 2730 apographae,
1834 2696 1887 2722 lit-

265 2752 373 2775 terae.
390 2748 495 2775 Mirae
511 2756 591 2774 vere
607 2752 683 2774 sunt
699 2748 732 2775 in
746 2748 799 2774 his
812 2747 1036 2774 monumentis
1047 2768 1053 2780 ,
1069 2750 1102 2772 et
1117 2746 1221 2773 etiam
1235 2746 1268 2773 in
1283 2745 1381 2772 editis
1401 2744 1512 2777 libriS,
1529 2744 1765 2777 cognominum
1779 2747 1889 2770 muta-

264 2794 375 2822 tiones
391 2800 423 2822 et
440 2795 534 2829 quasi
550 2795 849 2828 metamorphoses.
864 2794 935 2821 Hoc
947 2815 953 2827 ,
970 2793 1056 2828 quod
1068 2793 1219 2827 plerique
1234 2796 1390 2819 auctores
1405 2792 1556 2818 scribunt
1573 2790 1735 2818 Charlart
1746 2810 1754 2821 ,
1768 2791 1811 2816 ab
1826 2790 1889 2816 hoc

265 2842 384 2875 Sylvio
396 2864 402 2875 ,
429 2843 481 2869 cui
505 2843 587 2869 bene
612 2846 710 2869 notus
730 2846 804 2868 erat
817 2841 1005 2874 Quintinus,
1021 2840 1181 2867 scribitur
1198 2840 1359 2873 Sarlarn
1381 2846 1401 2866 a
1416 2839 1616 2873 Patrignani
1634 2839 1668 2865 in
1681 2837 1888 2870 splenologio,

265 2887 445 2922 Cz'arlart,·
461 2889 633 2916 latinitate
647 2892 783 2922 postea,
806 2892 842 2914 ut
866 2888 968 2915 moris
992 2891 1083 2921 erat,
1109 2887 1268 2914 donatum
1289 2891 1322 2914 et
1345 2887 1379 2914 in
1400 2887 1578 2920 hispanum
1593 2892 1809 2917 conversum,
1824 2884 1888 2911 hac.

266 2936 406 2962 tandem
422 2936 529 2962 forma
544 2936 631 2970 apud
646 2935 878 2968 NlEREMBERG,
903 2934 1056 2961 Varones
1071 2935 1227 2967 z'lustres,
1241 2934 1365 2968 prodit:
1383 2933 1530 2961 Carleto.

319 2983 332 3000 ‘²
379 2981 562 3016 Collegium
578 2990 635 3008 seu
649 2982 896 3016 paedagogium
911 2981 1078 3008 Falconis.
