1987 3260
855 171 936 208 AN.
968 171 1054 208 1551
1695 169 1765 205 375

845 621 1069 675 XCVII

210 850 416 888 Nicolaus
438 850 629 887 Gracida

255 915 373 952 Patri
393 915 561 962 Ignatio
581 915 634 952 de
653 915 837 961 Loyola.

302 980 581 1020 Salmantica.
603 981 645 1017 31
672 980 861 1027 Augusti
882 980 968 1016 1551
995 980 1018 1014 ¹.

896 1137 1009 1212 ulis.

216 1326 482 1367 Admodum
502 1326 602 1366 Rssst
629 1326 782 1367 Pater.

215 1397 378 1438 Gratia
401 1403 444 1437 et
465 1409 573 1449 pax,
598 1405 686 1438 ete.

214 1469 273 1510 Ut
295 1468 586 1509 obedientiae
608 1469 889 1519 adimpleam
912 1468 1058 1518 iussa,
1085 1468 1251 1519 quibus
1272 1468 1458 1520 quidem
1488 1479 1665 1507 morem
1686 1478 1762 1518 ge-

135 1539 266 1579 rendi
299 1552 392 1580 non
424 1552 573 1592 parvo
603 1546 764 1580 teneor
799 1539 1045 1590 desiderio,
1079 1538 1413 1579 Paternitatem
1443 1545 1572 1579 tuam
1602 1550 1763 1578 eorum

136 1610 342 1650 omnium
363 1622 481 1662 quae
503 1611 549 1651 in
569 1611 943 1662 praesentiarum
960 1616 1228 1661 occurrunt,
1246 1616 1352 1661 post
1369 1610 1658 1661 superiorem
1675 1610 1764 1660 epi-

134 1682 303 1721 stolam
322 1688 471 1732 gesta,
496 1682 743 1722 certiorem
764 1681 970 1721 reddam.
995 1680 1294 1732 Primumque
1316 1681 1406 1721 hoc
1423 1686 1584 1720 teneas
1605 1680 1761 1725 velim,

133 1752 269 1792 solita
286 1764 399 1803 erga
415 1764 501 1792 nos
519 1752 693 1793 Christi
706 1752 965 1802 clementia,
983 1752 1145 1792 deesse
1158 1764 1413 1803 numquam
1426 1751 1536 1803 quid
1549 1762 1760 1802 agamUS‚

135 1835 227 1863 non
249 1824 347 1864 sine
369 1824 575 1864 maxima
596 1830 694 1864 tum
715 1824 912 1864 aliorum
932 1823 1147 1874 utilitate,
1170 1829 1268 1863 tum
1287 1823 1538 1874 praecipue
1560 1822 1765 1862 civitatis

134 1895 276 1934 totius
305 1894 362 1934 ad
394 1895 615 1935 virtutem
635 1895 999 1936 inflammatione
1030 1906 1123 1935 non
1144 1894 1382 1934 mediocri.
1416 1893 1620 1944 Populus
1640 1899 1764 1933 totus

135 1965 302 2005 fratres
332 1972 518 2006 nostros
545 1967 654 2006 colit
683 1979 738 2006 ac
764 1973 1039 2007 veneratur:
1070 1977 1164 2005 non
1184 1965 1323 2016 pauci
1343 1964 1533 2004 domum
1553 1970 1764 2004 nostram

134 2044 329 2087 peccata
357 2037 528 2077 fassuri
555 2049 818 2089 corpusque
849 2037 1022 2078 Christi
1050 2036 1289 2088 accepturi
1315 2048 1364 2075 se
1391 2035 1659 2075 conferunt:
1688 2046 1764 2086 pa—

109 2115 118 2123 ‘
135 2108 247 2147 scha
268 2120 380 2148 vero
402 2109 654 2160 praeterita
675 2109 980 2160 Virginisque
1000 2107 1179 2147 Mariae
1205 2107 1350 2157 festis,
1382 2112 1513 2146 tanta
1541 2105 1764 2145 confluxit

135 2174 381 2213 multitudo
401 2181 466 2224 ut,
490 2186 595 2214 cum
616 2180 793 2224 septem
813 2179 969 2214 essent
998 2178 1192 2225 peccata
1221 2173 1482 2223 audientes,
1512 2172 1642 2211 multi
1671 2184 1762 2211 non

135 2244 337 2284 confessi
358 2244 673 2296 discesserint;
702 2243 967 2295 hujusmodi
1001 2250 1156 2284 autem
1180 2244 1277 2284 fere
1305 2254 1466 2283 omnes
1496 2243 1765 2283 scholastici

134 2321 254 2365 sunt,
280 2327 476 2366 quorum
496 2316 651 2356 multis
673 2315 857 2367 quidem
880 2314 977 2366 jam
1003 2320 1072 2354 est
1101 2314 1157 2355 de
1185 2326 1314 2354 more
1342 2313 1587 2354 dominicis
1615 2313 1764 2353 festis—

134 2398 222 2438 que
243 2386 418 2437 diebus,
442 2392 746 2438 peccatorum
766 2386 1058 2426 confessione
1079 2386 1310 2435 instituta,
1336 2384 1671 2425 eucharistiam
1691 2395 1763 2423 su-

133 2469 274 2508 mere;
299 2458 377 2508 qui
398 2457 583 2509 quidem
604 2457 981 2497 constantissime
1002 2463 1321 2508 perseverant.
1345 2456 1416 2496 Ex
1433 2455 1504 2495 his
1520 2467 1634 2495 vero
1653 2467 1764 2495 non—

134 2528 244 2568 nulli
268 2528 499 2579 insignem
520 2529 566 2568 in
586 2528 759 2568 virtute
785 2527 938 2568 fecere
967 2538 1291 2579 progressum,
1323 2525 1622 2578 quotidianae
1655 2536 1760 2565 con-

191 2736 198 2754 ¹
239 2735 465 2769 Autographa
481 2739 553 2762 tota
580 2743 678 2762 manu
703 2735 833 2762 Nicolai
863 2735 894 2762 in
924 2735 1002 2762 folio
1030 2734 1163 2769 duplici,
1187 2735 1238 2761 cui
1266 2742 1319 2761 nn.
1347 2734 1425 2760 olim
1454 2734 1504 2760 149
1531 2738 1564 2760 et
1590 2733 1648 2766 150,
1677 2741 1762 2760 nunc

135 2787 249 2808 autem
260 2782 291 2808 21
305 2786 338 2809 et
350 2782 393 2809 ¹22.
407 2782 540 2809 Hicine
556 2789 639 2816 puer
653 2782 827 2809 duodecim
839 2786 898 2809 aut
913 2782 1076 2809 tredecim
1088 2789 1252 2808 annorum
1268 2785 1329 2814 est,
1346 2781 1385 2807 de
1398 2788 1462 2814 quo
1474 2788 1588 2814 supra,
1605 2788 1681 2814 pag.
1696 2781 1760 2807 359.

135 2833 168 2855 et
184 2828 368 2862 POLAxcus‚
386 2829 517 2861 Chron„
533 2834 555 2855 t.
573 2836 605 2861 11,
623 2836 652 2856 a.
670 2829 814 2860 1551‚nn.
829 2829 891 2862 327,
907 2829 957 2856 551
974 2833 1007 2855 et
1021 2829 1084 2855 372.
1102 2827 1289 2855 Emendata
1313 2833 1364 2855 est
1387 2832 1437 2855 tot
1461 2828 1494 2854 in
1518 2828 1600 2854 locis
1624 2829 1666 2854 ab
1690 2828 1761 2861 ipso
1786 2854 1790 2858 ,

138 2875 293 2909 Polanco,
306 2880 342 2903 ut
356 2877 503 2904 taedium
517 2877 701 2903 lectoribus
716 2876 837 2903 afferre
850 2884 1042 2910 vereamur,
1055 2876 1082 2903 si
1095 2883 1161 2909 eos,
1176 2875 1253 2909 quid
1269 2876 1323 2902 ille
1340 2875 1585 2908 emendaverit,
1598 2876 1628 2902 in
1647 2875 1759 2909 singu-

137 2923 176 2950 iis
192 2925 378 2951 emendatis
394 2925 476 2951 locis
492 2932 696 2951 moneamus.
710 2924 849 2957 Idcirco,
865 2928 939 2958 post
955 2924 1090 2951 litteras
1105 2931 1124 2950 a
1142 2923 1286 2950 Polanco
1303 2923 1481 2957 expolitas,
1498 2923 1642 2951 easdem.
1660 2928 1757 2956 prout

119 2979 194 3013 ‘eas
210 2978 291 3004 puer
308 2972 360 2999 hic
377 2972 525 3005 scripsit,
540 2973 756 3006 subjiciemus
772 2972 803 2999 in
819 2980 933 2999 eorum
949 2972 1097 3006 gratiam
1113 2971 1167 3005 qui
1183 2971 1269 2997 forte
1285 2970 1317 2996 id
1333 2971 1481 3004 cupiant.
