1987 3260
845 205 927 241 AN.
960 204 1049 241 1552
1686 207 1758 243 513

131 309 317 344 sumunt
339 302 628 354 supplicium.
653 302 800 343 Unius
823 313 846 341 e
869 301 1026 342 multis
1046 301 1298 341 recensebo
1326 302 1638 342 severitatem.
1668 303 1755 343 No-

131 375 278 414 tarius
299 374 371 413 hic
393 372 490 422 fuit,
511 372 642 423 cujus
660 373 884 423 grandior
901 378 1011 412 natu
1030 372 1163 419 filius,
1183 372 1273 412 duo
1296 372 1417 411 enim
1440 371 1607 412 fratres
1624 374 1757 413 nobis

132 445 243 484 dant
260 455 464 496 operam,
485 444 659 483 nullum
676 455 761 483 nec
779 444 822 483 in
841 443 1047 483 moribus
1069 454 1153 482 nec
1177 443 1222 482 in
1243 454 1293 482 re
1314 443 1540 482 litteraria
1558 443 1756 493 gradum

132 515 352 565 faciebat,
383 515 492 565 quin
521 515 661 554 etiam
689 515 886 554 aliorum
921 514 1085 554 studiis
1112 524 1284 565 magno
1314 521 1413 553 erat
1445 514 1755 563 incommOdO,

134 593 181 626 ut
209 586 285 637 qui
314 585 603 625 continenter
631 585 732 625 illos
768 586 1018 625 lacesseret
1047 584 1246 635 injuriis,
1280 584 1506 624 conviciis
1533 591 1576 624 et
1604 586 1756 625 minis.

133 657 267 696 Hunc
288 656 469 696 blandis
492 656 679 695 monitis
700 656 757 695 ab
781 656 835 695 iis
856 662 1070 695 avertere
1091 662 1134 695 et
1157 655 1202 694 in
1223 655 1462 695 meliorem
1483 654 1665 706 frugem
1693 668 1760 695 re-

134 738 306 767 vocare
326 727 584 777 satagimus
606 738 689 777 pro
711 727 856 776 virili,
880 737 1226 777 nonnumquam
1246 725 1491 776 minamur,
1515 733 1757 775 terremus,

134 804 370 849 postremo
392 808 628 848 rogamus.
654 798 831 837 Verum
852 797 927 837 ubi
949 809 1034 836 nos
1063 808 1254 848 operam
1280 796 1439 836 ludere
1468 797 1760 837 animadver-

134 869 288 918 timus,
312 868 420 919 quid
443 869 498 908 de
519 881 573 908 eo
592 869 825 918 agendum
841 868 1150 908 deliberamus
1171 874 1215 907 et
1236 868 1526 907 decernimus
1548 869 1759 919 progeni-

133 939 221 978 tori
244 938 622 989 significandum,
647 939 769 989 quod
791 949 895 978 cum
923 938 1213 987 rescivisset,
1243 950 1352 978 ecce
1379 945 1567 989 postero
1599 939 1671 978 die
1702 939 1762 979 ad

135 1010 381 1059 collegium
404 1010 621 1059 accurrit,
646 1009 786 1049 filium
809 1009 1175 1060 comprehendit,
1196 1009 1354 1059 nudat,
1374 1010 1665 1061 arreptisque
1686 1010 1762 1049 fla-

134 1081 268 1131 gellis
290 1080 625 1129 acerbissimis,
652 1092 722 1119 me
743 1080 956 1129 absente,
988 1080 1157 1119 mirum
1188 1080 1234 1119 in
1262 1080 1450 1119 modum
1479 1080 1644 1120 caedit.
1668 1081 1759 1120 Au—

137 1152 283 1191 disses
304 1151 517 1202 planctus
539 1158 675 1201 atque
697 1150 908 1201 ejulatus,
931 1156 980 1190 ut
1001 1150 1321 1190 carnificinam
1340 1163 1432 1190 non
1461 1151 1761 1202 gymnasium

137 1222 349 1261 dixisses.
370 1221 633 1261 Intervenio
656 1232 744 1271 ego
767 1221 897 1271 eique
919 1221 1158 1261 saeviendi
1179 1221 1225 1261 in
1245 1221 1386 1261 filium
1402 1221 1539 1261 finem
1556 1222 1759 1273 impono,

138 1294 244 1333 licet
272 1304 431 1332 coram
459 1292 693 1339 omnibus,
723 1292 918 1331 aderant
945 1292 1066 1331 enim
1095 1304 1254 1332 omnes
1285 1293 1608 1344 condiscipuli,
1641 1293 1763 1333 illius

138 1365 263 1415 piam
291 1363 438 1414 patris
472 1363 519 1402 in
552 1362 695 1401 filium
722 1362 1022 1402 severitatem
1051 1363 1403 1403 commendans:
1432 1364 1506 1403 ille
1535 1375 1648 1404 vero
1677 1375 1764 1404 nos

140 1434 416 1474 obsecrabat
437 1445 494 1473 ne
516 1433 625 1484 quid
646 1433 692 1472 in
713 1439 951 1484 posterum
972 1433 1091 1473 filius
1113 1433 1299 1485 impune
1320 1434 1475 1474 ferret.

216 1505 262 1545 Si
286 1512 439 1545 autem
459 1511 569 1555 quot
590 1516 647 1543 ex
669 1510 798 1543 tanto
815 1516 1009 1544 numero
1026 1505 1300 1555 religionem
1318 1505 1517 1555 ingressi
1534 1506 1625 1545 sint
1643 1506 1763 1546 scire

139 1576 391 1626 desideras,
415 1575 532 1615 certi
553 1575 791 1626 quidpiam
810 1586 903 1614 non
925 1575 1075 1615 ausim
1096 1587 1320 1625 asserere,
1344 1587 1427 1615 sex
1448 1588 1507 1616 an
1530 1583 1650 1617 octo:
1673 1577 1763 1616 hoc

138 1655 293 1687 autem
310 1646 563 1686 indubitate
582 1645 796 1695 referam,
817 1646 1009 1686 totidem
1028 1645 1311 1686 Societatem
1326 1647 1544 1687 affectare
1558 1655 1765 1688 nostram

141 1729 449 1768 summopere;
472 1728 613 1756 unum
636 1717 779 1765 obest,
803 1717 924 1768 quod
942 1717 988 1756 in
1006 1723 1203 1768 quatuor
1224 1724 1354 1757 aetas
1375 1730 1468 1758 non
1489 1719 1664 1770 patitur
1680 1731 1766 1759 nec

139 1790 197 1829 ad
220 1800 322 1829 eam
344 1799 626 1838 mensuram,
651 1799 790 1839 quam
807 1788 1109 1839 praescripsit
1131 1788 1179 1828 P.
1204 1788 1273 1838 T„
1298 1795 1610 1829 excreverunt
1633 1788 1657 1829 ¹.

218 1859 313 1900 Nec
340 1871 452 1899 vero
489 1865 846 1911 praeceptorum
881 1866 924 1898 et
959 1859 1156 1899 aliorum
1191 1859 1390 1900 fratrum
1423 1867 1691 1900 nostrorum
1721 1861 1767 1900 in

140 1931 228 1971 illis
250 1930 541 1970 instituendis
562 1929 855 1970 sedulitatem
876 1936 920 1969 et
941 1930 1158 1970 ardorem
1175 1930 1417 1971 charitatis
1434 1931 1615 1971 silentio
1638 1944 1766 1982 prae-

142 2002 304 2042 teribo.
327 2001 674 2052 Discipulorum
695 2001 817 2040 enim
839 2013 1012 2049 mores,
1037 2001 1208 2052 studia,
1242 2002 1487 2042 commoda
1514 2015 1607 2043 non
1634 2015 1770 2043 secus

144 2085 197 2112 ac
221 2084 301 2111 sua
325 2079 503 2111 curant.
528 2071 700 2111 Videre
724 2078 793 2111 est
814 2071 909 2111 fere
931 2084 1031 2123 eos,
1056 2079 1302 2124 postquam
1322 2085 1517 2124 pensum
1539 2086 1672 2114 suum
1695 2075 1767 2114 ab-

143 2145 344 2183 solutum
380 2142 703 2191 reddiderunt,
743 2143 939 2182 caeteris
976 2143 1327 2194 diligentissime
1362 2156 1493 2184 suam
1531 2152 1771 2196 praestare

144 2225 348 2266 operam.
380 2214 470 2253 Iste
499 2213 631 2263 legit,
664 2213 738 2253 ille
773 2214 1031 2261 examinat,
1069 2215 1143 2254 hic
1179 2215 1386 2255 themata
1421 2217 1654 2265 emendat,
1695 2217 1773 2256 alii

145 2286 277 2325 aliter
295 2284 460 2336 juvare
478 2291 689 2324 caeteros
704 2295 788 2335 pro
805 2284 927 2324 virili
944 2291 1077 2335 parte
1105 2292 1284 2325 curant.
1309 2285 1456 2326 Mirus
1484 2293 1637 2327 autem
1659 2288 1775 2327 odor

144 2367 225 2407 per
245 2362 391 2395 totam
411 2355 678 2395 Ferrariam
699 2354 755 2394 de
777 2354 1008 2395 Societate
1028 2355 1139 2407 Jesu
1161 2367 1353 2407 sparsus
1374 2363 1457 2396 est.
1478 2358 1776 2397 Gubernator

145 2427 348 2466 civitatis
369 2426 428 2466 ad
448 2426 709 2475 ecclesiam,
728 2426 774 2465 in
797 2437 885 2477 qua
906 2426 1239 2478 sacrificamus,
1260 2428 1504 2477 accedens,
1524 2440 1775 2479 puerorum

145 2498 378 2548 pietatem,
398 2497 694 2537 devotionem
715 2509 769 2536 ac
790 2497 1096 2537 humilitatem
1113 2498 1156 2537 in
1175 2499 1403 2539 audienda
1422 2499 1580 2547 Missa,
1603 2511 1776 2550 magna

145 2579 249 2608 cum
285 2568 606 2618 admiratione,
638 2568 839 2607 immotis
868 2569 1014 2608 oculis
1049 2570 1315 2619 spectabat3
1354 2570 1474 2610 idem
1502 2570 1778 2610 Reverendo

145 2639 344 2678 Domino
368 2639 562 2679 Vicario
589 2637 829 2690 [contigit]
850 2650 857 2689 ;
881 2639 1002 2679 idem
1031 2640 1242 2691 plurimis
1271 2640 1567 2680 diversarum
1595 2641 1779 2691 religio-

145 2722 268 2760 num,
284 2710 360 2761 qui
374 2710 430 2749 ob
443 2709 484 2749 id
502 2709 633 2749 nobis
646 2710 693 2749 in
706 2709 908 2750 Domino
927 2712 1329 2761 congratulantur.
1350 2710 1575 2751 Parentes
1593 2712 1777 2759 omitto,

200 2822 209 2840 ¹
249 2821 429 2855 “Quamvis
445 2825 581 2856 optaret
598 2821 632 2848 P.
656 2821 808 2855 Ignatius
824 2822 941 2855 augeri
959 2829 1073 2848 eorum
1088 2829 1280 2854 numerum,
1298 2822 1352 2855 qui
1370 2821 1534 2849 Societati
1551 2830 1585 2849 se
1602 2830 1781 2850 conzecra-

146 2871 238 2901 bant,
255 2869 422 2895 delectum
438 2874 551 2895 tamen
568 2869 684 2896 haberi
700 2870 839 2895 volebat
854 2876 893 2895 ac
910 2869 1112 2902 pracsertim
1128 2869 1160 2895 in
1175 2873 1300 2901 aetate,
1315 2873 1347 2895 et
1365 2876 1572 2896 mensuram
1589 2870 1779 2903 longitndi-

148 2918 202 2943 m's
217 2917 258 2943 ad
274 2916 437 2943 Rectores
452 2916 679 2951 Collegiorum
695 2917 846 2948 miserat,
865 2917 905 2943 ad
924 2923 1023 2950 quam
1046 2920 1181 2943 statura
1204 2923 1336 2947 eorum.
1360 2917 1414 2950 qui
1441 2916 1576 2944 admitti
1600 2919 1782 2952 optabant,

147 2964 370 2997 exigeretur„;
388 2964 554 2997 Pomxco,
572 2964 707 2996 Chron„
721 2968 743 2991 t.
758 2971 790 2997 11,
807 2972 884 2998 pag.
902 2965 961 2996 19⁴,
980 2971 1009 2990 n.
1033 2965 1076 2990 67.
1100 2964 1207 2998 Hujus
1230 2972 1407 2991 mensurae
1431 2965 1462 2992 in
1485 2966 1639 2999 pluribus
1656 2966 1782 3000 Ignatii

146 3011 478 3038 etP01anci1ittcris
493 3012 619 3038 mentio
635 3012 683 3039 fit.

337 3071 384 3104 T.
411 3082 434 3105 1.

1500 3082 1542 3117 33
