1987 3260
206 177 281 219 478
710 181 934 218 LlTTERAE
961 189 1315 222 QUADRimsssrRsss

209 268 349 329 runt,-
367 278 449 329 qui'
466 278 653 318 omnino
674 283 784 317 tunc
803 277 1056 316 moriturus
1076 275 1327 315 dicebatur.
1359 274 1536 314 Verum
1563 274 1650 314 Dei
1676 274 1831 325 gratia

201 338 568 399 ‘unusisto-1‘um,
592 347 876 388 conscientia
897 352 1073 396 tactus,
1096 346 1155 386 ad
1175 356 1260 385 nos
1281 344 1489 396 confugit
1510 346 1707 384 salutem
1735 345 1827 385 ani·

209 408 313 459 mae
338 418 450 459 suae
473 425 517 459 et
543 419 779 459 sociorum
805 428 1032 469 quaerens
1053 422 1097 456 et
1125 411 1224 456 rem
1255 427 1437 455 omnem
1465 415 1597 455 nobis
1624 414 1829 455 declara—

208 489 297 540 vit,
333 489 522 529 tradens
557 490 693 529 simul
718 488 851 528 nobis
878 487 1211 538 chirographa,
1243 484 1361 538 quae
1393 484 1449 525 ab
1480 485 1583 525 aliis
1612 485 1829 536 habebat,

209 565 256 599 et
282 560 491 611 tandem,
522 559 736 611 quamvis
759 558 1016 608 difficulter,
1049 557 1263 597 effectum
1289 563 1357 596 est
1385 562 1433 595 ut
1463 567 1621 595 omnes
1649 561 1826 596 contra-

210 636 313 670 ctus
335 636 379 670 et
403 630 709 681 obligationes
729 629 837 669 hinc
859 629 964 669 inde
985 628 1134 668 factas
1155 627 1213 667 ad
1233 639 1319 667 nos
1340 625 1679 666 comburendas
1707 626 1829 672 detu-

208 701 361 741 lerint.

287 771 339 811 In
361 772 666 822 eleemosynis
687 770 1033 811 contribuendis
1052 769 1333 821 pauperibus
1355 779 1493 819 quam
1513 767 1655 817 aliqui
1680 778 1830 818 prom-

206 834 272 893 pti
293 842 400 893 sint,
422 833 654 893 quomodo
676 842 817 881 etiam
832 841 979 880 fastus
1001 845 1381 880 ornamentorum
1402 839 1447 878 in
1464 837 1733 877 mulieribus
1754 849 1829 877 au-

206 911 382 952 feratur
403 919 446 952 et
473 913 563 952 alia
585 912 800 964 plurima,
823 913 1017 962 longum
1037 910 1228 950 nimium
1249 916 1370 949 esset
1390 920 1648 948 recensere.
1674 907 1828 958 Virgi-

206 994 289 1022 nes
311 982 508 1022 devotae
530 982 630 1022 Deo
652 982 852 1031 deditae,
877 994 993 1033 quae
1015 981 1153 1021 etiam
1182 986 1344 1031 sponte
1373 992 1421 1019 se
1448 979 1549 1019 Deo
1580 983 1830 1030 perpetuae

207 1054 440 1093 castitatis
461 1061 571 1093 voto
593 1053 960 1103 adstrinxerunt,
984 1052 1211 1103 plurimae
1233 1059 1358 1101 sunt,
1383 1057 1426 1090 et
1456 1049 1544 1089 hoc
1573 1049 1831 1100 quadrime-

206 1124 290 1163 stri
312 1124 491 1175 aliquot
513 1123 851 1174 conjunxerunt
869 1135 916 1163 se
938 1123 1041 1173 illis,
1065 1129 1108 1162 et
1129 1122 1284 1173 plures
1305 1134 1353 1160 se
1371 1120 1721 1171 conjungerent,
1741 1119 1829 1159 nisi

198 1189 474 1234 ‘timeremus
496 1207 612 1245 quae
634 1207 691 1234 ex
712 1194 967 1234 mutatione
988 1193 1128 1233 animi
1149 1192 1283 1232 facile
1305 1191 1517 1231 accidere
1539 1191 1700 1230 solent.

283 1264 333 1305 In
365 1265 668 1305 concionibus
698 1265 915 1316 frequens
942 1270 1009 1304 est
1031 1275 1287 1303 concursus
1309 1270 1352 1302 et
1383 1262 1446 1312 (ut
1477 1262 1618 1312 vulgo
1647 1258 1829 1308 dicitur)

203 1336 243 1375 si
263 1337 485 1387 templum
506 1336 643 1386 duplo
665 1335 813 1387 majus
834 1341 970 1385 esset,
989 1346 1081 1374 non
1098 1340 1254 1374 tamen
1274 1345 1353 1373 eos
1370 1338 1557 1383 caperet
1573 1332 1649 1383 qui
1667 1331 1827 1372 audire

204 1406 400 1446 verbum
422 1406 509 1446 Dei
530 1406 808 1446 desiderant.
832 1405 968 1446 Circa
990 1406 1155 1445 horam
1182 1410 1429 1454 antequam
1459 1403 1518 1443 M.
1549 1402 1827 1442 Benedictus

207 1483 482 1527 suggestum
494 1478 854 1517 concionaturus
867 1475 1163 1525 conscendat,
1179 1475 1365 1514 omnino
1377 1475 1579 1524 repletur
1592 1474 1828 1523 templum,

206 1554 254 1587 ut
275 1560 362 1587 nec
385 1548 581 1598 angulus
603 1548 903 1599 relinquatur,
933 1547 978 1586 in
1005 1558 1093 1597 quo
1125 1546 1355 1597 possimus
1385 1544 1545 1583 audire
1580 1543 1829 1583 confessio-

208 1629 304 1658 neS.
331 1618 527 1658 Illustris
547 1618 741 1658 Pro-rex
762 1618 1009 1669 aliquando
1031 1616 1090 1656 ad
1111 1622 1319 1655 nostram
1351 1615 1596 1654 ecclesiam
1624 1614 1752 1653 venit
1781 1620 1830 1653 ut

208 1690 484 1729 concionem
520 1689 698 1739 audiat,
736 1688 984 1740 aliquando
1021 1687 1078 1727 ad
1107 1698 1334 1726 summam
1361 1685 1609 1725 ecclesiam
1635 1684 1708 1724 ubi
1742 1684 1829 1723 hoc

206 1758 449 1809 Adventu,
475 1760 675 1799 instante
696 1759 888 1799 Vicario
909 1758 1118 1809 generali
1138 1763 1181 1796 ct
1211 1756 1509 1806 Magistrum,
1542 1755 1663 1794 idem
1690 1755 1828 1794 Bene-

207 1830 358 1870 dictus
381 1830 685 1870 concionatus
706 1835 789 1880 est,
809 1841 913 1869 cum
934 1840 1105 1879 magna
1127 1827 1449 1867 aedificatione
1470 1832 1514 1866 et
1537 1826 1743 1865 omnium
1760 1836 1830 1865 sa-

206 1899 483 1940 tisfactione.
502 1900 553 1940 In
574 1899 867 1940 monasteriis
883 1899 1023 1939 etiam
1044 1897 1273 1937 interdum
1295 1910 1321 1936 a
1342 1897 1514 1937 nostris
1531 1896 1726 1935 verbum
1744 1895 1830 1936 Dei

205 1971 483 2022 proponitur
503 1983 595 2011 non
617 1971 714 2010 sine
734 1970 903 2020 fructu,
923 1982 1011 2020 quo
1033 1969 1173 2008 etiam
1193 1968 1312 2017 laici,
1333 1969 1371 2007 si
1392 1967 1577 2018 quando
1595 1966 1830 2017 praescire

205 2048 419 2092 possunt,
444 2042 688 2093 diligenter
709 2041 951 2081 accedunt.

284 2112 335 2152 In
356 2111 429 2152 die
452 2112 740 2163 Epiphaniae
761 2111 963 2160 Domini,
988 2110 1034 2150 in
1053 2110 1256 2160 gratiam
1272 2108 1363 2148 R.di
1385 2108 1479 2148 D.ni
1500 2107 1694 2160 Joannis
1716 2107 1828 2147 Oso—

210 2183 286 2233 rii,
321 2195 347 2223 a
373 2183 422 2223 P.
455 2183 610 2223 Natali
636 2183 806 2222 missus
833 2188 902 2221 est
936 2181 995 2221 M.
1033 2180 1238 2232 Joannes
1271 2179 1508 2230 Philippus
1543 2178 1740 2218 Casinus
1771 2178 1829 2219 ad

206 2253 459 2304 quamdam
479 2253 750 2303 Abbatiam,
776 2251 905 2303 cujus
926 2251 1086 2292 Abbas
1106 2256 1175 2290 est
1195 2249 1346 2289 dictus
1375 2249 1430 2288 D.
1462 2248 1676 2299 Osorius‚
1710 2260 1829 2300 quae

204 2323 423 2364 Messana
459 2330 657 2375 quatuor
691 2323 832 2362 distat
863 2322 1158 2371 milliaribus,
1195 2326 1243 2360 ut
1279 2320 1339 2359 ibi
1368 2320 1589 2370 populum
1624 2319 1826 2369 doceret,

204 2394 328 2445 quod
348 2405 442 2433 non
464 2394 707 2433 infeliciter
726 2393 894 2433 evenit.
920 2391 995 2432 Ad
1025 2391 1274 2431 conciones
1304 2389 1402 2440 ejus
1428 2390 1626 2441 populus
1656 2389 1827 2429 multus

204 2476 379 2515 magna
403 2465 625 2504 aviditate
647 2463 882 2504 concurrit
909 2469 952 2502 et
974 2473 1079 2501 cum
1105 2460 1270 2512 majori
1301 2460 1607 2500 admiratione
1629 2465 1672 2499 et
1693 2459 1823 2499 satis-

202 2534 408 2575 factione
441 2535 648 2575 discedit.
678 2534 721 2574 A
748 2533 937 2573 meridie
967 2532 1229 2572 doctrinam
1257 2530 1560 2570 christianam
1588 2530 1653 2569 eis
1687 2530 1826 2580 expli-

204 2611 302 2655 cat,
332 2610 376 2645 et
408 2605 602 2645 sollicite
636 2605 777 2644 instat
811 2609 860 2643 ut
891 2608 1109 2654 parentes
1143 2600 1260 2640 filios
1294 2612 1403 2640 suos
1437 2612 1595 2640 secum
1630 2599 1688 2639 ad
1725 2611 1827 2640 eam

205 2675 488 2716 audiendam
501 2675 750 2726 adducant;
768 2681 812 2714 et
833 2675 949 2714 haec
966 2673 1178 2713 omnibus
1195 2672 1438 2712 dominicis
1459 2677 1503 2711 et
1522 2671 1651 2711 festis
1668 2671 1828 2711 diebus

204 2747 537 2798 continuat,-et
557 2752 736 2786 tantum
755 2745 951 2797 profecit
972 2750 1021 2784 ut
1050 2743 1190 2783 etiam
1216 2742 1312 2794 jam
1339 2743 1459 2782 inter
1487 2742 1722 2781 auditores
1750 2742 1827 2781 ali-

204 2828 320 2867 quos
342 2810 535 2868 habeat,
560 2817 638 2868 qui
657 2816 952 2867 frequentare
975 2819 1269 2854 sacramenta
1291 2812 1537 2863 incipiant;
1561 2811 1682 2862 quod
1705 2812 1826 2863 apud

204 2897 285 2926 eos
305 2887 533 2927 hactenus
553 2886 809 2926 inauditum
838 2892 922 2926 est.

283 2955 397 2997 Sunt
429 2957 696 2997 sacerdotes
729 2962 772 2997 et
802 2955 997 3006 juvenes
1026 2955 1229 3006 plurimi,
1262 2954 1339 3005 qui
1366 2954 1534 2993 obnixe
1570 2953 1743 2993 instant
1773 2959 1824 2991 ut
