1987 3260
864 160 946 197 Ax.
980 160 1065 197 1531
1705 160 1776 198 285

156 258 241 298 suit
261 258 445 308 ingrata
468 257 643 297 isthaec
665 264 824 297 nostra
842 268 983 308 opera
1005 256 1073 305 iis,
1099 266 1296 307 quorum
1317 255 1588 296 authoritati
1611 268 1664 296 ac
1686 257 1777 297 offi-

155 328 218 368 tio
245 328 453 368 sananda
488 328 565 367 illa
591 328 786 367 vulnera
822 326 1235 367 committebamus.
1274 326 1330 365 Et
1361 337 1465 365 cum
1499 338 1591 366 non
1627 327 1778 368 desint

154 398 286 438 bonis
307 398 576 449 parentibus
596 397 676 437 filii
696 398 819 447 mali,
844 409 960 449 quos
977 397 1155 437 utinam
1175 396 1444 436 academiae
1465 398 1616 436 nullos
1638 397 1772 437 habe-

153 474 268 518 rent,
306 479 391 507 nos
424 474 656 519 parentes,
681 468 769 507 etsi
797 468 959 519 procul
988 466 1256 518 disjunctos,
1293 478 1375 517 per
1408 467 1587 507 litteras
1621 467 1775 508 admo—

151 539 335 579 nuimus
360 539 406 578 in
428 544 634 590 tempore
670 539 755 578 sibi
790 538 985 590 filiisque
1016 538 1311 577 consulerent
1344 537 1473 586 bene,
1507 542 1776 578 coercerent

152 610 318 649 aetatis
345 609 465 649 illius
500 616 543 649 et
577 610 743 649 indolis
772 609 1097 661 petulantiam,
1127 608 1340 648 viderent
1361 614 1410 648 ut
1435 608 1513 648 filii
1534 608 1776 649 honestius

151 686 196 720 et
230 680 402 720 rectius
441 680 804 720 instituerentur.
847 679 952 732 Jam
985 679 1092 730 quia
1128 678 1349 730 puniendi
1385 685 1518 718 erant
1550 680 1772 730 nonnulli,

150 751 224 790 vel
245 751 303 790 ob
325 751 504 802 peccati
524 751 906 801 magnitudinem,
930 751 1003 790 vel
1022 750 1066 789 in
1094 749 1292 789 aliorum
1318 750 1596 800 exemplum,
1620 751 1695 790 vel
1716 750 1774 790 ob

150 821 440 861 retinendam
468 828 673 861 veterem
700 821 1014 872 disciplinam;
1046 820 1146 870 alii,
1177 820 1286 871 quia
1313 820 1595 859 insanabiles
1626 826 1671 860 et
1699 821 1771 860 de-

149 892 324 943 sperati
351 891 634 942 viderentur,
673 892 718 931 in
754 891 943 931 exilium
977 890 1090 939 acti3
1127 890 1204 930 alii
1238 890 1448 941 graviter
1482 890 1770 941 reprehensi,

148 974 297 1013 neque
324 963 615 1002 sermonibus
645 968 843 1010 tantum,
874 961 955 1001 sed
985 961 1125 1001 etiam
1151 972 1341 1000 carcere
1369 961 1611 1011 castigati,
1649 961 1772 1012 quod

147 1033 310 1073 melius
343 1033 497 1073 curari
530 1045 624 1072 non
656 1044 793 1084 posse
832 1032 1230 1082 existimarentur;
1272 1031 1349 1071 alii
1387 1032 1771 1084 chyrographum

147 1103 258 1143 dare
275 1103 392 1155 jussi
413 1113 456 1143 et
477 1103 640 1143 sistere
670 1101 980 1153 fideijussores
1008 1102 1232 1142 admoniti
1260 1102 1316 1142 de
1343 1102 1468 1142 vitae
1500 1114 1612 1142 suae
1648 1103 1770 1143 seria

146 1175 449 1214 correctione.
472 1173 522 1213 In
545 1173 853 1214 condonanda
874 1185 998 1213 noxa
1020 1172 1308 1212 conditiones
1328 1173 1649 1225 praescriptae
1672 1185 1769 1214 cer-

146 1252 235 1295 tae;
253 1245 485 1285 nonnullis
502 1245 701 1295 quidem,
722 1250 770 1284 ut
787 1245 834 1284 in
850 1244 948 1284 dies
966 1244 1155 1294 aliquot,
1177 1244 1280 1284 aliis
1296 1250 1345 1283 ut
1366 1245 1413 1284 in
1429 1244 1769 1285 hebdomadam

144 1322 189 1355 et
209 1316 406 1367 amplius
427 1315 712 1355 abstinerent
733 1326 925 1365 prorsus
946 1326 973 1354 a
990 1314 1114 1364 vino,
1138 1314 1270 1365 cujus
1290 1326 1375 1354 usu
1396 1314 1592 1354 fuissent
1615 1315 1766 1366 abusi,

144 1385 418 1438 quibusdam
437 1392 487 1426 ut
508 1397 639 1426 arma
659 1386 785 1425 nulla
812 1384 1068 1434 deferrent3
1099 1385 1201 1424 aliis
1236 1391 1282 1424 ut
1310 1385 1369 1425 ad
1398 1392 1576 1425 certam
1603 1386 1771 1426 horam

142 1457 327 1508 vesperi
354 1463 508 1497 essent
537 1456 684 1506 domi,
722 1468 815 1496 non
850 1456 1087 1506 egressuri
1114 1461 1222 1495 ante
1251 1456 1421 1506 lucem;
1451 1463 1697 1507 praeterea
1719 1462 1769 1496 ut

141 1527 345 1567 redirent
371 1527 568 1578 singulis
596 1527 850 1577 mensibus,
881 1532 925 1566 et
960 1526 1209 1577 probatum
1238 1525 1474 1566 adferrent
1500 1527 1689 1567 Rectori
1710 1533 1769 1567 te-

140 1599 409 1638 stimonium
442 1598 497 1638 de
518 1598 644 1638 vitae
674 1609 786 1637 suae
806 1597 1107 1637 institutione.
1133 1597 1368 1647 Breviter,
1391 1608 1487 1636 non
1527 1598 1774 1638 charitatis

139 1669 291 1719 modo,
314 1669 395 1709 sed
416 1669 557 1709 etiarn
573 1667 778 1719 justitiae
796 1667 1084 1708 exercendae
1104 1668 1237 1707 locus
1258 1668 1498 1719 multiplex
1520 1667 1656 1708 datus
1678 1675 1762 1718 est,

140 1740 400 1779 admirante
434 1751 507 1779 me
536 1751 627 1790 quo
661 1745 800 1790 pacto
825 1737 957 1778 fieret
989 1744 1052 1788 ut,
1083 1750 1176 1778 non
1210 1737 1426 1778 diversae
1456 1745 1653 1785 tantum.
1686 1740 1767 1780 sed

136 1811 276 1850 etiam
297 1810 561 1850 contrariae
582 1809 858 1859 functiones,
882 1809 928 1849 in
957 1821 1049 1848 una
1077 1810 1165 1849 hac
1192 1815 1345 1848 essent
1368 1807 1622 1858 Societate,
1655 1809 1765 1850 dum

135 1882 212 1921 alii
234 1881 447 1932 captivos
468 1880 763 1930 redimerent,
788 1891 876 1930 ego
898 1880 1128 1919 mitterem
1149 1880 1195 1919 in
1212 1891 1465 1930 carcerem;
1490 1881 1567 1920 alii
1590 1881 1766 1921 demul-

134 1958 293 1992 cerent
314 1953 473 2001 iratos,
497 1951 856 1991 reconciliarent
876 1950 1098 2000 offensOS,
1122 1961 1210 2000 ego
1232 1951 1504 2001 plecterem,
1538 1957 1581 1991 et
1613 1951 1761 2002 objur-

133 2034 311 2073 garem,
337 2029 381 2062 et
402 2029 642 2067 terrerem,
667 2029 711 2061 et
729 2022 1014 2072 castigarem
1034 2021 1285 2072 improbos.

212 2094 350 2133 Faxit
370 2093 608 2144 piissimus
633 2092 861 2132 Dominus
881 2091 1038 2144 Jesus,
1062 2097 1111 2131 ut
1134 2091 1324 2142 perinde
1352 2103 1408 2131 ac
1436 2091 1576 2142 periti
1599 2091 1767 2131 medici

134 2165 302 2215 solent,
345 2164 404 2204 ad
440 2175 599 2203 omnes
635 2163 840 2202 omnium
878 2161 1168 2202 infirmitates
1209 2174 1294 2201 nos
1337 2162 1763 2212 accommodemus,

135 2235 289 2274 omnia
318 2235 429 2274 facti
461 2233 694 2283 omnibus,
724 2239 773 2273 ut
800 2234 969 2273 multos
1001 2232 1365 2272 lucrifaciamus.
1393 2231 1646 2283 Postquam
1675 2233 1765 2272 hoc

134 2317 302 2346 munus
322 2305 535 2356 deposui,
569 2304 692 2356 quod
719 2310 843 2344 certe
872 2304 1046 2343 invitus
1074 2302 1325 2343 admodum
1351 2303 1556 2354 suscepi,
1585 2310 1629 2343 et
1652 2303 1762 2343 indi—

133 2388 253 2428 gnus
275 2376 614 2426 administravi,
639 2374 874 2414 reddenda
895 2374 979 2414 fuit
1001 2374 1181 2425 accepti
1202 2380 1246 2413 et
1267 2373 1365 2413 dati
1390 2374 1524 2413 ratio.

211 2447 463 2487 Pecuniam
488 2451 791 2485 numerarunt
820 2457 960 2496 quam
979 2456 1064 2496 pro
1087 2456 1214 2484 more
1236 2445 1425 2484 solvunt
1447 2444 1656 2495 Rectori3
1680 2446 1760 2485 sed

131 2526 400 2558 constanter
434 2517 605 2567 negavi
638 2528 710 2556 me
745 2522 1047 2567 accepturum
1083 2515 1349 2567 quicquam3
1381 2527 1473 2555 non
1506 2516 1627 2555 enim
1658 2528 1760 2555 esse

131 2600 306 2629 morem
327 2588 549 2629 Societati
570 2594 772 2637 nostrae,
796 2598 880 2637 pro
899 2598 1132 2638 quoquam
1149 2586 1297 2626 officio
1316 2587 1390 2626 vel
1406 2598 1597 2626 munere
1615 2587 1757 2626 admi-

131 2660 327 2699 nistrato
345 2670 533 2710 sperare
551 2664 629 2698 aut
644 2658 853 2708 recipere
872 2657 1050 2697 isthaec
1068 2657 1291 2708 praemia:
1308 2662 1636 2696 converterent
1652 2657 1756 2708 ipsi,

132 2730 169 2770 si
196 2731 387 2779 vellent,
419 2729 541 2781 quod
568 2729 680 2768 mihi
707 2727 949 2777 offerrent,
973 2728 1019 2767 in
1047 2728 1149 2779 pios
1176 2739 1287 2767 usus
1315 2727 1452 2766 alios:
1485 2735 1557 2767 sat
1578 2739 1680 2767 esse
1702 2729 1756 2778 si,

132 2800 251 2840 unde
273 2806 488 2851 suppetat
509 2800 633 2839 vitae
653 2799 936 2849 necessitati,
961 2799 1007 2838 in
1024 2798 1145 2838 diem
1165 2798 1456 2837 haberemus.
1481 2798 1537 2837 Et
1559 2798 1640 2837 vix
1656 2810 1756 2850 per-

133 2871 258 2910 suasi
282 2870 483 2921 tandem,
509 2882 594 2909 nec
615 2869 772 2909 dubito
794 2869 904 2920 quin
921 2869 1059 2909 tacite
1076 2868 1317 2918 probarint
1338 2867 1583 2908 Societatis
1604 2881 1753 2908 exem-

132 2942 270 2991 plum.
296 2941 480 2981 Christo
509 2941 566 2980 sit
588 2939 736 2979 omnis
763 2940 913 2979 honor
935 2945 979 2979 et
1000 2939 1170 2989 gloria,
1195 2949 1331 2990 quem
1353 2944 1397 2978 et
1418 2939 1619 2979 maxime
1642 2951 1747 2979 cun-
