1987 3260
918 227 1000 264 ΑΝ.
1033 226 1123 263 1547
1274 240 1275 243 =
1790 218 1839 264 35

210 329 347 367 sobre
368 328 423 367 61.
443 326 549 366 Han
566 324 884 365 determinado
906 335 994 375 que
1014 334 1130 374 para
1151 333 1206 362 su
1226 321 1359 362 salud
1376 324 1476 361 mas
1492 321 1533 361 le
1550 323 1731 373 cumple
1747 334 1837 374 que

212 410 338 450 vaya
359 401 386 437 3
406 397 570 447 Roma,
589 410 620 448 y
636 397 737 436 ansi
755 395 916 447 pienso
934 405 1023 446 que
1043 394 1087 433 lo
1103 394 1234 443 hardu
1252 392 1359 432 bien
1379 403 1467 444 que
1487 403 1547 431 no
1568 392 1613 432 10
1633 404 1721 432 veo
1743 395 1835 433 alin

212 467 549 519 determinado,
572 468 674 507 sino
696 478 784 507 con
804 465 942 506 deseo
964 464 1019 504 (16
1040 464 1183 504 113661·
1204 463 1386 515 aquello
1410 474 1498 514 que
1519 461 1648 503 fuere
1665 475 1723 503 en
1742 475 1835 503 ma-

212 551 302 590 yor
322 538 523 579 servicio
544 551 575 589 y
594 537 746 589 gloria
766 536 822 577 de
838 536 1038 576 Nuestro
1056 533 1251 586 [Sefior]

292 609 519 660 Rueguen
540 612 567 648 3
587 608 640 648 N.
665 607 812 649 Sefior
832 618 921 659 que
942 609 968 646 3
991 606 1029 645 61
1052 619 1081 657 y
1103 608 1130 644 zi
1152 605 1285 645 todos
1305 616 1390 645 nos
1412 604 1468 644 (16
1489 607 1516 643 a
1537 603 1760 644 entender
1785 616 1839 644 su

211 680 458 720 santisima
480 679 705 719 voluntad
724 691 755 730 y
776 678 958 729 aquella
978 688 1122 728 pones
1144 687 1229 727 por
1251 675 1380 715 obra.

293 750 430 803 Jesus
451 762 530 790 sea
551 761 639 789 con
660 749 809 789 todos.

295 821 365 861 De
385 821 599 861 Palermo
621 823 648 860 3
665 820 691 858 4
709 819 765 860 (16
785 819 907 872 Julio
933 818 1045 857 1547.

295 892 421 932 Tuus
442 892 487 932 in
505 891 692 932 Christo
712 890 844 931 filius.

960 1032 1028 1084 Jo.
1062 1032 1370 1072 HIERONYMUS
1400 1031 1679 1071 DOMENECH.

296 1246 482 1299 juliano
512 1249 612 1286 esta
642 1257 754 1297 muy
779 1245 930 1285 bueno
956 1245 1005 1284 in
1034 1248 1233 1295 utroque
1259 1242 1444 1283 homine
1476 1241 1503 1280 ¹.
1532 1242 1604 1282 De
1634 1242 1843 1283 Maestro

218 1317 488 1357 Hieronimo
510 1316 661 1357 Nadal
681 1316 819 1356 (16560
840 1316 977 1357 saber
997 1327 1176 1356 nuevas
1197 1325 1228 1367 y
1249 1315 1305 1355 (16
1326 1314 1576 1354 Benedicto
1602 1326 1635 1365 y
1654 1313 1711 1353 de
1731 1312 1845 1353 Ani-

218 1387 295 1427 bal
316 1387 346 1425 ².
368 1388 428 1428 V.
451 1387 505 1427 R.
530 1388 596 1427 les
616 1388 742 1438 haga
762 1387 969 1428 escribir.

299 1458 666 1510 Superscrz'ptz'o.
698 1457 730 1509 †
755 1458 815 1498 Al
844 1457 1120 1500 Reverendo
1154 1458 1201 1497 in
1235 1457 1420 1498 Christo
1454 1456 1604 1497 Padre
1638 1455 1844 1496 Maestro

219 1530 407 1581 Ignacio
429 1530 485 1570 de
506 1529 699 1581 Loyola‚
723 1529 964 1580 Prepdsito
986 1529 1041 1569 de
1058 1530 1104 1569 13
1125 1528 1382 1581 Compafiia
1403 1527 1460 1568 (16
1479 1528 1630 1581 Jesus.

1448 1670 1631 1711 ROMAE.

271 1796 281 1816 ¹
321 1795 463 1823 “Frater
478 1796 584 1824 laicus
600 1800 686 1829 erat,
703 1795 834 1823 nomine
850 1795 1013 1829 Julianus,
1039 1795 1175 1823 natione
1199 1795 1358 1829 Flander‚
1385 1794 1561 1822 Messanae
1583 1794 1616 1821 in
1637 1792 1846 1821 Societatem

214 1843 391 1877 admissus,
405 1844 459 1878 qui
474 1851 549 1871 cum
563 1844 599 1870 P.
616 1843 860 1879 Hieronymum
874 1843 1067 1870 Domenech
1083 1843 1317 1875 comitaretur,
1334 1842 1410 1869 aliis
1422 1842 1525 1869 etiam
1536 1841 1676 1876 pietatis
1689 1841 1847 1875 operibus

215 1891 397 1924 diligenter
412 1893 572 1925 vacabat,
591 1899 631 1918 ac
646 1891 851 1925 praesertim
874 1890 907 1918 in
931 1890 1119 1917 ministerio
1134 1890 1446 1917 distribuendarum
1461 1890 1755 1925 eleemosynarum
1769 1888 1848 1916 Pro-

215 1938 337 1971 rcgis.„
353 1938 520 1971 PoLAnco,
535 1939 558 1965 1.
573 1946 613 1970 c..
629 1946 659 1965 n.
674 1939 737 1966 369.

270 1986 283 2004 ἓ
319 1985 465 2017 Natalis.
482 1986 685 2014 Benedictus
704 1986 855 2013 Palmius
870 1989 902 2012 et
918 1986 1066 2012 Annibal
1091 1992 1110 2012 a
1135 1984 1304 2012 Coudreto
1320 1985 1447 2012 Romae
1471 1985 1534 2012 hoc
1558 1992 1644 2012 anno
1659 1984 1847 2012 versaban—

217 2038 287 2066 turv
305 2034 362 2060 sed
377 2034 531 2068 sequenti
545 2033 735 2061 Messanam
750 2033 841 2060 missi
857 2037 944 2060 sunt.
