1987 3260
855 173 937 210 Ax.
971 174 1056 211 1551
1701 176 1773 215 233

145 269 269 320 chio,
293 269 370 320 qui
396 274 440 308 et
466 269 564 320 ipse
590 280 762 320 magna
790 281 894 310 cum
923 269 1245 310 aedificatione
1280 271 1398 311 vixit
1434 272 1695 322 nobiscum,
1725 280 1769 313 et

144 340 250 379 hinc
285 350 425 389 aegre
452 339 617 379 dimitti
644 340 816 391 potuit,
850 340 972 392 quod
1001 341 1047 380 in
1075 340 1389 392 professorem
1417 342 1649 393 publicum
1673 343 1769 393 jam

143 411 220 450 diu
243 421 298 450 ac
319 411 512 450 multum
534 416 655 450 esset
672 411 919 462 expetitus.

223 481 283 521 Ut
311 481 503 532 propius
531 480 589 520 ad
617 488 777 521 nostra
806 482 1015 532 veniam,
1046 482 1171 522 haud
1200 493 1315 533 opus
1344 481 1446 522 fore
1477 490 1588 534 puto
1617 484 1773 523 multis

142 551 216 591 hic
237 557 446 602 repetere
476 551 627 591 studia
658 553 817 603 solita,
848 554 1189 604 praelectiones
1219 553 1328 593 item
1361 560 1498 604 atque
1522 554 1771 594 conciones

142 628 347 670 nostras,
372 622 418 661 in
445 623 610 673 quibus
637 623 800 663 eodem
827 623 944 663 duce
972 623 1313 675 progredimur,
1347 635 1436 674 quo
1466 625 1666 675 primum
1693 636 1771 664 au-

140 693 272 733 thore
294 693 546 744 coepimus,
570 693 754 734 Christo
775 694 886 746 Jcsu
907 694 1106 734 Domino
1127 700 1302 745 nostro,
1327 695 1403 734 cui
1423 695 1603 745 gratias
1626 696 1768 735 etiam

141 763 325 814 agimus
351 764 408 803 ob
444 771 632 804 auctum
663 763 759 815 jam
795 765 1058 805 auditorum
1093 776 1350 805 numerum.
1382 764 1478 805 Nec
1509 765 1657 805 maior
1686 765 1771 806 fuit

143 846 347 885 unquam
369 841 447 874 aut
468 835 632 874 melior
654 835 940 886 Theologiae
961 835 1037 875 hic
1059 836 1396 876 restaurandae
1418 848 1538 887 spes,
1564 848 1773 888 praeser-

141 906 223 945 tim
245 917 385 956 quum
406 907 552 946 multa
574 912 833 946 tractentur
854 906 910 946 de
931 906 1103 958 duplici
1125 907 1323 958 collegio
1346 907 1628 947 extruendo:
1663 908 1771 947 alte-

140 988 244 1016 rum
271 975 496 1016 Societati
528 983 718 1016 nostrae
747 977 1031 1017 destinatum
1059 983 1199 1028 atque
1228 978 1511 1029 promissum
1542 984 1633 1028 est,
1664 978 1771 1018 alte-

140 1059 242 1087 rum
277 1046 580 1087 Scholasticis
611 1047 896 1097 Theologiae
930 1048 1250 1099 constituetur,
1288 1048 1367 1098 iis,
1406 1049 1483 1100 qui
1519 1049 1773 1100 aliquando

140 1118 341 1159 ministri
377 1118 681 1157 ecclesiarum
709 1118 754 1157 in
783 1118 1036 1159 Germania
1067 1130 1168 1158 esse
1206 1119 1350 1159 velint
1378 1131 1432 1159 ac
1461 1120 1656 1171 possint.
1689 1119 1773 1160 Po-

139 1189 307 1229 sterius
327 1189 415 1229 hoc
437 1194 599 1228 nostro
622 1187 812 1238 adjungi
839 1189 1037 1239 collegio
1063 1190 1241 1240 volunt,
1276 1196 1326 1229 ut
1354 1190 1477 1230 haud
1507 1191 1670 1241 procul
1697 1191 1773 1230 ab·

138 1260 248 1310 sint,
271 1271 386 1311 quos
407 1259 508 1310 regi
528 1265 574 1298 et
594 1259 771 1299 institui
793 1271 820 1299 a
840 1260 974 1299 nobis
1004 1260 1295 1310 desiderant,
1335 1261 1658 1301 existimantes
1680 1262 1769 1302 hoc

137 1336 274 1381 pacto
297 1341 437 1382 quam
459 1329 630 1380 optime
651 1330 871 1370 collocari
893 1336 1125 1381 sumptus,
1151 1343 1266 1382 quos
1286 1343 1409 1371 nunc
1443 1332 1675 1372 maximos
1695 1344 1762 1372 re-

136 1401 245 1452 cipit
262 1401 379 1441 haec
396 1400 652 1449 academia,
675 1401 749 1440 cui
766 1413 792 1440 a
809 1400 1031 1441 Pontifice
1051 1402 1257 1441 Maximo
1275 1414 1549 1442 concessum
1572 1409 1641 1443 est
1658 1403 1762 1443 dae-

135 1483 261 1512 mum
283 1476 308 1522 ¹,
332 1478 380 1511 ut
402 1483 460 1511 ex
480 1471 743 1511 vicinorum
770 1472 1196 1512 ecclesiasticorum
1222 1473 1529 1523 proventibus
1555 1473 1762 1513 decimas

136 1543 345 1594 integras
367 1543 509 1582 semel
530 1550 668 1594 atque
689 1543 857 1582 iterum
878 1543 1099 1593 colligere
1120 1544 1281 1594 possit.

214 1614 482 1654 Precandus
503 1619 572 1653 est
599 1620 723 1653 certe
752 1613 982 1654 Dominus
1008 1614 1438 1654 misericordiarum
1466 1622 1514 1655 ut
1544 1616 1669 1655 nullo
1698 1616 1761 1655 in-

135 1685 422 1725 terturbante
459 1684 683 1736 procedat
721 1685 810 1724 hoc
848 1684 1019 1736 duplex
1058 1685 1326 1736 collegium,
1371 1686 1762 1737 quemadmodum

134 1755 281 1795 Ducis
301 1755 603 1795 illustrissimi
624 1755 906 1806 consiliario,
930 1767 1071 1807 quum
1092 1756 1168 1796 hic
1188 1762 1325 1807 esset,
1348 1768 1431 1808 per
1452 1756 1540 1796 Dei
1556 1757 1759 1807 gratiam

135 1826 452 1877 persuasimus
478 1831 522 1866 et
549 1825 562 1844 ²
589 1826 668 1877 qui
693 1826 780 1866 hoc
808 1827 1072 1867 institutum
1098 1839 1147 1866 se
1175 1826 1324 1867 modis
1352 1827 1565 1867 omnibus
1597 1840 1758 1879 appro-

135 1897 248 1937 bare
279 1902 416 1947 atque
444 1908 721 1947 promovere
754 1897 873 1937 velle
901 1897 1037 1948 dixit,
1074 1909 1220 1948 eoque
1257 1904 1529 1938 curaturum
1560 1910 1608 1938 se
1642 1899 1763 1939 mitti

135 1968 314 2008 litteras
334 1967 480 2007 Ducis
500 1968 572 2007 sui
592 1967 606 1985 ⁵
628 1974 723 2008 tum
746 1968 804 2008 ad
824 1968 1096 2008 Pontificem
1124 1968 1380 2008 Maximum
1410 1976 1508 2009 tum
1535 1969 1594 2009 ad
1621 1969 1674 2009 R.
1706 1970 1758 2009 T.

135 2039 339 2079 Haberet
359 2050 452 2078 non
474 2039 613 2089 paulo
634 2039 799 2078 melius
821 2039 1094 2089 Germania,
1118 2039 1157 2078 si
1179 2039 1390 2090 studiosi,
1413 2046 1510 2080 tum
1533 2040 1592 2080 ad
1618 2041 1760 2091 pieta-

134 2117 241 2160 tem,
265 2121 291 2149 a
312 2121 402 2161 qua
419 2109 515 2149 fere
534 2110 801 2156 obhorrent,
820 2115 919 2149 tum
936 2109 995 2150 ad
1011 2109 1332 2161 Theologiam‚
1352 2122 1471 2161 quae
1488 2111 1577 2150 illis
1596 2111 1757 2151 odiosa

133 2180 257 2220 sacta
274 2186 358 2229 est,
381 2179 619 2220 assuefieri
636 2186 840 2231 possent,
860 2192 915 2220 ac
936 2180 1213 2231 praesertim
1236 2180 1300 2230 (ut
1320 2181 1432 2220 mihi
1453 2181 1652 2231 videtur)
1674 2181 1713 2221 si
1734 2194 1761 2221 a

134 2250 307 2300 nostris
328 2251 695 2290 instituerentur.

214 2320 442 2362 Curamus
476 2332 598 2360 nunc
626 2326 675 2360 ut
699 2320 757 2361 ad
787 2321 1117 2373 disputandum
1147 2321 1194 2361 in
1226 2321 1366 2361 aedes
1390 2327 1576 2362 nostras
1603 2322 1763 2362 venire

135 2398 332 2444 pergant
353 2391 743 2443 hebdomadatim,
762 2392 826 2432 ita
842 2393 998 2432 multis
1014 2392 1141 2432 horis
1157 2393 1204 2432 in
1220 2391 1479 2432 Dialectica
1497 2398 1541 2432 et
1560 2393 1762 2444 Physica

135 2470 353 2504 exercent
374 2475 496 2513 sese,
519 2474 604 2502 nos
624 2462 863 2514 praesides
884 2463 1126 2514 adsumus,
1157 2469 1201 2503 et
1230 2463 1289 2504 ad
1316 2464 1581 2515 disputandi
1609 2476 1759 2514 usum,

135 2535 212 2586 qui
232 2535 306 2574 hic
322 2534 495 2574 interiit
511 2545 642 2585 pene,
662 2545 942 2574 revocamus
963 2534 1168 2574 delectos
1199 2535 1372 2586 aliquot
1400 2535 1640 2586 bonaeque
1664 2536 1762 2587 spei

134 2605 467 2645 adolescentes.
498 2604 635 2644 Faxit
669 2604 898 2645 Dominus
925 2610 988 2655 ut,
1019 2605 1139 2645 sicut
1167 2606 1214 2645 in
1241 2606 1403 2656 literis,
1435 2606 1501 2645 sic
1529 2606 1575 2645 in
1597 2606 1763 2657 spiritu

188 2740 196 2759 ¹
236 2739 291 2767 Sic
309 2740 475 2767 Canisius.

185 2788 199 2806 ‘²
238 2787 298 2814 His
322 2787 448 2815 Canisii
476 2786 591 2813 verbis
614 2790 681 2820 per
707 2785 771 2813 Dei
797 2788 953 2820 gratiam
979 2790 1232 2822 persuasimus
1257 2791 1288 2816 el
1316 2788 1491 2816 substituit
1519 2789 1684 2816 Polancus
1712 2790 1761 2816 vi-

134 2840 213 2860 sum
230 2836 292 2861 est.

185 2881 198 2898 ⁵
237 2881 390 2908 Canisius
405 2882 550 2909 dixerat:
568 2889 674 2915 eoque
691 2883 886 2910 missurum
902 2891 938 2910 se
954 2884 1112 2917 litteus-ts,-
1126 2885 1184 2911 sed
1200 2885 1252 2911 his
1268 2884 1400 2918 deletis,
1414 2885 1570 2918 apposuit
1586 2885 1618 2912 in
1630 2892 1689 2912 ora
1705 2892 1762 2919 pa-

133 2928 232 2961 ginae
249 2928 424 2961 Polancus,
442 2929 537 2963 signo
553 2929 667 2956 addito
683 2933 718 2956 ut
735 2929 840 2957 textui
857 2931 1087 2958 insererentur
1102 2931 1186 2959 haec
1207 2931 1291 2959 alia:
1317 2933 1526 2958 curaturam
1542 2939 1580 2959 se
1598 2932 1693 2958 mitte·
1705 2932 1761 2957 lit-

134 2977 231 3002 teras
246 2975 355 3003 Duczs
370 2977 438 3003 sui.
