1987 3260
841 186 922 223 Ax.
955 186 1040 223 1551
1688 183 1758 221 257

822 635 1086 689 LXXIII

214 866 259 903 P.
281 865 605 903 Maximilianus
627 863 836 910 Chapelle

260 931 379 967 Patri
401 930 567 976 Ignatio
588 928 640 964 de
661 928 843 974 Loyola.

307 994 585 1032 Salmantica.
607 994 628 1027 ε’)
643 993 855 1039 Januarii,
880 993 965 1029 15:31
986 993 1009 1026 ¹.

948 1165 968 1197 †

914 1200 1012 1240 IHS

226 1343 493 1382 Admodum
513 1341 786 1382 Reverende
807 1343 853 1381 in
876 1342 1062 1382 Christo
1084 1342 1237 1382 Pater,

227 1413 394 1453 Gratia
415 1420 459 1453 et
479 1425 573 1464 pax
594 1413 782 1453 Domini
802 1415 911 1461 Jesu
933 1413 1104 1453 Christi
1126 1420 1168 1453 et
1190 1412 1551 1453 communicatio
1572 1410 1770 1462 Spiritus

146 1485 307 1525 Sancti
322 1496 506 1535 semper
526 1485 584 1524 sit
604 1484 859 1524 nobiscum.
886 1484 1050 1524 Amen.

224 1556 311 1596 Per
327 1562 614 1607 postremam
630 1555 875 1606 epistolam
891 1566 1072 1604 eorum,
1093 1566 1210 1606 quae
1229 1560 1395 1605 quarto
1413 1563 1595 1604 quoque
1612 1563 1770 1591 mense

147 1627 285 1667 scribi
306 1628 470 1673 solent,
495 1627 742 1666 certiorem
768 1625 947 1666 reddidi
968 1625 1303 1666 Paternitatem
1329 1631 1456 1664 tuam
1478 1623 1533 1663 de
1554 1628 1771 1673 suscepta

148 1698 415 1738 visitatione
436 1697 690 1748 Burgensis
711 1697 952 1747 dioecesis,
972 1696 1160 1748 jamque
1172 1702 1415 1736 narratum
1431 1700 1501 1734 est
1517 1693 1625 1745 quid
1642 1694 1689 1733 in
1705 1693 1770 1732 iti-

146 1781 256 1808 nere
276 1768 603 1809 Vallisoletum
624 1779 783 1819 usque,
809 1767 993 1807 Christo
1016 1767 1219 1819 auspice,
1244 1765 1511 1818 peregerint
1530 1764 1694 1805 Patres
1724 1764 1769 1812 ii,

149 1850 264 1890 quos
286 1839 371 1878 sibi
393 1838 587 1878 comites
608 1845 652 1878 et
672 1837 910 1889 adjutores
938 1837 1138 1878 adscivit
1165 1837 1214 1877 P.
1243 1837 1420 1877 Doctor
1441 1836 1628 1876 Torres.
1653 1834 1773 1885 Quid

151 1917 306 1950 autem
327 1915 489 1960 postea
511 1909 805 1959 successerit,
829 1920 952 1948 nunc
974 1908 1193 1948 narrabo.

230 1980 411 2020 Interea
439 1979 546 2019 dum
578 1979 749 2019 fratres
777 1979 924 2018 nostri
950 1978 1203 2018 Doctorem
1232 1978 1494 2018 Vallisoleti
1522 1978 1773 2029 praestola-

151 2058 325 2100 rentur,
348 2050 573 2099 Magister
594 2050 797 2090 Alvarez
814 2050 1087 2089 concionem
1104 2049 1264 2089 habuit
1277 2048 1411 2100 juxta
1427 2049 1594 2088 valvas
1611 2048 1777 2088 domus

152 2121 311 2172 regiae
331 2121 378 2160 in
401 2133 509 2161 area
540 2121 654 2160 satis
676 2121 854 2171 ampla,
880 2132 1015 2171 quem
1041 2131 1213 2170 magna
1235 2119 1491 2159 attentione
1512 2119 1773 2169 audierunt,

153 2204 247 2231 non
280 2191 311 2231 ii
347 2192 496 2231 solum
524 2192 602 2242 qui
636 2191 743 2230 illuc
775 2191 1015 2230 concionis
1049 2190 1204 2241 gratia
1240 2189 1576 2240 confluxerant,
1614 2200 1778 2229 verum

154 2263 295 2302 etiam
322 2263 461 2302 aulici
482 2274 574 2301 non
595 2262 731 2312 pauci
754 2273 809 2301 ac
829 2261 1076 2310 foeminae,
1109 2261 1324 2312 quamvis
1353 2260 1564 2300 claritate
1584 2260 1776 2310 nobiles,

155 2333 211 2372 de
231 2333 449 2373 fenestris
465 2332 817 2384 prospicientes:
840 2332 970 2372 finita
988 2332 1228 2382 concione,
1247 2337 1489 2371 matronae
1506 2332 1612 2371 illae
1628 2337 1674 2370 et
1689 2331 1779 2382 ple-

156 2405 285 2456 rique
306 2404 383 2444 alii
405 2403 728 2443 admirabundi
746 2403 1127 2454 colloquebantur
1143 2402 1199 2442 de
1215 2402 1363 2442 solida
1381 2401 1478 2453 ejus
1496 2402 1708 2442 doctrina
1726 2413 1781 2442 ac

156 2474 356 2515 fervoris
377 2474 684 2523 vehementia,
710 2474 894 2513 tametsi
916 2479 1067 2513 aetate
1084 2471 1271 2523 juvenis
1292 2478 1428 2512 esset.
1454 2473 1645 2524 Aliquot
1666 2472 1782 2512 alios

158 2556 395 2585 sermones
431 2544 590 2584 habuit
624 2544 736 2595 ipse,
768 2550 812 2583 et
842 2543 890 2583 P.
928 2544 1153 2595 Baptista,
1190 2550 1287 2583 tam
1317 2543 1363 2583 in
1391 2544 1557 2594 plateis
1586 2543 1784 2595 publicis

160 2627 299 2666 quam
319 2616 365 2655 in
382 2614 664 2662 carceribus,
682 2614 987 2654 xenodochiis
1004 2625 1059 2653 ac
1076 2613 1388 2664 monasteriiS,
1408 2614 1486 2654 ubi
1502 2625 1685 2665 semper
1699 2614 1784 2654 fuit

161 2686 424 2727 auditorum
445 2697 693 2726 numerosa
715 2685 974 2736 multitudo,
998 2691 1043 2725 et
1069 2685 1114 2725 in
1142 2685 1207 2724 eis
1234 2685 1399 2735 ingens
1428 2685 1613 2736 pietatis
1635 2697 1690 2725 ac
1712 2685 1783 2725 de-

160 2757 363 2797 votionis
384 2756 594 2797 affectus.

217 2890 227 2910 ¹
265 2891 494 2926 Autographa
508 2892 541 2918 in
558 2891 681 2925 duplici
697 2891 784 2924 folio,
802 2890 853 2918 cui
869 2891 947 2918 olim
963 2898 1016 2918 nn.
1032 2891 1083 2917 434
1098 2895 1130 2917 et
1146 2891 1206 2924 435,
1224 2897 1309 2917 nunc
1326 2897 1408 2917 vero
1422 2890 1457 2917 66
1471 2894 1503 2917 et
1517 2890 1711 2918 67.—Aliud
1725 2898 1790 2918 non

163 2943 225 2970 est,
241 2941 276 2965 ut
287 2939 412 2972 legenti
429 2939 526 2966 facile
542 2938 684 2973 patebit,
701 2945 801 2972 quam
816 2938 923 2965 latina
938 2938 1062 2969 versio,
1075 2938 1191 2972 paucis
1207 2937 1348 2964 mutatis
1372 2941 1406 2964 et
1427 2937 1562 2971 additis,
1585 2938 1791 2972 litterarum,

165 2992 247 3017 quas
263 2992 282 3012 a
297 2984 397 3012 Patre
414 2985 677 3012 Bartholomaeo
694 2984 894 3012 Hernandez
909 2985 1118 3018 subscriptas
1133 2985 1285 3011 dedimus
1300 2991 1413 3019 supra,
1431 2992 1461 3011 n.
1477 2992 1567 3019 Lxx1‚
1583 2992 1661 3019 pag.
1677 2985 1738 3012 248.

355 3045 403 3080 Τ.
427 3059 451 3080 1.
1521 3051 1560 3086 17
