1987 3260
804 196 888 234 AN.
920 197 1011 234 1552
1646 198 1716 236 483

90 294 284 334 vixdum
317 293 613 333 illucescente
640 293 753 333 mihi
780 293 838 333 sit
870 293 1219 344 auspicandum.
1251 293 1428 333 Bonam
1456 304 1584 345 spem
1613 305 1715 334 esse

90 364 228 404 audio
250 364 305 404 de
327 363 602 415 quibusdam
627 363 889 412 haereticis,
914 375 1109 414 quorum
1126 364 1304 404 utinam
1326 363 1476 403 minor
1498 370 1618 403 esset
1639 364 1715 403 hic

90 441 360 487 proventus,
385 435 552 485 quique
571 446 674 474 cum
693 435 905 474 lubenter
923 435 981 474 ad
998 446 1082 474 nos
1105 434 1360 474 audiendos
1379 434 1539 474 venire
1561 434 1715 474 dican-

90 512 177 552 tur,
215 516 325 545 suas
358 505 499 544 etiam
536 505 777 555 opiniones
812 505 1036 556 paulatim
1071 505 1321 545 emendare
1357 511 1618 554 censentur,
1657 505 1715 545 ad

89 576 341 625 meliorem,
366 581 415 614 ut
436 575 725 625 confidimus,
757 575 939 626 frugem
966 575 1173 625 redituri,
1207 582 1256 616 ut
1285 574 1476 627 abjectis
1503 587 1715 616 errorum

88 645 293 686 tenebris
315 646 360 685 in
392 646 493 685 luce
514 651 762 685 versentur
790 646 1030 686 Ecclesiae
1062 652 1266 686 sanctae.
1297 646 1368 686 De
1396 647 1567 697 populo
1603 647 1718 686 satis

89 721 271 756 constat
292 716 459 755 miram
483 716 603 755 illius
625 716 899 766 religionem
922 728 1024 756 esse
1047 717 1275 768 coepisse,
1299 716 1609 768 postquamin
1629 717 1717 757 hoc

89 787 260 838 templo
297 798 324 826 a
358 797 430 826 me
467 793 681 845 coeptum
719 792 787 826 est
828 787 1113 827 concionari.
1151 787 1255 827 Non
1293 788 1443 827 solum
1482 799 1619 827 aures
1659 787 1717 827 ad

89 857 370 897 audiendum
399 857 535 897 avide
559 856 753 896 verbum
774 856 862 897 Dei
884 858 1089 909 praebet,
1122 858 1203 898 sed
1235 858 1375 898 etiam
1405 858 1464 898 ad
1493 858 1717 909 precandi

89 928 317 968 rationem
352 934 448 967 tam
484 929 557 979 pie
594 941 733 981 quam
763 929 969 968 studiose
998 929 1235 979 componit
1263 940 1379 979 sese,
1412 934 1460 968 ut
1486 940 1716 979 nusquam

89 998 197 1037 alibi
217 1004 403 1049 praeter
432 1011 614 1039 omnem
645 1011 756 1039 sane
779 1011 956 1039 morem
984 999 1030 1038 in
1052 999 1255 1039 Bavaria
1277 1004 1544 1050 precantur.
1568 998 1717 1039 Sacri-

88 1068 248 1109 ficanti
269 1069 327 1109 ad
355 1068 492 1109 finem
519 1081 664 1121 usque
693 1070 864 1110 Missae
894 1070 1133 1109 assistunt.
1171 1069 1288 1110 Cum
1320 1070 1614 1110 Eucharistia
1643 1082 1714 1110 su-

89 1139 258 1180 menda
278 1147 362 1190 est,
388 1141 616 1191 singulari
638 1142 764 1181 cultu
786 1152 840 1180 eo
863 1152 964 1180 sese
992 1147 1285 1190 convertunt,
1314 1141 1428 1181 fusis
1454 1141 1583 1181 humi
1614 1153 1712 1181 cor-

88 1211 292 1262 poribus,
316 1211 361 1251 id
378 1211 501 1262 quod
519 1212 565 1251 in
587 1211 840 1251 Germania
863 1211 1023 1251 videre
1045 1212 1103 1251 sit
1124 1212 1429 1252 rarissimum.

169 1281 336 1321 Munus
366 1281 834 1332 Procancellariatus,
867 1282 991 1333 quod
1025 1282 1265 1333 hucusque
1297 1282 1512 1334 quamvis
1539 1283 1715 1323 invitus

88 1352 280 1401 retineo,
306 1363 448 1392 conor
471 1352 685 1403 equidem
707 1353 764 1391 ab
785 1352 992 1392 humeris
1013 1359 1255 1403 excutere;
1278 1359 1325 1392 at
1347 1365 1420 1393 me
1443 1354 1557 1393 satis
1577 1354 1715 1394 extri·

90 1434 198 1463 care
220 1423 302 1463 vix
328 1434 532 1474 possum,
571 1423 712 1463 etiam
733 1423 773 1462 si
800 1429 876 1462 tua
913 1435 985 1462 me
1013 1422 1231 1463 defendat
1262 1424 1535 1475 authoritas,
1568 1424 1711 1464 Reve-

89 1492 231 1533 rende
251 1493 411 1542 Pater3
441 1493 508 1533 sic
535 1499 671 1544 urget
701 1493 975 1545 Episcopus,
1006 1493 1228 1545 Princeps
1256 1500 1299 1534 et
1320 1494 1593 1535 Academia.
1624 1494 1714 1535 Sed

90 1564 238 1604 modis
260 1565 474 1604 omnibus
496 1570 545 1604 ut
568 1564 656 1603 hoc
680 1576 820 1604 onere
843 1565 1011 1604 liberer
1032 1565 1311 1615 procurabo.

171 1635 355 1676 Novum
376 1635 509 1676 nobis
538 1636 707 1676 ostium
729 1648 778 1675 se
806 1636 955 1686 aperit
975 1635 1282 1687 Argentorati
1312 1637 1477 1687 (vulgo
1499 1636 1715 1688 Argenti-

89 1718 199 1746 nam
218 1707 421 1757 vocant).
442 1707 523 1746 Est
545 1719 600 1746 ea
623 1707 868 1746 civitatum
894 1707 1273 1758 germanicarum
1294 1719 1387 1747 una
1415 1708 1713 1759 praenobilis,

89 1778 209 1817 raris
226 1777 477 1818 admodum
493 1777 721 1817 instructa
737 1777 936 1827 dotibus,
955 1777 1206 1829 mundique
1225 1779 1511 1818 ornamentis
1527 1779 1712 1819 referta.

88 1847 388 1900 Scripserunt
410 1849 535 1888 illinc
557 1847 614 1887 ad
636 1860 709 1887 me
726 1848 943 1888 canonici
965 1848 1250 1888 cathedralis
1267 1849 1507 1899 ecclesiae,
1531 1850 1713 1890 nobilis-

89 1919 193 1959 simi
228 1919 413 1970 quidem
448 1919 534 1969 illi,
567 1931 708 1970 quum
736 1919 855 1958 inter
883 1919 967 1959 hos
997 1926 1040 1959 et
1067 1918 1209 1959 duces
1235 1924 1279 1959 et
1308 1920 1503 1960 comites
1533 1921 1717 1971 plurimi

89 1996 409 2040 numerentur;
433 1990 515 2029 sed
537 1996 728 2041 propter
749 1990 1136 2029 lutheranismum
1154 1990 1306 2029 coacti
1328 1991 1569 2040 excedere,
1592 2003 1716 2032 nunc

89 2060 275 2100 demum
295 2060 391 2100 suis
408 2060 608 2099 restituti
624 2060 825 2108 sedibuS,
847 2066 1013 2100 curant
1031 2072 1105 2100 res
1123 2060 1322 2100 afflictae
1340 2061 1565 2101 ecclesiae
1587 2074 1713 2102 suae.

89 2130 400 2182 Scripserunt‚
427 2132 630 2182 inquam,
655 2130 715 2170 ad
744 2142 816 2169 me
840 2131 904 2170 illi
932 2136 980 2170 ut
1010 2131 1330 2170 ecclesiastem
1358 2138 1549 2171 acturus
1574 2131 1582 2150 ¹
1611 2133 1718 2172 illuc

91 2202 290 2250 Veniam,
315 2209 394 2242 aut
417 2207 541 2242 certe
563 2200 750 2252 quidem
771 2207 837 2240 tot
860 2200 1009 2240 modis
1031 2201 1229 2241 afflictae
1248 2202 1473 2242 ecclesiae
1495 2214 1607 2242 suae
1629 2210 1716 2243 sta-

91 2279 187 2312 tum
208 2274 350 2313 semel
370 2272 636 2323 inspiciam3
661 2278 908 2311 curaturos
932 2284 980 2312 se
1000 2272 1149 2312 modis
1171 2273 1384 2313 omnibus
1406 2279 1455 2313 ut
1475 2281 1720 2325 susceptae

91 2344 480 2395 peregrinationis
502 2355 573 2383 me
595 2354 832 2394 nunquam
854 2343 1102 2394 poeniteat.
1134 2343 1371 2395 Rescripsi
1398 2344 1539 2395 igitur
1570 2357 1641 2385 me
1664 2346 1719 2385 de

93 2414 313 2455 mutando
334 2415 436 2454 loco
459 2414 568 2454 nihil
592 2425 730 2465 posse
760 2419 980 2464 statuere,
1017 2414 1203 2465 quando
1233 2415 1331 2466 ipse
1359 2416 1449 2455 mei
1477 2427 1578 2456 esse
1604 2415 1720 2467 juris

92 2486 354 2536 desiissem;
378 2486 423 2525 in
441 2497 514 2525 me
531 2496 673 2536 porro
690 2486 864 2525 nullam
883 2485 1087 2525 futuram
1103 2497 1284 2526 moram
1300 2486 1339 2526 si
1357 2487 1526 2527 missus
1544 2487 1601 2526 ad
1618 2488 1722 2527 illos

92 2556 451 2607 gratificandum
480 2557 731 2608 quicquam
761 2567 948 2607 possem
977 2556 1172 2596 efficere.
1201 2556 1335 2597 Nunc
1359 2570 1524 2609 parum
1559 2559 1722 2598 abesse

93 2634 249 2668 autem
288 2628 398 2679 quin
433 2628 665 2678 Episcopo
703 2627 989 2678 Eystettensi
1025 2639 1097 2667 me
1137 2629 1355 2668 comitem
1395 2629 1453 2668 ad
1492 2629 1724 2680 synodum

38 2689 42 2694 ’
93 2697 408 2749 adjungerem,
432 2699 498 2738 sic
519 2705 751 2738 annuente
769 2699 947 2738 scilicet
965 2700 1233 2750 praeposito
1253 2711 1372 2750 meo,
1392 2700 1479 2739 nisi
1495 2700 1723 2751 primores

92 2769 322 2810 Bavariae
343 2770 629 2810 obstitissent
651 2770 898 2820 quominus
929 2782 982 2809 ea
1007 2770 1050 2809 in
1083 2770 1340 2810 Concilium
1367 2771 1593 2822 profectio
1621 2783 1719 2810 suc-

94 2840 293 2880 cederet.
316 2840 379 2881 At
396 2841 504 2880 boni
526 2840 738 2880 canonici
760 2840 838 2891 illi,
864 2852 920 2880 ne
938 2841 1188 2891 quicquam
1204 2841 1482 2881 intentatum
1500 2842 1723 2893 relinque-

203 3000 483 3029 ConeionaturuS.
