1987 3260
901 188 985 225 AN.
1016 188 1107 225 1552
1745 190 1817 226 487

184 285 314 325 Rssf‘us
340 284 570 325 Dominus
600 285 848 336 Inquisitor
874 296 968 325 non
994 285 1279 325 mediocrem
1307 286 1413 336 (qua
1444 295 1625 336 semper
1659 284 1811 325 Socie-

182 363 325 396 tatem
350 361 626 407 prosecutus
654 356 738 399 est)
772 356 1145 395 benevolentiam
1176 362 1220 395 et
1250 355 1637 407 approbationem
1665 355 1813 405 signis

183 427 305 466 haud
327 426 536 466 obscuris
557 427 757 477 aperuit,
783 426 860 477 qui
890 425 992 465 Rdi.
1024 425 1176 466 Patris
1197 426 1303 466 Dni.
1337 425 1467 466 Pauli
1494 426 1700 465 rationes
1722 433 1811 466 stu-

182 497 308 536 diose
330 497 444 536 satis
466 502 510 536 et
532 495 733 536 officiose
756 497 1002 536 videbatur
1023 497 1301 547 approbare.

259 566 309 607 In
331 567 535 607 adventu
556 567 764 614 Domini,
790 573 975 618 praeter
997 567 1159 607 solitas
1187 574 1231 607 et
1262 567 1476 607 assiduas
1510 566 1699 607 Domini
1731 567 1810 608 Pe·

179 638 236 678 tri
271 638 326 678 de
361 637 673 678 Rivadcneira
708 646 756 678 et·
787 638 882 678 [).“ί
913 637 1155 678 Michaelis
1189 638 1352 678 Botelli
1387 638 1658 688 conciones,
1694 651 1811 689 quas

181 709 254 748 ille
274 709 499 748 hactenus
522 709 567 748 in
589 709 698 748 Divi
719 709 913 749 Antonii
934 709 1040 760 (quo
1059 709 1295 749 confluunt
1317 708 1523 760 quotidie
1540 709 1696 760 plures
1718 721 1811 748 non

181 780 429 830 populares
450 779 530 820 sed
552 785 594 819 et
616 791 790 830 graves
810 786 855 820 et
875 791 1074 830 magnae
1103 780 1367 819 autoritatis
1389 780 1495 830 viri,
1520 780 1686 830 quibus
1708 792 1813 820 cum

180 851 365 890 fervore
387 851 591 891 maximo
613 856 710 891 tum
731 851 944 891 doctrina
965 851 1316 891 concionatoris
1337 851 1571 891 uberrima
1594 851 1810 891 satisfieri

181 921 331 971 magis
352 934 407 961 ac
434 922 585 972 magis
612 933 868 973 progressu
897 922 1120 973 temporis
1149 921 1589 968 animadvertimus)
1614 922 1810 972 singulis

178 991 421 1031 dominicis
443 998 487 1031 et
509 992 720 1032 omnibus
742 993 874 1043 quasi
906 992 1083 1032 feriatis
1111 992 1292 1042 diebuS,
1318 992 1391 1032 hic
1420 993 1616 1043 singulis
1644 993 1808 1032 mensi-

180 1063 263 1102 bus
285 1074 424 1102 unam
447 1062 507 1102 ad
527 1063 736 1113 publicas
757 1063 974 1103 mulieres
1003 1063 1152 1114 primo
1173 1075 1356 1114 quoque
1378 1063 1449 1103 die
1471 1063 1671 1113 sabbati,
1697 1065 1810 1103 alte-

179 1144 278 1172 ram
296 1133 355 1172 ad
371 1133 549 1172 nobiles
564 1140 804 1172 matronas
821 1134 970 1184 prima
989 1145 1170 1185 quaque
1187 1133 1421 1174 dominica
1438 1134 1624 1182 mensis,
1640 1134 1808 1174 habue—

178 1210 284 1243 runt
314 1210 357 1243 et
387 1203 560 1243 habere
595 1204 768 1254 absque
805 1205 897 1243 ulla
934 1204 1069 1244 officii
1104 1205 1448 1244 intermissione
1482 1211 1807 1256 perseverant.

179 1274 351 1314 Haberi
371 1274 570 1313 diversis
599 1274 645 1313 in
676 1275 972 1314 monasteriis
1003 1275 1199 1325 singulis
1228 1275 1475 1315 dominicis
1502 1276 1621 1315 aliae
1650 1287 1807 1326 coepe-

178 1351 299 1385 runt.
322 1343 371 1384 P.
396 1344 626 1384 Dominus
646 1345 810 1384 Petrus
831 1345 1069 1385 Venustus
1097 1347 1400 1386 concionatus
1422 1353 1491 1386 est
1513 1347 1559 1386 in
1581 1347 1807 1387 coenobio

180 1415 434 1465 virginum3
458 1415 686 1454 Dominus
702 1415 903 1455 Michael
924 1416 1128 1456 Botellus
1146 1417 1269 1468 apud
1286 1428 1458 1456 novam
1474 1417 1646 1457 dictam
1664 1418 1806 1468 vulgo

180 1486 433 1535 abbatiam,
472 1485 603 1537 cujus
638 1487 850 1526 coenobii
884 1487 1142 1526 monachae
1178 1488 1480 1527 concionibus
1515 1488 1637 1528 illius
1673 1488 1809 1537 (sicut

179 1558 308 1608 ipsae
328 1557 623 1608 profitentur)
642 1558 756 1597 mire
779 1558 1055 1598 afficiuntur.
1074 1559 1190 1609 Ego,
1211 1559 1426 1610 quamvis
1444 1559 1503 1599 ad
1520 1559 1607 1599 hoc
1624 1570 1806 1608 munus,

181 1628 300 1668 sicut
322 1628 380 1668 ad
408 1633 617 1678 caetera,
648 1628 775 1668 rudis
797 1635 841 1668 et
868 1629 1072 1680 ineptus,
1103 1630 1226 1680 apud
1256 1629 1405 1669 dictas
1433 1630 1576 1680 vulgo
1605 1630 1808 1670 Conver-

180 1710 258 1739 sas
278 1711 380 1739 sum
402 1699 728 1749 concionatus,
753 1712 952 1751 quarum
974 1701 1250 1740 coenobium
1278 1700 1502 1740 beneficio
1532 1701 1810 1740 concionum

180 1769 370 1809 Domini
390 1769 650 1820 Michaelis,
683 1776 905 1821 operante
934 1783 1016 1822 per
1041 1783 1145 1811 eum
1166 1771 1387 1819 Domino,
1412 1772 1676 1820 nonnullae,
1701 1782 1812 1810 suas

178 1841 436 1880 detestatae
468 1841 649 1891 sordeS,
685 1841 868 1892 ingredi
898 1843 1164 1893 voluerunt;
1189 1843 1270 1882 sed
1299 1842 1495 1893 penuria
1521 1854 1679 1882 rerum
1706 1854 1810 1881 con-

183 1912 324 1951 victui
350 1912 724 1952 necessariarum
752 1913 958 1953 nondum
985 1913 1170 1953 fuerunt
1198 1914 1445 1953 admissae.
1478 1913 1677 1963 Quidam
1705 1913 1811 1952 Visi-

179 1988 337 2022 tarunt
359 1994 416 2022 ex
437 1983 609 2022 nostris
638 1983 910 2034 hospitalia,
946 1990 994 2023 ut
1021 1983 1227 2023 infirmos
1250 1984 1448 2035 privatis
1476 1984 1813 2024 adhortationi-

180 2054 263 2093 bus
297 2060 341 2093 et
376 2053 464 2104 piis
500 2052 894 2094 admonitionibus
928 2055 1304 2102 consolarentur,
1342 2061 1390 2094 ut
1424 2055 1502 2105 qui
1537 2055 1812 2105 corporibus

180 2136 270 2163 non
304 2130 541 2175 poterant,
581 2125 769 2174 animis,
795 2124 949 2176 quoad
972 2137 1133 2165 eorum
1167 2125 1266 2165 fieri
1293 2132 1471 2176 posset,
1496 2126 1808 2165 mederentur.

182 2194 411 2234 Dominus
449 2195 620 2235 Paulus
660 2202 831 2236 octava
871 2196 1090 2236 Omnium
1127 2195 1408 2236 Sanctorum
1447 2207 1702 2247 aggressus
1741 2201 1811 2235 est

180 2265 439 2316 Epistolam
469 2266 528 2305 ad
562 2266 798 2306 Romanos
830 2266 941 2306 Divi
975 2266 1128 2317 Pauli,
1167 2279 1307 2318 quam
1341 2267 1587 2307 lectionem
1616 2267 1812 2317 singulis

179 2336 425 2376 dominicis
446 2337 561 2376 hora
582 2338 904 2388 pomeridiana
935 2338 981 2377 in
1012 2338 1123 2378 Divi
1144 2338 1337 2378 Antonii
1357 2338 1673 2389 prosequitur,
1697 2344 1741 2376 et
1763 2338 1811 2376 in

178 2407 384 2457 gratiam
411 2408 705 2459 popularium
731 2410 985 2448 vernacula
1019 2409 1200 2459 lingua,
1234 2421 1373 2461 quam
1404 2409 1622 2449 facillime
1645 2415 1810 2460 potest,

182 2479 534 2529 interpretatur;
558 2485 601 2518 et
624 2486 670 2519 ut
700 2491 818 2530 quae
845 2480 1081 2531 copiosius
1110 2492 1335 2531 processu
1356 2481 1567 2520 lectionis
1588 2480 1812 2530 explicuit

180 2549 347 2588 minori
374 2549 563 2599 negotio
595 2550 835 2590 rudiorum
862 2557 1040 2590 mentes
1068 2552 1454 2602 complectantur,
1478 2550 1813 2601 compendiosa

181 2620 538 2672 praecipuorum
569 2622 774 2672 capitum
806 2623 1102 2673 repetitione,
1133 2634 1315 2662 necnon
1342 2622 1474 2662 brevi
1502 2622 1560 2661 ad
1592 2623 1813 2672 populum

180 2691 318 2730 rebus
348 2691 593 2742 explicatis
623 2692 929 2733 accomodata
960 2694 1213 2733 monitione
1243 2705 1379 2733 suum
1409 2693 1687 2732 concludere
1719 2703 1811 2731 ser-

182 2771 367 2801 monem
389 2762 647 2802 consuevit.

261 2831 454 2883 Insuper
474 2833 668 2884 singulis
690 2832 850 2874 diebus
869 2835 1054 2874 veneris
1076 2834 1339 2874 doctrinam
1357 2834 1661 2874 christianam
1678 2834 1809 2873 disci-

186 2902 304 2950 pulis
325 2903 538 2943 omnibus
555 2904 882 2954 explicandam
903 2905 1128 2956 suscepit,
1159 2916 1276 2956 quae
1303 2917 1392 2956 quo
1421 2905 1604 2945 facilius
1631 2911 1676 2959 et
1705 2916 1810 2955 pue-

187 2983 347 3012 rorum
374 2974 627 3014 memoriae
654 2975 864 3015 tenacius
894 2976 1130 3026 infigatur,
1161 2987 1325 3016 curare
1353 2977 1470 3016 solet
1496 2982 1545 3016 ut
1566 2988 1592 3015 a
1615 2975 1809 3023 duobus,
