1987 3260
216 208 290 245 522
726 207 951 244 LITTERAE
978 218 1334 250 QUADRIMESTRES

216 305 397 355 damus,
421 316 447 343 a
468 316 574 356 qua,
597 310 647 344 ut
669 316 695 343 a
717 303 914 344 caeteris
934 303 1030 343 fere
1050 304 1258 354 praelegi
1288 303 1454 353 solitis,
1479 303 1526 342 in
1555 303 1738 354 publico
1760 314 1850 354 gy·

216 376 398 415 mnasio
415 374 511 426 jam
532 387 704 415 vacare
726 379 941 425 coeptum
962 380 1044 413 est.
1067 373 1246 414 Verum
1269 374 1402 413 nobis
1421 373 1549 413 Deus
1569 374 1843 414 benedictus

216 446 401 486 interim
422 445 698 496 magistrum
721 445 881 484 deesse
902 444 1062 483 noluit.
1091 443 1211 483 Nam
1237 443 1373 494 hujus
1401 443 1583 494 collegii
1606 442 1702 494 jam
1735 444 1844 484 olim

217 514 585 556 studiosissimus
602 515 810 554 medicus
827 514 1015 565 quidam
1033 514 1377 565 octogenarius,
1393 525 1499 554 cum
1513 514 1730 564 logicam,
1746 519 1846 554 tum

216 592 430 626 caeteras
465 592 603 635 artes,
638 585 822 636 juvenis
854 584 901 623 in
928 584 1016 624 hac
1048 584 1364 624 Universitate
1397 590 1645 636 perpetuos
1676 584 1846 634 viginti

217 668 367 697 annos
393 657 650 708 professus,
682 660 845 706 sponte
875 666 958 694 sua
989 655 1194 695 oblatam
1224 655 1358 694 nobis
1389 655 1636 695 lectionem
1668 654 1845 705 logices

217 728 458 779 praelegit,
479 739 633 778 quam,
653 726 794 766 etiam
811 726 1047 777 decrepita
1064 731 1231 776 aetate,
1252 725 1468 765 diuturna
1491 725 1843 775 exercitatione,

216 799 441 838 memoria
464 803 589 837 tenet
610 797 826 847 nulloque
847 797 1036 847 negotio
1060 808 1163 836 eam
1182 807 1269 836 nos
1296 796 1445 836 docet.

295 869 580 908 Exercemus
601 878 782 918 quoque
804 872 848 907 et
869 866 1218 906 familiariorem
1236 867 1369 906 nobis
1384 865 1620 907 reddimus
1637 867 1846 917 linguam

216 939 410 978 latinam
437 939 558 989 stylo
586 938 759 989 optimo
798 938 981 977 dicendi
1009 943 1053 977 et
1088 938 1285 977 lectione
1319 938 1548 977 bonorum
1583 938 1845 977 authorum.

216 1010 424 1061 Reliquis
454 1009 579 1048 domi
605 1008 829 1048 fratribus
857 1008 1079 1059 epistolae
1108 1008 1364 1048 familiares
1392 1008 1652 1059 Ciceronis,
1676 1007 1849 1048 Teren-

216 1080 308 1120 tius
338 1087 382 1120 et
410 1079 733 1120 Grammatica
760 1078 1059 1130 Despauterii
1089 1079 1437 1130 praeleguntur,
1469 1079 1635 1130 quibus
1666 1079 1848 1119 accedit

215 1150 403 1190 assidua
426 1150 781 1190 scribendarum
801 1150 1104 1201 epistolarum
1132 1150 1420 1190 exercitatio.
1452 1149 1660 1200 Quorum
1687 1148 1847 1189 Domi-

214 1234 302 1261 nus
323 1221 522 1272 Gaspar,
547 1220 828 1270 Patavinus,
853 1226 896 1260 et
923 1220 1202 1260 Laurentius
1231 1220 1414 1271 Surdis,
1443 1219 1705 1271 Romanus,
1734 1221 1846 1260 boni

214 1298 258 1332 et
278 1292 476 1332 modesti
497 1292 818 1332 adolescentes
841 1291 1109 1343 ingeniique
1130 1303 1222 1331 non
1238 1292 1477 1343 postremi,
1497 1303 1642 1343 usque
1664 1303 1717 1331 eo
1739 1303 1846 1343 pro·

213 1363 446 1411 fecerunt,
470 1369 519 1402 ut
538 1363 764 1413 paulatim
786 1362 976 1402 minimo
999 1361 1265 1413 adjumento
1288 1362 1510 1402 authores
1532 1362 1718 1412 linguae
1739 1362 1839 1402 lati-

213 1445 301 1473 nae
330 1433 625 1483 vulgariores
647 1433 905 1484 intelligere
927 1433 1165 1484 incipiant.
1190 1432 1470 1473 Thaddaeus
1490 1444 1602 1472 vero
1626 1432 1845 1473 Senensis

215 1511 257 1543 ct
278 1504 484 1556 Joannes
505 1503 633 1544 Setta
658 1502 683 1554 ¹,
708 1504 859 1543 adhuc
888 1504 1083 1554 tirones,
1115 1504 1338 1555 optimam
1367 1504 1421 1543 de
1450 1515 1498 1542 se
1526 1502 1667 1542 futuri
1693 1502 1847 1554 profe—

216 1581 320 1615 ctus
362 1575 763 1625 exspectationem
803 1574 1054 1614 concitant.
1099 1574 1225 1614 Deus
1259 1575 1554 1623 mitissimus,
1592 1573 1760 1613 author
1791 1585 1847 1613 ac

213 1650 524 1684 conservator
555 1645 706 1685 omnis
740 1645 868 1695 boni,
899 1645 1071 1696 dirigat
1100 1657 1311 1696 operam,
1349 1644 1552 1684 studium
1585 1651 1628 1684 et
1664 1656 1849 1684 omnem

216 1715 413 1767 denique
441 1716 775 1766 cogitationem
805 1722 1015 1755 nostram
1044 1716 1102 1755 ad
1138 1716 1321 1755 laudem
1350 1722 1393 1755 et
1421 1715 1619 1766 gloriam
1653 1715 1848 1754 sanctis-

214 1786 319 1826 simi
339 1786 542 1826 nominis
563 1787 634 1826 sui
657 1793 701 1826 et
723 1787 925 1837 proximi
946 1787 1207 1826 utilitatem.
1233 1786 1398 1826 Amen.

293 1856 492 1905 Patavii,
521 1856 568 1896 18
588 1856 783 1896 Kalend.
807 1857 1020 1909 Januarii
1045 1856 1159 1896 1552.

291 1927 364 1968 Ex
385 1934 636 1978 praecepto
658 1927 751 1967 ΚΜ
772 1927 821 1967 Ρ.
846 1927 1063 1967 Andreae
1086 1926 1362 1967 Galvanelli.

292 1998 420 2038 Tuus
442 1998 661 2049 indignus
683 1998 823 2049 filius,

1182 2141 1390 2193 JOANNES
1421 2140 1626 2180 CANCER.

292 2351 671 2402 Superscrzptsox
700 2355 727 2399 ψ
757 2352 818 2392 ΑΙ
841 2353 982 2392 Molto
1004 2352 1103 2392 R.<¹0
1134 2352 1183 2391 P.
1215 2353 1244 2391 il
1274 2351 1321 2392 Ρ.
1352 2351 1411 2391 Μ.
1444 2351 1549 2391 Don
1577 2351 1756 2402 Ignatio
1788 2353 1844 2392 de

213 2420 414 2472 Loyola,
439 2421 681 2473 Preposito
705 2423 824 2463 della
847 2423 1095 2474 Compag²¹
1117 2422 1161 2462 di
1183 2422 1345 2473 Giesu,
1370 2422 1413 2462 A
1434 2422 1519 2462 Sta
1546 2422 1693 2462 Maria
1723 2423 1842 2462 della

214 2490 397 2542 Strada,
422 2503 647 2543 appresso
670 2505 696 2532 a
717 2492 802 2533 5.ῖο
823 2493 1000 2543 Marco,
1025 2493 1070 2532 in
1091 2493 1254 2532 Roma.

293 2561 405 2601 Alia
426 2573 593 2601 mann:
616 2563 668 2613 Q.
692 2564 763 2613 52,
789 2576 852 2603 xv
874 2564 919 2603 di
939 2563 1337 2603 xbre—Padova.

293 2632 356 2670 Et
377 2632 498 2672 alsa:
524 2632 578 2682 Q.
603 2640 647 2672 et
670 2633 725 2672 A.
750 2634 809 2674 V.

267 2786 276 2806 ¹
317 2788 413 2815 Alias
429 2796 529 2822 saepe
542 2789 689 2822 joannes
704 2790 742 2816 de
760 2791 791 2817 la
810 2790 900 2818 Seta.
