1987 3260
227 212 298 250 346
736 214 960 251 LITTERAE
988 225 1344 257 QUADRIMESTRES

961 628 1132 682 XCII

301 872 536 911 Marcellus
557 874 610 911 de
629 873 812 912 Salazar

348 937 466 974 Patri
484 938 653 986 Ignatio
674 939 727 976 de
745 938 930 986 Loyola.

396 1002 578 1050 Gaudia,
598 1004 623 1041 3
640 1004 743 1050 Julii
765 1004 851 1041 1551
874 1004 898 1041 ¹.

441 1068 678 1116 (Excerpta
697 1080 751 1106 ex
770 1069 943 1113 litteris)

230 1220 284 1247 Ex
298 1222 422 1249 litteris
434 1221 597 1257 Marcelli,
608 1223 803 1250 scholastici
817 1223 998 1251 Societatis
1012 1222 1091 1256 Jesu
1103 1223 1135 1249 in
1148 1223 1265 1250 eadem
1277 1222 1510 1250 Universitate
1526 1222 1690 1256 Gandiae,
1705 1223 1751 1249 3.²²
1763 1223 1853 1255 Julii.

309 1364 402 1405 Sub
424 1365 591 1405 festum
621 1364 782 1406 Sancti
802 1365 1002 1417 Spiritus
1056 1365 1294 1416 profectus
1315 1372 1384 1405 est
1407 1366 1513 1405 hinc
1535 1365 1584 1405 P.
1608 1366 1819 1417 Baptista
1841 1365 1855 1383 ³

229 1447 335 1475 cum
355 1436 483 1476 socio
506 1436 751 1476 sacerdote
773 1437 819 1476 in
840 1437 1125 1476 maritimum
1147 1435 1380 1487 quoddam
1410 1436 1630 1488 oppidum
1657 1436 1764 1476 huic
1792 1437 1854 1475 vi-

228 1506 398 1556 cinum,
422 1507 608 1546 nomine
630 1507 804 1558 Denia,
827 1513 876 1546 ut
896 1507 1119 1547 inviseret
1140 1507 1359 1558 populum
1380 1507 1527 1557 illum,
1552 1507 1626 1546 cui
1647 1517 1754 1546 raro
1777 1514 1856 1546 aut

228 1588 488 1628 nunquam,
511 1584 559 1617 ut
581 1578 796 1628 arbitror,
821 1577 866 1617 id
888 1577 1105 1628 contigit,
1130 1583 1177 1616 ut
1201 1578 1258 1616 ab
1279 1576 1541 1627 hujusmodi
1571 1577 1658 1628 piis
1689 1583 1733 1617 et
1754 1578 1854 1617 reli-

228 1646 373 1697 giosis
406 1648 522 1687 viris
561 1648 805 1687 viseretur.
840 1649 923 1688 Est
957 1660 1011 1687 eo
1041 1648 1087 1687 in
1124 1648 1294 1699 oppido
1321 1648 1443 1687 bona
1477 1659 1587 1698 pars
1622 1647 1855 1687 redituum

230 1716 365 1768 hujus
391 1718 540 1757 nostri
574 1718 779 1768 collegii,
810 1718 931 1758 unde
965 1730 1050 1770 par
1081 1724 1181 1757 erat
1217 1718 1481 1768 spirituales
1507 1717 1685 1758 fructus
1715 1718 1762 1758 in
1790 1718 1856 1757 eis

232 1794 415 1839 optare,
447 1800 473 1828 a
495 1789 660 1839 quibus
680 1790 961 1839 temporales
988 1788 1345 1839 accipiebamus.
1375 1788 1604 1828 Postridie
1632 1800 1772 1840 quam
1801 1801 1856 1828 eo

229 1865 555 1910 pervenerunt,
580 1859 686 1899 licet
708 1859 806 1899 dies
826 1860 975 1899 labori
991 1859 1173 1899 dicatus
1190 1864 1326 1910 esset,
1346 1858 1471 1899 dedit
1492 1866 1648 1899 tamen
1664 1871 1856 1910 operam

228 1929 277 1969 P.
301 1930 511 1980 Baptista
533 1936 581 1969 ut
601 1931 798 1981 populus
819 1930 878 1970 ad
906 1930 1153 1970 ecclesiam
1182 1941 1266 1981 per
1286 1941 1568 1981 praeconem
1588 1936 1852 1980 vocaretur,

227 2000 486 2051 ibidemque
508 2001 826 2049 concionatus,
852 2001 911 2040 ad
933 2001 1245 2040 conscientias
1266 2012 1349 2051 per
1370 2000 1678 2040 confessionis
1700 2012 1855 2041 sacra-

227 2077 433 2111 mentum
453 2071 797 2122 emundandas,
829 2078 873 2112 et
900 2071 1244 2112 sanctissimam
1277 2071 1629 2122 eucharistiam,
1663 2072 1710 2111 in
1738 2071 1856 2111 festo

226 2147 317 2181 tam
343 2142 536 2181 solemni
557 2141 715 2182 Sancti
735 2141 954 2192 Spiritus,
978 2141 1118 2192 digne
1141 2142 1505 2192 suscipiendam,
1542 2148 1590 2181 ut
1618 2141 1704 2181 Dei
1732 2142 1854 2192 lega-

226 2218 315 2261 ωε,
338 2213 551 2252 hortatus
573 2218 656 2253 est.
677 2213 733 2253 Et
754 2213 969 2264 quamvis
990 2213 1035 2252 id
1057 2224 1207 2263 genus
1230 2212 1469 2252 hominum
1492 2212 1556 2262 (ut
1578 2213 1657 2264 qui
1676 2224 1770 2252 non
1791 2213 1855 2252 ita

226 2283 405 2333 pridem
427 2283 485 2323 ad
510 2283 684 2323 Christi
704 2283 841 2323 fidem
861 2296 919 2323 ex
949 2283 1202 2323 Mahometi
1222 2282 1491 2323 infidelitate
1513 2283 1729 2323 conversi
1758 2283 1855 2323 fere

226 2356 347 2392 suntl
378 2365 471 2393 non
500 2365 666 2405 parum
696 2354 783 2393 sibi
812 2354 979 2394 secisse
1006 2353 1269 2402 videantur,
1293 2354 1331 2393 si
1362 2354 1504 2393 semel
1533 2354 1780 2405 quotannis
1810 2354 1856 2393 id

226 2424 557 2474 praestiterint,
582 2424 765 2464 illorum
786 2430 942 2464 tamen
963 2423 1106 2464 corda
1128 2425 1194 2464 sic
1216 2424 1439 2464 emollivit
1460 2424 1655 2464 verbum
1675 2424 1777 2474 Dei,
1804 2430 1853 2464 ut

226 2494 411 2544 plurimi
431 2494 584 2534 Patris
614 2495 851 2545 Baptistae
873 2493 1067 2534 consilio
1099 2495 1464 2545 acquiescerent.
1497 2494 1672 2534 Eodem
1701 2494 1794 2544 die,
1828 2506 1855 2533 a

224 2565 436 2616 prandio,
468 2565 514 2604 in
544 2566 768 2616 plateam,
799 2566 921 2616 quod
952 2577 1064 2605 sane
1096 2566 1416 2616 spectaculum
1442 2566 1736 2616 inusitatum,
1769 2577 1855 2605 nec

226 2647 431 2686 unquam
453 2636 576 2686 apud
597 2636 700 2675 illos
727 2636 880 2675 visum
908 2636 1016 2686 suit,
1050 2635 1108 2676 ad
1130 2636 1503 2676 concionandum
1528 2647 1745 2686 egressus
1768 2642 1851 2675 est.

223 2706 424 2746 Instituit
458 2706 624 2746 deinde
659 2706 783 2746 hunc
820 2706 1051 2756 ordinem,
1088 2712 1137 2745 ut
1171 2706 1268 2757 ipse
1306 2718 1443 2746 mane
1479 2707 1851 2756 concionaretur,

226 2788 425 2827 vespere
447 2783 603 2816 autem
623 2777 769 2828 ipsius
791 2777 945 2817 socius
967 2777 1269 2816 christianam
1291 2777 1553 2817 doctrinam
1573 2777 1850 2827 declararet,

280 2912 289 2931 ¹
330 2912 588 2947 Apographum,
605 2912 719 2940 Patris
734 2912 900 2940 Bernardi
916 2911 1057 2939 Oliverii
1073 2918 1184 2945 manu,
1201 2912 1233 2938 in
1250 2912 1328 2939 folio
1341 2912 1385 2945 72,
1401 2912 1479 2939 olim
1491 2912 1553 2939 411.

279 2960 292 2977 *-'
332 2959 561 2987 Pentecostes.

280 3006 294 3025 5
331 3006 477 3039 Joannes
493 3007 651 3041 Baptista
666 3009 706 3035 de
718 3007 855 3035 Barma-
