1987 3260
873 152 953 189 Ax.
985 152 1070 189 1551
1713 151 1783 187 403

161 256 236 290 tur
256 251 302 290 in
324 249 434 290 dies.
460 249 666 299 Plurimi,
691 254 797 289 ante
818 248 987 288 multos
1010 258 1156 287 annos
1178 258 1271 286 non
1292 245 1507 296 confessi,
1527 245 1624 297 jam
1645 257 1775 286 acce·

162 321 269 361 dere
291 320 538 371 incipiunt,
562 331 647 360 nec
668 319 803 371 parvi
824 329 1032 359 numero.
1057 316 1249 357 Plurimi
1275 316 1415 356 etiam
1442 315 1776 366 adolescentes,

162 399 205 431 et
226 390 494 431 sacerdotes
515 396 559 430 et
579 395 736 441 patres
758 389 1148 430 monasteriorum
1170 387 1179 406 ¹
1204 393 1389 427 nostras
1409 385 1549 426 aedes
1569 385 1780 437 frequen-

160 467 259 501 tant
280 471 451 512 magno
474 472 579 500 cum
599 460 768 501 fructu.

240 531 356 571 Tres
386 531 580 571 studiosi
609 532 950 580 adolescentes,
983 529 1256 569 naturaliter
1274 528 1390 568 bene
1411 527 1647 578 dispositi,
1680 539 1777 578 per-

161 602 370 642 fecerunt
389 608 549 641 nostra
572 601 795 642 exercitia
816 611 987 651 magno
1008 611 1114 639 cum
1134 598 1344 650 profectu
1365 598 1610 649 spirituali,
1637 598 1781 637 vitam

165 678 428 712 anteactam
449 672 733 712 detestantes
759 671 914 711 multis
945 681 1046 710 cum
1078 668 1353 720 lachrymis,
1383 680 1431 708 se
1457 673 1582 708 totos
1610 667 1783 708 Christi

164 742 356 783 servitio
378 743 488 782 dare
509 742 771 792 intendunt,
796 748 840 781 et
861 741 944 781 sub
965 741 1136 780 vexillo
1158 739 1332 780 Christi
1358 739 1405 779 in
1434 738 1522 779 hac
1550 737 1783 779 Societate

166 813 352 854 militari
373 813 476 862 (sic)
494 813 728 853 ferventer
744 818 931 863 totoque
948 811 1086 852 corde
1105 811 1383 850 desiderant.
1402 809 1499 849 Nec
1520 809 1596 849 isti
1618 810 1781 857 solum,

164 884 245 924 sed
266 890 311 924 et
328 884 483 935 plures
505 884 597 933 alii,
622 884 678 923 de
699 883 864 934 quibus
881 883 1015 934 plura
1033 882 1193 933 primis
1211 880 1469 921 scribendis
1486 880 1651 920 litteris
1672 880 1785 920 indi<

174 954 382 994 cabimus
404 953 452 994 P.
477 953 536 994 V.

242 1025 501 1066 Habuimus
522 1026 663 1065 etiam
684 1024 807 1076 apud
829 1037 913 1064 nos
934 1024 981 1064 in
1002 1024 1237 1064 exercitiis
1256 1024 1502 1075 quemdam
1519 1027 1784 1074 promotum

163 1096 502 1136 Lovaniensem
523 1095 551 1146 ’ἢ
577 1095 708 1147 cujus
726 1096 906 1136 litteras
928 1100 971 1135 et
992 1100 1153 1135 votum
1175 1094 1233 1134 ad
1253 1093 1301 1134 P.
1327 1094 1385 1135 V.
1418 1093 1657 1134 mittimus
1691 1092 1781 1132 Ma-

164 1167 289 1207 ximo
321 1166 443 1206 enim
476 1178 582 1206 cum
616 1166 770 1206 fructu
798 1166 844 1206 in
879 1165 1115 1205 exercitiis
1149 1177 1230 1217 per
1265 1176 1472 1205 mensem
1505 1164 1610 1213 fuit,
1644 1164 1783 1203 omni-

166 1239 341 1288 busque
357 1236 452 1287 jam
475 1243 544 1276 est
565 1237 779 1287 exemplo
801 1242 845 1276 et
875 1236 1194 1286 admirationi;
1227 1247 1449 1287 magnam
1477 1236 1524 1275 in
1553 1234 1787 1274 exercitiis

169 1309 411 1348 invenerat
431 1308 633 1358 gratiam
654 1307 852 1347 deflendi
877 1319 959 1358 per
984 1307 1081 1347 dies
1104 1307 1278 1358 aliquot
1300 1307 1447 1347 vitam
1467 1307 1586 1346 male
1614 1310 1783 1345 actam:

162 1385 231 1419 est
253 1390 481 1419 annorum
501 1378 567 1429 30,
590 1378 972 1430 naturalibusque
992 1378 1108 1418 bene
1131 1371 1491 1428 dotatus,‘valde
1519 1376 1787 1427 ingeniosus

162 1457 206 1489 ct
227 1450 383 1501 agilis,
410 1450 468 1489 ad
489 1450 645 1489 omnia
665 1449 1004 1500 paratissimus.
1030 1447 1260 1488 Sacerdos
1282 1454 1365 1498 est,
1389 1454 1433 1488 et
1454 1448 1501 1488 in
1522 1447 1787 1499 temporali-

160 1522 245 1561 bus
281 1521 426 1560 dives.
466 1520 597 1571 Rogo
626 1519 674 1559 P.
704 1520 762 1560 V.
801 1526 850 1559 ut
877 1519 1096 1570 dignetur
1124 1519 1257 1559 istius
1284 1525 1445 1558 votum
1473 1518 1709 1570 suscipere
1745 1524 1789 1557 et

162 1592 355 1632 verbum
378 1603 519 1631 unum
542 1596 619 1631 aut
641 1592 838 1631 alterum
858 1590 1115 1630 rescribere
1136 1588 1164 1630 ³.
1187 1590 1343 1630 Manet
1363 1590 1608 1630 nobiscum
1629 1595 1673 1629 et
1690 1587 1787 1639 jam

162 1663 364 1713 incoepit
386 1674 468 1702 sua
493 1662 659 1701 studia.
685 1661 800 1701 Cum
820 1660 869 1700 P.
894 1660 1105 1701 Arnoldo
1128 1659 1142 1678 4
1163 1661 1328 1712 repetit
1352 1660 1716 1712 philosophiam,
1742 1665 1789 1698 ut

163 1734 222 1774 ad
243 1733 506 1784 theologiae
528 1732 731 1772 studium
752 1738 915 1783 postea
936 1732 995 1771 sit
1017 1732 1186 1783 aptior.

241 1803 289 1843 P.
315 1803 551 1844 Arnoldus
572 1809 757 1855 praeest
785 1803 923 1842 etiam
951 1802 1339 1853 disputationibus
1368 1802 1684 1842 studiosorum
1711 1812 1789 1841 no-

163 1881 366 1914 strorum
389 1880 432 1914 et
453 1874 680 1925 praelegit
703 1874 791 1913 illis
819 1879 888 1913 ter
916 1873 963 1912 in
993 1873 1287 1913 hebdomada
1315 1884 1488 1923 graeca
1516 1885 1609 1912 non
1636 1884 1785 1924 parvo

164 1957 270 1985 cum
289 1945 456 1985 fructu.

242 2016 296 2056 R.
333 2016 380 2055 P.
419 2016 551 2056 Prior
580 2016 626 2055 in
653 2015 904 2056 Carthusia
934 2013 948 2032 ⁵
971 2013 1068 2065 jam
1093 2014 1225 2054 brevi
1252 2014 1376 2054 misit
1405 2013 1463 2053 ad
1490 2026 1575 2054 nos
1604 2025 1792 2053 currum

168 2087 352 2137 plenum
374 2086 733 2137 supellectilibus
755 2085 814 2124 ad
834 2096 970 2124 usum
991 2084 1306 2124 studiosorum
1327 2090 1608 2124 nostrorum.
1634 2084 1789 2124 Bonus

168 2158 239 2197 ille
274 2157 411 2197 Pater
446 2157 492 2196 in
526 2157 652 2196 nullo
687 2155 838 2207 parcit
866 2155 976 2205 sibi,
1007 2155 1083 2194 ubi
1111 2155 1243 2194 nobis
1270 2154 1316 2194 in
1344 2154 1499 2206 aliquo
1533 2154 1793 2205 gratificari

164 2234 331 2279 potest.

245 2298 388 2339 Simul
423 2299 468 2338 in
503 2298 641 2338 domo
676 2308 868 2337 numero
903 2308 1062 2336 sumus
1100 2297 1449 2348 septemdecim3
1494 2303 1590 2337 tres
1631 2308 1791 2336 sumus

167 2370 434 2410 sacerdotes
455 2381 462 2419 ;
500 2369 665 2420 reliqui
698 2380 858 2408 omnes
893 2367 1086 2408 studiosi
1121 2367 1462 2419 adolescentes,
1501 2368 1793 2407 naturalibus

169 2441 283 2480 bene
306 2441 466 2489 dotati,
493 2440 568 2491 qui
591 2451 638 2479 se
661 2451 822 2479 omnes
843 2438 1066 2479 Societati
1088 2438 1199 2478 dare
1216 2438 1475 2489 intendunt,
1496 2450 1693 2490 quorum
1716 2439 1794 2478 alii

222 2576 231 2596 ¹
271 2576 553 2603 Monasteriorum
569 2581 696 2610 patres,
712 2579 747 2602 ut
759 2576 830 2610 jam
845 2575 979 2609 saepius
1003 2575 1035 2601 in
1055 2574 1147 2601 hisce
1170 2574 1296 2601 litteris
1310 2574 1427 2601 videre
1452 2574 1525 2609 fuit,
1552 2575 1573 2602 ii
1596 2575 1796 2602 dicebantur

168 2623 375 2655 sacerdotes,
392 2624 511 2657 quibus
532 2623 727 2650 monialium
741 2630 823 2650 cura
844 2623 876 2649 in
896 2622 946 2653 iis,
969 2629 1054 2655 quae
1080 2621 1123 2648 ad
1144 2621 1292 2648 animum
1315 2622 1577 2657 religiosamque
1601 2623 1710 2649 vitam
1724 2630 1798 2656 spe-

169 2671 318 2703 ctabant,
335 2670 624 2697 committebatur.

221 2717 234 2736 2
269 2720 470 2752 promotum
496 2716 766 2748 Lovaniensem,
790 2717 844 2751 qui
869 2717 908 2744 ad
934 2716 1078 2750 gradum
1102 2715 1298 2750 Licentiati,
1321 2716 1479 2743 Doctoris
1503 2720 1561 2744 aut
1583 2717 1738 2752 Magistri
1764 2718 1797 2744 in

169 2764 374 2792 Lovaniensi
390 2765 626 2792 Universitate
642 2765 755 2791 fuerat
769 2768 956 2798 promotus.
1392 2759 1410 2771 ⁹

223 2812 236 2831 5
273 2812 390 2839 Verba
405 2813 500 2839 hacc:
518 2814 550 2839 et
565 2812 711 2839 verbum
728 2819 837 2837 unum
855 2813 915 2837 aut
931 2812 1083 2838 alterum
1100 2811 1307 2843 rescribere,
1331 2811 1419 2838 linea
1442 2818 1543 2845 super
1564 2812 1664 2839 dueta
1685 2813 1799 2840 deleta

170 2862 257 2892 sunt;
271 2866 292 2887 a
307 2867 386 2893 quo,
402 2867 460 2893 se„
478 2867 520 2886 an
537 2867 556 2886 a
570 2859 716 2886 Polanco
734 2866 776 2886 an
791 2859 833 2886 ab
849 2859 920 2892 ipso
943 2858 1069 2891 Kessel,
1086 2865 1151 2885 non
1167 2862 1326 2892 apparet.

225 2907 238 2926 ²·
277 2907 312 2933 P.
330 2907 502 2934 Arnoldus
516 2907 660 2933 Hezeus.

224 2954 237 2972 3
275 2954 449 2981 Gerardus
466 2953 624 2987 Hamont,
640 2953 678 2979 de
695 2960 758 2986 quo
775 2953 872 2986 plura
889 2958 921 2980 et
937 2953 1071 2987 saepius
1088 2953 1119 2979 in
1136 2952 1287 2979 historiis
1304 2951 1498 2979 societatis.
