1987 3260
246 227 316 263 410
751 226 978 262 LITTERAE
1004 233 1359 267 QUADRlMESTRES

999 673 1124 725 (nv

316 902 508 954 Joannes
528 906 725 953 Baptista
749 906 801 943 de
819 906 940 952 Jesu,

365 971 433 1008 Ex
452 971 771 1008 commissione
791 971 935 1007 Patris
953 970 1133 1017 Joannis
1156 969 1392 1014 Pelletarii,

415 1037 533 1073 Patri
551 1036 719 1083 Ignatio
741 1035 793 1072 de
813 1035 995 1082 Loyola.

460 1101 678 1147 Ferraria,
699 1100 722 1137 3
737 1099 1008 1147 Septembris
1027 1100 1113 1137 1551
1136 1101 1160 1134 ¹.

1041 1272 1061 1305 †

1011 1307 1109 1347 IHS

329 1452 491 1491 Gratia
515 1457 557 1491 et
578 1462 672 1502 pax
695 1456 779 1490 etc,

330 1521 476 1562 Adest
497 1529 699 1572 tempus,
722 1520 988 1560 venerande
1010 1519 1161 1569 Pater,
1193 1520 1239 1559 in
1266 1530 1369 1570 quo,
1402 1517 1692 1557 obedientiae
1723 1516 1870 1567 jussu,

252 1593 479 1632 rationem
501 1603 676 1641 eorum,
711 1603 827 1642 quae
850 1591 922 1630 his
943 1596 1141 1642 quatuor
1169 1590 1425 1639 mensibus,
1455 1588 1647 1628 totidem
1675 1587 1798 1627 enim
1828 1587 1874 1626 in

251 1664 338 1702 hac
362 1663 551 1702 civitate
573 1663 829 1713 exegimus,
854 1661 941 1701 Dei
961 1661 1115 1712 gratia
1136 1660 1262 1700 facta
1284 1666 1403 1710 sunt,
1431 1659 1624 1699 reddere
1647 1665 1870 1697 tenemur:

249 1746 389 1784 quam
410 1733 703 1784 provinciam
724 1732 1024 1772 libentissime
1044 1731 1096 1771 R.
1122 1731 1169 1771 P.
1194 1732 1396 1783 Joannes
1417 1729 1711 1779 Pelletarius‚
1731 1729 1769 1768 si
1790 1741 1872 1780 per

249 1805 417 1844 multas
434 1804 764 1854 occupationes
779 1803 998 1853 licuisset,
1019 1807 1119 1842 erat
1141 1806 1456 1851 suscepturus.
1482 1800 1635 1850 Quare
1652 1800 1740 1839 hoc
1762 1799 1874 1839 mihi

249 1875 417 1925 oneris,
447 1875 596 1925 impar
623 1886 735 1913 sane
758 1873 872 1912 meis
899 1873 1088 1918 viribus.
1120 1879 1370 1922 utcumque
1397 1877 1553 1911 tamen
1584 1870 1873 1910 subeundum

251 1946 348 1986 fuit.
1195 1945 1199 1947 ’

328 2016 386 2056 Et
406 2020 456 2055 ut
477 2015 626 2066 primo
648 2016 750 2054 loco
773 2014 828 2054 de
855 2014 1076 2054 fratribus
1105 2013 1277 2064 aliquid
1305 2013 1552 2063 attingam,
1584 2011 1701 2051 scito
1730 2011 1775 2051 id
1807 2022 1870 2050 se-

250 2086 356 2126 dulo
378 2086 534 2125 curari
557 2098 583 2125 a
604 2085 835 2134 Patribus,
861 2090 910 2124 ut
932 2097 1024 2124 non
1045 2085 1194 2124 solum
1216 2084 1262 2123 in
1278 2083 1526 2123 vocatione
1547 2088 1866 2133 permaneant,

255 2168 416 2196 verum
451 2157 590 2196 etiam
624 2162 673 2195 ut
702 2156 853 2206 magis
883 2167 936 2195 ac
966 2155 1119 2205 magis
1146 2155 1192 2194 in
1222 2155 1320 2194 dies
1345 2154 1391 2193 in
1419 2154 1581 2205 spiritu
1608 2153 1865 2204 proficiant.

252 2227 441 2267 Litteris
462 2239 574 2266 vero
597 2238 777 2266 summa
795 2237 899 2265 cum
919 2225 1159 2276 diligentia
1174 2231 1369 2275 vacant;
1389 2230 1577 2264 enarrat
1597 2223 1647 2263 P.
1669 2223 1874 2275 Joannes

255 2309 390 2338 mane
413 2304 507 2337 tres
528 2297 773 2346 lectiones,
797 2296 994 2347 primam
1016 2296 1061 2335 in
1082 2296 1249 2335 litteris
1269 2295 1642 2344 humanioribus,
1676 2294 1871 2333 alteram

253 2370 299 2407 in
334 2368 598 2417 rhetoricis,
636 2368 823 2407 tertiam
856 2367 902 2406 in
937 2367 1268 2417 grammatices
1301 2366 1474 2405 latinae
1513 2365 1776 2416 praeceptis
1797 2376 1804 2414 ;
1846 2377 1871 2403 a

252 2439 447 2490 prandio
463 2450 576 2477 vero
593 2438 742 2488 binae,
764 2443 807 2476 et
824 2437 1007 2488 quidem
1026 2437 1080 2476 de
1097 2436 1296 2487 graecis,
1316 2436 1538 2475 lectiones
1551 2435 1869 2486 perleguntur.

253 2509 376 2548 Inter
398 2509 689 2548 coenandum
710 2508 911 2559 quotidie
932 2513 1143 2547 nostrum
1164 2519 1284 2547 unus
1305 2513 1383 2546 aut
1405 2507 1709 2546 concionatur
1730 2505 1873 2544 latina

256 2586 335 2619 aut
356 2580 610 2618 vernacula
631 2579 806 2629 lingua,
832 2584 910 2618 aut
933 2585 1056 2618 certe
1079 2579 1338 2618 orationem
1364 2577 1517 2616 habet.
1548 2575 1753 2626 Singulis
1781 2575 1869 2614 die-

255 2651 340 2689 bus
362 2649 604 2689 dominicis
626 2649 766 2688 etiam
788 2649 942 2700 aliqua
964 2649 1160 2688 habetur
1189 2648 1337 2688 oratio
1366 2653 1444 2687 aut
1473 2659 1499 2686 a
1526 2646 1771 2696 fratribUS,
1796 2650 1874 2685 aut

255 2720 312 2759 ab
340 2720 424 2770 his,
456 2720 533 2771 qui
560 2719 605 2758 in
642 2718 748 2758 ludo
784 2719 1030 2769 litterario,
1068 2719 1152 2758 sub
1186 2718 1381 2758 fratrum
1409 2717 1673 2768 disciplina,
1710 2716 1873 2755 litteris

254 2790 539 2830 incumbunt.
562 2789 840 2839 Pergratum
863 2789 1131 2839 parentibus
1153 2801 1268 2839 esse,
1294 2794 1341 2828 ut
1361 2788 1559 2828 filiorum
1580 2787 1766 2837 ingenia
1784 2786 1873 2825 hoc

308 2925 318 2944 ¹
358 2925 582 2959 Autographa
598 2926 630 2951 in
646 2925 724 2952 folio
740 2925 873 2959 duplici,
891 2925 941 2951 cui
957 2925 1035 2951 olim
1054 2932 1107 2951 nn.
1129 2925 1180 2951 2³¹0
1200 2929 1233 2951 et
1254 2924 1315 2956 281,
1338 2931 1423 2950 nunc
1438 2931 1521 2950 vero
1535 2923 1569 2949 64
1584 2927 1617 2948 et
1631 2923 1674 2949 65.
1692 2922 1872 2955 Castigata

258 2973 355 2999 valde
371 2972 442 3002 suit.
456 2977 489 2999 et
505 2973 637 3006 quidem
652 2973 783 3004 merito,
799 2980 818 2999 a
835 2972 869 2999 Ρ.
887 2972 1042 2999 Polanco.
1060 2972 1176 3005 Itaque
1200 2979 1259 2998 nos
1279 2978 1353 2997 eam
1376 2970 1482 3004 primo
1503 2971 1576 2996 loco
1597 2975 1696 3003 prout
1721 2977 1737 2995 e
1760 2968 1873 2995 Patris

255 3019 401 3046 Polanco
413 3020 566 3046 manibus
582 3020 702 3052 evasit,
719 3019 863 3046 secundo
878 3023 991 3046 autem
1006 3020 1139 3052 qualem
1154 3018 1291 3052 reliquit
1306 3018 1378 3052 ejus
1394 3021 1523 3049 auctor,
1543 3016 1818 3043 transcribemus.
