1987 3260
880 180 962 217 Ax.
994 180 1085 218 1552
1727 182 1798 218 727

175 283 356 325 ventus,
380 276 544 327 quibus
564 278 792 328 exemptis
819 277 1002 326 diebus,
1027 278 1065 317 si
1092 277 1193 329 quis
1222 278 1472 318 conciones
1502 278 1789 329 expetiisset,

175 357 266 384 non
287 345 437 386 minus
458 346 661 387 insanire
681 348 932 399 putabatur
951 359 1090 399 quam
1111 348 1188 399 qui
1209 359 1340 388 rosas
1362 348 1529 399 hyeme
1546 349 1620 388 vel
1636 348 1682 388 in
1698 349 1795 399 gla-

174 416 242 454 cie
264 416 409 456 lilium
430 418 754 468 quaesivissem
777 430 898 459 nunc
915 430 1007 458 non
1028 419 1177 459 solum
1197 430 1290 458 non
1310 429 1487 459 novum
1508 424 1552 458 et
1573 419 1794 470 intempe-

172 487 343 526 stivum
368 487 564 533 videtur,
589 489 669 528 sed
696 496 855 529 nostro
883 490 1094 541 exemplo
1123 489 1314 530 excitati
1341 496 1386 529 et
1413 490 1540 530 velut
1570 501 1791 541 experge—

173 557 280 596 facti
301 557 584 598 dominicani
601 560 797 609 singulis
813 560 1056 600 dominicis
1073 566 1325 611 coeperunt
1341 560 1433 600 alia
1449 571 1538 611 qua
1557 571 1643 600 nos
1659 560 1791 609 hora,

171 639 333 678 nempe
361 630 727 679 promeridiana‚
758 631 904 670 tribus
939 631 1106 671 abhinc
1137 631 1372 671 mensibus
1402 631 1449 670 in
1478 632 1676 671 ecclesia
1708 643 1793 671 sua

167 698 459 747 concionari;
489 706 533 739 et
557 701 772 741 videntur
800 702 843 741 in
872 702 959 742 hoc
987 702 1196 742 instituto
1224 703 1593 753 perseveraturi,
1624 703 1793 754 quippe

168 769 332 819 quibus
353 769 574 821 perfacile
597 778 681 821 est,
705 772 903 812 diversis
924 779 968 813 et
985 773 1338 824 quamplurimis
1354 773 1442 813 hoc
1459 784 1576 813 onus
1593 774 1792 813 alterna-

170 840 250 879 tim
285 840 600 882 subeuntibus.
642 843 871 882 Dominus
898 849 942 883 et
975 855 1059 883 nos
1085 850 1129 883 et
1163 844 1288 895 ipsos
1316 843 1477 884 fulciat
1504 850 1550 883 et
1581 844 1790 896 utrisque

168 912 500 960 perseverandi
521 913 645 953 vires
667 925 751 953 sua
773 914 907 954 solita
928 915 1205 954 liberalitate
1226 915 1452 966 largiatur
1471 947 1478 965 ,
1514 926 1604 966 quo
1633 915 1790 966 plures

167 982 310 1021 simus
331 982 376 1022 in
398 982 495 1034 ejus
517 984 654 1023 vinea
677 992 946 1035 operantes.

246 1051 435 1092 Praeter
456 1054 616 1094 solitas
638 1055 864 1095 ecclesiae
885 1063 1074 1096 nostrae
1096 1057 1361 1106 conciones,
1386 1057 1505 1096 aliae
1527 1056 1727 1096 diversis
1744 1056 1790 1096 in

165 1124 458 1163 monasteriis
479 1124 706 1165 habentur
728 1126 1080 1176 monacharum;
1103 1127 1352 1178 praecipue
1374 1127 1420 1167 in
1437 1126 1661 1167 coenobio
1677 1125 1786 1167 San-

163 1200 264 1232 ctae
286 1192 580 1245 Catherinae,
607 1196 732 1246 quod
754 1195 1118 1236 famosissimum
1137 1197 1278 1237 totius
1300 1197 1504 1237 civitatis
1525 1203 1609 1247 est,
1629 1196 1677 1237 in
1698 1209 1788 1248 quo

163 1265 316 1314 plures
337 1272 407 1305 ter
429 1272 613 1306 centum
635 1274 741 1306 sunt
762 1267 1035 1317 monachae,
1061 1279 1223 1308 omnes
1242 1268 1339 1308 fere
1360 1269 1551 1319 nobiles,
1571 1279 1678 1308 cum
1694 1269 1791 1320 qui-

161 1335 246 1374 bus
262 1335 513 1376 domestice
530 1338 898 1388 quamplurimae
913 1339 1225 1389 potentiorum
1238 1350 1527 1390 quorumque
1540 1338 1676 1387 filiae,
1696 1350 1788 1390 quo

160 1407 217 1444 ab
241 1407 327 1446 illis
349 1407 536 1458 optimis
559 1408 825 1448 imbuantur
851 1409 1077 1457 moribus,
1111 1416 1465 1449 conversantur.
1504 1409 1642 1461 Apud
1670 1421 1787 1461 quas

160 1477 215 1516 D.
258 1477 458 1517 Michael
499 1478 712 1529 Boteglio
751 1479 938 1530 saepius
975 1487 1044 1519 est
1083 1480 1406 1520 concionatus.
1450 1480 1501 1520 In
1541 1481 1784 1532 principio,

160 1559 320 1587 earum
337 1550 599 1599 nonnullae,
620 1549 706 1589 sibi
718 1550 1051 1601 persuadentes
1064 1562 1112 1590 se
1126 1551 1183 1590 ab
1195 1550 1511 1591 Illustrissima
1524 1551 1759 1602 quondam
1777 1550 1786 1569 ¹

163 1618 434 1670 Pro-regina
455 1619 671 1671 injuriam
691 1621 943 1672 accepisse,
964 1621 1086 1672 quod
1103 1622 1179 1661 illa
1197 1622 1425 1673 quasdam
1437 1620 1607 1672 januas
1623 1633 1785 1662 earum

160 1690 455 1740 monasterii,
485 1691 606 1730 sicut
633 1692 853 1739 aliorum,
883 1703 1002 1743 quae
1032 1692 1295 1732 liberiorem
1328 1692 1373 1731 in
1400 1692 1531 1732 vicos
1560 1693 1786 1733 haberent

160 1768 475 1812 prospectum,
513 1761 716 1812 J‘usserat
754 1763 982 1813 obturari,
1024 1763 1224 1803 scientes
1262 1762 1398 1814 hujus
1437 1763 1504 1803 rei
1544 1763 1787 1803 authorem

159 1832 210 1871 R.
244 1831 291 1871 P.
321 1831 379 1872 D.
409 1832 750 1885 Hieronymum
777 1834 1075 1875 Dominicum
1105 1835 1335 1885 extitisse,
1367 1835 1463 1885 pati
1491 1836 1615 1875 nullo
1644 1835 1782 1875 modo

159 1909 403 1952 potuerant
423 1910 472 1943 ut
492 1905 594 1955 quis
616 1911 826 1945 nostrum
847 1917 901 1945 eo
923 1906 1284 1946 concionaturus
1312 1912 1575 1945 vocaretur.
1606 1905 1696 1946 Sed
1725 1918 1783 1946 ex

155 1984 245 2023 quo
267 1974 418 2025 coepit
439 1973 495 2014 D.
520 1975 720 2015 Michael
741 1977 1023 2026 concionari,
1048 1981 1177 2016 tanta
1198 1983 1389 2028 repente
1418 1977 1560 2016 animi
1586 1977 1783 2017 mutatio

156 2043 281 2084 facta
302 2051 370 2084 est
391 2052 439 2085 ut
461 2057 582 2085 nunc
605 2047 797 2086 alterius
818 2046 992 2086 ordinis
1014 2047 1393 2087 concionatorem
1412 2047 1534 2087 ferre
1554 2058 1649 2086 non
1679 2058 1781 2098 pos-

154 2115 259 2163 sint;
283 2115 347 2155 ita
370 2122 475 2155 sunt
496 2116 560 2155 illi
576 2117 714 2157 modo
732 2117 945 2157 addictae
962 2124 1011 2157 ut
1029 2118 1076 2157 in
1092 2118 1209 2157 festo
1233 2117 1345 2158 Divi
1368 2117 1625 2169 Dominici,
1652 2117 1782 2169 cujus

155 2186 431 2235 professioni
453 2193 497 2226 et
516 2188 706 2238 regulae
729 2187 987 2239 subjacent,
1011 2200 1100 2239 quo
1122 2188 1195 2228 die
1217 2196 1528 2229 consueverat
1549 2200 1669 2229 unus
1690 2188 1781 2229 Do-

154 2257 495 2298 minicanorum
516 2258 799 2308 concionari,
819 2259 954 2298 solito
976 2260 1306 2300 concionatore
1328 2259 1514 2309 relicto,
1539 2259 1666 2300 facta
1696 2271 1780 2311 per

154 2329 443 2379 superiorem
472 2336 731 2369 conventus
756 2329 1052 2370 Dominicani
1072 2337 1323 2382 potestate,
1353 2331 1544 2381 obnixe,
1578 2329 1782 2382 quodam

153 2400 467 2448 dominicano,
491 2401 569 2452 qui
590 2401 678 2441 illis
699 2408 769 2441 est
791 2413 816 2441 a
839 2401 1229 2452 confessionibus,
1253 2413 1416 2442 earum
1434 2402 1622 2442 nomine
1642 2402 1780 2442 inter-

154 2470 360 2519 cedente,
384 2479 611 2521 rogarunt
633 2478 680 2511 ut
702 2471 758 2511 D.
782 2471 982 2512 Michael
1002 2479 1112 2512 tunc
1134 2472 1256 2523 apud
1276 2484 1355 2512 eas
1378 2472 1650 2523 dignaretur
1672 2485 1779 2513 con-

153 2541 343 2591 r·ionari;
367 2553 563 2592 quarum
585 2548 741 2582 tantae
763 2542 1000 2582 devotioni
1026 2554 1132 2582 cum
1160 2543 1362 2583 abnuere
1389 2554 1482 2583 non
1502 2549 1680 2594 posset,
1705 2555 1779 2595 pe-

151 2613 301 2652 titioni
328 2614 562 2664 acquievit
590 2625 674 2653 nec
703 2625 781 2653 eas
810 2621 1019 2665 spectata
1048 2615 1238 2664 spiritus
1269 2615 1451 2655 interna
1479 2615 1657 2655 laetitia
1686 2615 1778 2655 fru-

150 2689 322 2722 stratus
357 2690 439 2723 est.
479 2684 651 2724 Earum
687 2685 855 2724 multas
885 2685 943 2724 ad
971 2685 1094 2725 vitae
1122 2685 1413 2737 perfectioris
1440 2685 1777 2726 institutionem

150 2754 403 2794 concitavit
424 2756 743 2806 persuasitque
766 2763 828 2802 ut,
854 2757 991 2796 rebus
1008 2757 1223 2796 omnibus
1239 2757 1440 2808 propriis
1467 2757 1713 2808 abnegatis
1734 2765 1780 2797 et

152 2826 192 2863 in
218 2825 419 2865 medium
439 2826 698 2877 productiS,
721 2827 767 2866 in
789 2838 1033 2867 commune
1061 2828 1232 2867 vellent
1260 2828 1305 2867 in
1332 2835 1570 2879 posterum
1598 2828 1775 2868 vivere.

205 2937 212 2955 ¹
256 2936 436 2969 Quondam
458 2938 516 2966 ait.
547 2938 623 2971 quia
648 2938 823 2966 Dominica
847 2939 1199 2972 Palma1·um‚se.,2·2.⁸
1221 2939 1334 2966 Martii
1350 2940 1587 2973 praecedentis
1604 2940 1681 2967 anni
1697 2941 1774 2975 1551,

148 2984 235 3010 ‹lh-m
252 2991 443 3019 supremum
459 2985 600 3013 obierat.
618 2986 703 3013 Vide
722 2986 886 3017 potura»,
907 2986 1039 3015 sllron..
1056 2993 1077 3014 t.
1095 2995 1127 3016 11.
1144 2995 1221 3021 pag.
1240 2987 1280 3019 10,
1298 2995 1327 3013 n.
1343 2987 1387 3014 81.
