1987 3260
844 177 879 213 A
888 188 923 214 N.
957 176 1046 213 1552
1687 174 1761 211 603

132 277 286 317 audita
309 276 453 315 nostri
477 274 789 315 ardentissimi
815 273 975 314 fratris
1002 273 1252 323 concione,
1282 272 1434 311 factus
1460 271 1594 322 quasi
1622 272 1755 320 alter,

131 359 223 387 non
253 347 381 398 prius
412 346 468 386 ab
494 358 547 385 eo
576 345 875 385 discessimus
903 355 1042 395 quam
1070 354 1260 383 suorum
1288 347 1587 393 peccatorum
1615 341 1757 380 sarci-

132 429 240 457 nam
263 416 384 468 apud
407 416 744 456 confessarium
772 415 1040 466 deponeret.

212 487 464 539 Postquam
487 493 642 526 autem
662 486 948 526 Florentiam
968 483 1264 534 advenimus,
1288 482 1337 522 P.
1361 482 1570 534 Elpidius
1595 480 1620 532 ¹,
1644 493 1762 532 quos

128 559 224 610 jam
245 558 423 609 pridem
445 558 580 597 avide
602 562 915 608 exspectarat,
940 555 998 595 ad
1019 554 1262 604 medicum,
1288 554 1531 604 antiquum
1551 551 1758 592 Societa-

133 630 191 669 tis
211 629 439 680 hospitem
460 628 489 678 ²,
513 628 744 679 perduxit,
769 626 892 678 apud
913 637 1049 677 quem
1078 624 1278 675 benigne
1306 623 1662 674 humaniterque
1685 635 1760 662 ex-

132 700 268 751 cepti,
288 711 469 738 necnon
486 698 736 738 liberaliter
753 697 954 744 tractati,
975 695 1238 747 quindecim
1254 694 1352 734 dies
1369 694 1562 744 egimus.
1582 693 1762 733 Deinde

132 771 178 810 in
198 770 386 809 domum
407 769 538 809 nobis
558 774 890 820 praeparatam
912 766 1241 817 migravimus,
1273 765 1350 805 ubi
1377 764 1760 804 charissimorum

133 841 331 880 fratrum
357 840 508 879 virtus
538 840 584 879 in
612 838 825 879 adversis
854 837 1137 877 sustinendis
1166 848 1222 876 ac
1248 835 1560 887 perpetiendis
1587 834 1757 885 oppido

133 912 310 951 enituit.
334 911 404 951 Tu
425 911 560 959 enim,
585 910 633 950 P.
659 910 846 961 optime,
870 909 993 949 nosti
1014 920 1133 959 quae
1154 919 1278 947 nova
1300 906 1508 957 Collegia
1524 905 1676 945 ferant
1697 905 1763 944 in-

133 982 379 1022 commoda
415 993 622 1033 quasque
650 980 791 1020 animi
820 979 1197 1031 perturbationes
1223 982 1474 1029 praestent.
1505 975 1758 1027 Propterea

133 1053 255 1104 quod
281 1052 415 1092 nobis
441 1052 634 1091 servitia
662 1051 875 1100 deerant,
906 1049 1221 1101 unusquisque
1249 1060 1298 1088 se
1326 1059 1490 1087 cocum
1517 1047 1763 1098 profiteba—

133 1132 221 1173 tur,
245 1122 381 1174 idque
403 1122 489 1162 sibi
510 1121 714 1161 muneris
742 1121 843 1161 dari
869 1120 1077 1160 nonnulli
1105 1119 1298 1159 summis
1328 1118 1543 1170 precibus
1575 1124 1762 1158 conten—

132 1194 318 1234 debant.
338 1191 428 1232 Sed
446 1192 495 1231 P.
515 1192 784 1232 Ludovicus
801 1191 814 1209 ⁵
831 1192 897 1231 sic
915 1190 1065 1230 officia
1083 1190 1247 1230 domus
1259 1195 1328 1229 est
1345 1189 1557 1240 partitus,
1577 1194 1626 1228 ut
1642 1200 1760 1240 pene

135 1276 295 1305 omnes
321 1264 523 1314 negotiis
553 1263 819 1303 domesticis
847 1267 1191 1302 exercerentur.
1224 1261 1326 1312 Ipse
1354 1272 1535 1311 quoque
1561 1259 1609 1299 P.
1641 1271 1765 1299 men-

136 1348 216 1376 sae
239 1335 488 1385 inservire,
519 1334 690 1374 ostium
719 1333 922 1385 pulsanti
949 1333 1154 1384 aperire,
1185 1338 1229 1371 et
1255 1333 1400 1371 multa
1426 1330 1471 1370 id
1498 1342 1646 1382 genus
1672 1342 1765 1370 non

139 1406 495 1457 dedignabatur.
533 1404 860 1444 Praetermitto
895 1403 985 1443 hoc
1021 1404 1122 1443 loco
1150 1414 1346 1442 narrare
1379 1402 1434 1442 de
1461 1401 1647 1441 fervore
1676 1401 1766 1441 fra,-

135 1486 259 1517 trum
281 1477 338 1517 ad
359 1475 707 1528 poenitentiam,
727 1481 776 1515 ut
796 1474 1012 1525 gestandi
1030 1474 1168 1514 cilicii
1184 1473 1485 1524 corporisque
1503 1472 1762 1523 disciplina,

138 1555 187 1588 ut
211 1554 402 1598 vocant,
429 1546 678 1597 afficiendi,
708 1551 975 1597 quantaque
1006 1544 1247 1595 diligentia
1275 1544 1511 1594 animique
1537 1543 1765 1593 magnitu-

140 1619 261 1669 dine,
285 1630 390 1658 cum
413 1617 700 1668 conceditur,
725 1621 1029 1668 exequantur.
1054 1614 1222 1667 Opinio
1250 1626 1416 1666 porro,
1439 1625 1577 1665 quam
1606 1614 1661 1653 de
1688 1625 1764 1653 no-

138 1690 208 1730 bis
231 1689 586 1739 concitavimus,
611 1693 681 1728 est
701 1699 874 1738 magna
898 1691 942 1726 et
963 1686 1164 1726 fortasse
1185 1683 1334 1736 major
1361 1696 1500 1736 quam
1526 1696 1611 1724 nos
1632 1684 1764 1724 susti-

139 1772 249 1800 nere
271 1772 325 1800 ac
348 1760 467 1800 tueri
487 1759 733 1810 possimus.
757 1758 894 1797 Faxit
916 1763 1071 1797 tamen
1092 1756 1220 1797 Deus
1241 1762 1290 1796 ut
1318 1755 1661 1807 exspectationi
1687 1755 1763 1794 ali-

139 1831 324 1882 quando
354 1830 733 1881 respondeamus.

221 1902 271 1941 In
303 1901 533 1952 principio
561 1901 708 1940 nostri
739 1900 829 1940 huc
859 1899 1090 1939 adventus
1118 1909 1223 1937 cum
1251 1897 1441 1948 quidam
1467 1896 1691 1936 haeretici
1720 1896 1765 1935 in

138 1984 376 2012 carcerem
399 1970 597 2021 conjecti
618 1977 787 2020 essent,
811 1981 898 2009 nos
919 1975 1135 2008 auctores
1156 1968 1287 2008 multi
1308 1966 1683 2018 suspicabantur,
1698 1966 1766 2017 ju-

139 2043 310 2083 dicium
330 2044 466 2094 plane
488 2041 671 2091 falsum,
694 2041 880 2080 minime
901 2045 1058 2080 tamen
1085 2039 1493 2087 detrimentosum,
1517 2037 1594 2088 qui
1614 2037 1764 2088 hujus-

118 2108 319 2154 ¹cemodi
356 2113 593 2153 hominum
632 2117 787 2152 sectae
822 2111 1160 2151 constituamur
1199 2108 1472 2148 adversarii.
1514 2108 1629 2148 Item
1661 2120 1767 2147 cum

139 2184 327 2237 quidam
348 2184 492 2224 frater
513 2182 594 2223 Sti.
618 2182 892 2233 Augustini,
916 2180 1075 2231 magni
1102 2179 1288 2231 quidem
1314 2178 1534 2229 nominis,
1565 2178 1646 2218 sed
1673 2190 1767 2218 non

141 2256 255 2296 satis
290 2254 560 2306 approbati,
598 2254 709 2304 quin
744 2253 884 2292 etiam
918 2251 1160 2303 permultis
1194 2250 1425 2301 suspecti,
1463 2249 1769 2289 concionator

140 2327 309 2367 summi
331 2326 488 2377 templi
518 2325 862 2373 decerneretur,
896 2323 1054 2362 divina
1085 2322 1302 2361 voluntas
1324 2320 1382 2360 ad
1403 2320 1653 2360 multarum
1673 2320 1767 2359 ani-

141 2409 322 2438 marum
353 2398 550 2436 salutem
581 2394 857 2435 intercessit.
888 2393 1046 2444 Itaque
1078 2393 1123 2432 in
1153 2392 1333 2443 depulsi
1360 2392 1514 2431 locum
1541 2391 1767 2431 successit

143 2470 259 2508 alter
279 2467 437 2508 Sancti
465 2465 700 2506 Dominici
723 2472 767 2504 et
790 2465 915 2504 vitae
938 2463 1205 2515 integritate
1227 2469 1270 2502 et
1292 2462 1600 2502 sanctimonia
1627 2462 1765 2502 notis-

143 2541 286 2579 simus
307 2546 350 2578 et
373 2538 505 2577 nobis
527 2536 793 2585 familiaris,
817 2535 938 2575 unde
959 2533 1094 2585 hujus
1115 2545 1297 2585 quoque
1319 2533 1387 2573 rei
1406 2533 1668 2573 ferebamur
1691 2544 1767 2572 au—

142 2618 309 2650 ctores.
342 2609 432 2650 Sed
463 2620 548 2647 nos
583 2607 706 2658 apud
741 2607 868 2646 illum
897 2605 1293 2657 Augustinianum
1327 2604 1493 2644 nobilis
1529 2602 1768 2654 cujusdam

143 2681 386 2721 excusavit
415 2678 685 2719 auctoritas.

199 2890 207 2909 ¹
248 2890 283 2916 P.
299 2889 453 2923 Elpidius
468 2888 632 2922 L'goletti.

197 2938 211 2956 ι’
249 2936 395 2970 joannes
411 2936 448 2962 de
465 2935 572 2962 Rosis.

198 2987 211 3005 ⁵
250 2986 285 3012 P.
302 2983 494 3012 Ludovicus
510 2982 549 3009 de
566 2982 745 3016 Coudreto,
763 2982 905 3017 Collegii
923 2981 1109 3009 Florentini
1126 2982 1261 3009 Rector.
