1987 3260
889 143 970 179 AN.
1003 144 1089 180 1551
1739 148 1808 184 4113

181 237 280 288 ipso
298 237 346 276 P.
371 236 625 277 Paschasio
648 240 745 277 sola
764 237 1055 279 consessione
1076 239 1270 279 liberata
1292 239 1390 290 fuit,
1414 252 1681 293 paucosque
1703 251 1805 293 post

180 307 278 346 dies
298 319 356 347 ex
378 307 467 347 hoc
489 308 626 347 exilio
651 309 709 348 ad
730 309 930 360 patriam
950 309 1146 350 feliciter
1168 310 1402 361 migravit.

259 378 383 418 Idem
404 378 452 418 P.
479 379 525 418 in
546 379 802 420 christiana
830 380 918 420 fide
946 380 1062 420 duos
1088 381 1288 421 erudivit
1320 381 1562 422 hebraeos.
1596 382 1803 433 Quorum

178 448 310 498 alter,
335 449 411 489 ubi
433 450 625 490 edoctus
646 450 744 500 fuit,
769 463 859 491 uno
877 457 921 490 et
937 451 1099 491 eodem
1121 452 1193 491 die
1214 452 1476 503 baptizatus
1494 451 1593 499 fuit,
1618 459 1662 492 et
1680 454 1802 493 sacri

179 519 267 559 olei
288 520 554 560 unctionem
576 522 778 572 suscepit
798 554 804 572 ,
829 534 883 562 ac
906 523 965 562 ad
987 534 1180 573 superos
1202 523 1486 562 convolavit.
1516 522 1802 564 Reconcilia-

182 590 244 629 vit
257 602 438 641 quoque
456 589 556 630 Deo
576 592 822 643 quemdam
835 604 1012 643 eorum,
1032 593 1109 644 qui
1133 593 1240 633 olim
1258 593 1303 633 in
1319 592 1562 633 Lusitania
1580 594 1802 645 baptizati

179 660 326 711 fuere,
351 668 394 700 et
417 661 474 701 ad
496 663 720 703 vomitum
746 662 965 714 judaismi
995 675 1213 703 reversus
1239 664 1409 714 fuerat;
1441 676 1531 715 quo
1562 665 1608 704 in
1640 676 1800 705 errore

175 731 327 771 adhuc
349 732 515 772 vivunt
538 731 635 783 ejus
653 734 1002 784 consanguinei.

254 801 354 842 Hoc
375 803 515 843 etiam
536 805 895 854 praeterendum
921 817 1012 844 non
1043 805 1174 856 duxi,
1210 806 1333 857 quod
1365 817 1470 846 cum
1501 805 1558 845 ab
1587 806 1800 846 omnibus

178 872 261 923 piis
282 873 567 925 hominibus,
591 881 688 915 tum
708 876 985 926 praesertim
1007 888 1033 915 a
1054 876 1299 927 religiosis,
1323 875 1574 927 diligimur,
1608 876 1685 928 qui
1706 889 1798 918 ma-

173 943 412 994 ximopere
433 951 595 985 nostro
616 946 821 997 gaudent
843 947 1067 996 institutO,
1100 947 1349 998 praecipue
1376 947 1545 987 fratres
1574 948 1796 993 minores,

172 1025 289 1064 quos
320 1016 460 1065 vulgo
495 1017 779 1067 capuccinos
805 1023 1001 1068 vocant,
1032 1017 1307 1068 quibuscum
1337 1018 1543 1058 maxima
1573 1018 1708 1059 nobis
1735 1019 1797 1059 in-

173 1085 367 1125 tercedit
389 1086 683 1127 familiaritas
704 1093 747 1127 et
769 1088 1105 1128 benevolentia.
1136 1087 1324 1128 Accidit
1351 1094 1414 1138 ut,
1451 1100 1556 1128 cum
1577 1101 1662 1129 nos
1684 1089 1795 1129 indi-

171 1167 283 1205 gere
305 1162 546 1207 putarent,
571 1158 755 1198 illorum
784 1158 874 1198 duo
896 1159 955 1198 ad
974 1170 1059 1198 nos
1083 1160 1238 1199 onusti
1259 1160 1564 1210 accesserint,
1598 1171 1714 1211 quos
1748 1168 1797 1201 ut

175 1225 268 1265 vidi
303 1238 467 1267 saccos
502 1228 665 1278 plenos
699 1229 904 1268 humeris
938 1235 1197 1280 gestantes,
1240 1230 1328 1270 illis
1369 1231 1557 1270 obviam
1596 1231 1794 1282 prodivi,

169 1297 459 1348 existimans,
494 1298 550 1338 ob
578 1299 924 1350 eleemosynam
954 1300 1238 1351 quaesitam,
1275 1301 1398 1351 apud
1426 1313 1511 1341 nos
1539 1301 1793 1353 defatigata

169 1369 376 1408 membra
406 1370 524 1408 velle
554 1381 793 1420 recreare,
826 1376 873 1410 at
902 1370 1114 1422 inquiunt
1141 1372 1225 1411 illi:
1261 1372 1320 1411 ad
1349 1383 1436 1411 vos
1468 1372 1523 1412 de
1551 1373 1793 1413 hortorum

169 1445 438 1479 nostrorum
460 1439 685 1480 fructibus
708 1440 823 1480 haec
846 1441 1055 1492 tulimus;
1080 1442 1157 1493 qui
1178 1443 1319 1482 etiam
1346 1443 1579 1494 nonnulli,
1611 1455 1717 1484 cum
1739 1456 1796 1484 ex

170 1510 284 1559 illis,
309 1516 405 1550 tum
427 1522 485 1550 ex
506 1511 706 1551 caeteris
725 1511 1028 1562 religionibus
1050 1513 1300 1553 conciones
1317 1513 1525 1553 audiunt.

246 1581 374 1621 Haec
397 1587 524 1631 sunt,
548 1580 647 1621 R.d‘e
672 1581 825 1630 Pater,
850 1594 967 1634 quae
988 1583 1071 1623 tibi
1092 1584 1139 1623 in
1159 1585 1424 1636 praesentia
1446 1585 1694 1625 scribenda
1722 1598 1792 1626 oc-

166 1658 426 1703 currerunt,
452 1659 495 1692 et
533 1653 623 1692 alia
649 1665 742 1693 non
771 1665 923 1705 pauca
951 1654 1064 1694 mihi
1094 1655 1324 1695 excidisse
1350 1656 1461 1695 scio.
1496 1655 1624 1696 Haec
1652 1657 1691 1697 si
1720 1669 1792 1697 ex-

165 1723 443 1774 spectationi
463 1730 571 1763 tuae
592 1735 684 1763 non
706 1723 1033 1775 satisfecerint,
1056 1737 1141 1765 nos
1163 1725 1219 1765 de
1239 1725 1526 1777 negligentia
1546 1727 1793 1778 reprehen-

166 1793 346 1841 damur,
371 1793 472 1833 Deo
494 1799 664 1844 tamen,
689 1794 919 1834 bonorum
940 1795 1145 1835 omnium
1162 1797 1358 1847 auctori,
1377 1797 1560 1848 gratiae
1583 1797 1638 1837 de
1660 1797 1794 1838 bonis

166 1864 378 1914 agendae
401 1871 558 1914 erunt,
591 1865 669 1916 qui
696 1876 782 1904 nos
806 1866 851 1905 in
873 1877 957 1906 sua
977 1867 1133 1917 gratia
1154 1878 1439 1907 conservare
1460 1874 1505 1907 et
1527 1879 1700 1919 augere
1729 1869 1793 1909 di-

166 1941 349 1984 gnetur.
375 1935 507 1985 Quod
529 1935 715 1986 quidem
737 1942 785 1975 ut
813 1936 1125 1987 obtineamus,
1160 1938 1470 1978 sanctissimis
1501 1938 1591 1978 tuis
1619 1939 1791 1979 sacrifi—

167 2006 252 2045 ciis
274 2012 317 2045 et
339 2006 629 2046 orationibus
651 2006 885 2046 humiliter
906 2018 991 2046 nos
1018 2008 1373 2048 commendatos
1395 2009 1622 2060 cupimus.

249 2076 421 2116 Datum
437 2076 684 2116 Ferrariae
705 2076 769 2115 3.‘’
791 2089 940 2117 nonas
962 2076 1247 2129 Septembris
1268 2079 1470 2119 M.D.LI.

249 2147 301 2186 R.
327 2146 375 2186 P.
399 2147 592 2199 Joannis
609 2146 753 2198 jussu.

247 2218 421 2258 Servus
443 2218 489 2258 in
511 2218 633 2258 Cli.t0
657 2219 894 2269 indignus,

1068 2362 1136 2415 Jo.
1169 2363 1327 2402 BAP.TA
1358 2375 1416 2402 DE
1444 2364 1570 2415 JsssU.

248 2571 615 2623 Sztpel‘scm'ptio.
657 2572 924 2613 Admodum
962 2573 1063 2613 R.d0
1108 2573 1154 2613 in
1193 2574 1380 2614 Christo
1419 2574 1545 2614 Patri
1592 2575 1792 2616 Domino

167 2641 346 2691 Ignatio
364 2643 420 2682 de
439 2642 633 2694 Loyola‚
654 2643 925 2696 Praeposito
943 2645 1162 2685 Generali
1179 2644 1427 2685 Societatis
1448 2646 1573 2698 Jesu,
1599 2646 1787 2686 Romae.

246 2713 354 2752 Alsa
377 2725 545 2754 manu:
571 2715 684 2755 1551.
712 2716 858 2766 Quad.
883 2716 1043 2756 Ferra.
1068 2716 1093 2755 3
1115 2716 1171 2756 de
1191 2716 1373 2767 7b.—Q.
1397 2724 1440 2756 et
1463 2717 1552 2756 An.
1577 2729 1620 2756 ν.
