1987 3260
929 147 1012 184 AN.
1043 147 1134 185 1552
1778 146 1849 184 703

220 247 533 298 portiuncula,
569 246 852 297 reliquorum
879 245 1090 297 partibus
1119 244 1393 294 commixta,
1423 255 1516 283 non
1545 249 1642 283 tam
1674 243 1845 293 exigua

217 329 359 368 quam
379 322 449 357 est
471 323 711 368 appareat.

298 387 504 428 Primum
538 387 694 439 itaque
728 388 774 427 in
806 388 893 427 hoc
927 387 1175 439 gymnasio
1210 385 1425 426 undecim
1458 384 1628 425 fratres
1668 396 1845 434 sumus,

218 470 338 510 quos
365 459 482 499 satis
507 470 589 510 per
623 459 802 498 litteras
832 458 949 498 alias
975 457 1250 498 nominatim
1279 457 1644 507 declaravimuS,
1675 467 1733 495 ex
1760 455 1847 496 Dei

219 530 373 580 gratia
393 536 492 569 tum
513 530 668 569 animo
690 536 788 569 tum
809 541 1004 581 corpore
1033 529 1263 578 valentes,
1286 534 1330 568 et
1351 528 1447 567 suis
1468 527 1662 579 quisque
1684 526 1848 567 officiis

220 611 302 640 seu
323 600 591 640 ministeriis
614 600 870 652 studiisque
892 606 936 640 et
957 599 1193 640 exercitiis
1214 598 1548 648 incumbentes,
1572 604 1617 638 et
1637 604 1845 638 mutuam

220 671 431 711 foventes
453 671 729 711 charitatem
749 682 856 710 cum
887 672 1030 710 multa
1057 681 1173 721 pace
1203 675 1246 709 et
1273 669 1447 721 quiete;
1475 669 1596 709 unde
1625 669 1775 709 bonus
1803 669 1846 708 in

220 742 420 781 Domino
443 742 558 782 odor
579 742 638 782 ad
669 753 830 781 omnes
852 747 1059 791 emanat,
1083 741 1359 792 quibuscum
1387 740 1520 779 nobis
1547 739 1848 780 conversatio

219 812 373 863 aliqua
395 814 470 852 vel
493 812 656 852 notitia
690 812 956 861 intercedit,
987 817 1124 862 prout
1151 811 1448 862 peculiariter
1478 816 1676 850 testatur
1703 810 1849 850 Reve-

220 884 388 923 rendus
405 883 461 923 D.
483 883 707 930 Antistes,
727 894 754 921 a
770 882 998 922 Trinitate
1018 887 1328 932 nuncupatus,
1347 881 1425 933 qui
1445 881 1597 931 magis
1619 893 1674 920 ac
1695 881 1848 931 magis

219 954 263 993 in
284 953 382 993 dies
403 954 623 994 eximiam
644 954 769 993 illam
791 964 923 993 suam
941 964 994 992 ac
1016 964 1126 992 vere
1143 958 1389 1003 paternam
1405 951 1607 991 ostendit
1627 962 1740 1003 erga
1762 963 1851 990 nos

219 1025 531 1064 dilectionem:
569 1036 654 1064 nos
691 1024 897 1064 vicissim
932 1035 1017 1074 pro
1052 1023 1230 1063 viribus
1265 1023 1484 1063 enitimur
1519 1034 1574 1062 ac
1608 1023 1849 1062 studemus

218 1096 369 1134 omnia
393 1101 649 1146 praestare,
674 1106 793 1146 quae
814 1099 1082 1133 nostrarum
1103 1100 1208 1133 sunt
1230 1094 1448 1144 partium,
1472 1093 1518 1133 id
1539 1099 1623 1144 est,
1648 1093 1849 1133 filiorum

220 1167 469 1215 proborum
490 1172 534 1205 et
556 1165 902 1215 ingratitudinis
923 1170 1083 1204 notam
1104 1164 1393 1215 fugientium.

297 1237 401 1289 Jam
422 1248 535 1275 vero
557 1241 605 1275 ut
627 1236 686 1275 ad
709 1235 892 1285 singula
914 1235 1137 1274 exercitia
1158 1241 1320 1274 nostra
1341 1235 1666 1286 patefacienda
1695 1235 1852 1274 venia-

216 1320 339 1356 mus,
377 1313 563 1358 praeter
598 1306 783 1357 privata
824 1306 925 1355 illa,
964 1317 1082 1356 quae
1115 1305 1161 1344 in
1202 1305 1388 1356 studiis,
1421 1305 1847 1356 disputatiunculis,

216 1379 370 1419 latinis
392 1377 635 1428 colloquiis
657 1383 701 1416 et
723 1377 913 1427 scriptis
935 1375 1140 1426 quotidie
1162 1376 1385 1426 existunt,
1418 1376 1603 1415 fovetur
1632 1382 1849 1426 augetur-

215 1462 302 1501 que
325 1450 368 1489 in
393 1449 490 1488 dies
513 1448 721 1488 instituta
745 1448 913 1487 schola
934 1458 1200 1498 magnaque
1221 1447 1270 1486 fit
1292 1454 1335 1486 et
1366 1447 1586 1487 continua
1613 1454 1711 1487 tam
1735 1447 1850 1486 litte-

214 1521 326 1560 rarii
347 1532 486 1572 quam
508 1519 777 1570 spiritualis,
801 1530 883 1558 seu
903 1519 1109 1567 moralis,
1132 1518 1370 1569 profectus
1392 1518 1615 1558 accessio.
1636 1518 1848 1568 Discipu-

214 1593 362 1631 lorum
392 1602 506 1630 vero
541 1601 762 1629 numerus
789 1589 849 1629 ad
876 1595 1063 1628 centum
1089 1588 1401 1640 quadraginta
1431 1588 1633 1639 quinque
1664 1588 1852 1628 circiter

215 1663 465 1713 perductus
488 1667 571 1701 est.

295 1733 440 1773 Porro
463 1733 614 1772 divisa
637 1738 706 1771 est
738 1731 899 1771 schola
927 1732 972 1771 in
1000 1737 1198 1782 quatuor
1226 1732 1416 1770 classes
1447 1731 1632 1770 Primae
1664 1737 1851 1781 praeest

214 1803 416 1856 Joannes
434 1803 715 1852 Gambarus,
733 1802 949 1851 Flander,
969 1814 1106 1853 quem
1123 1802 1316 1842 audiunt
1333 1802 1504 1842 fratres
1520 1813 1665 1853 prope
1685 1813 1848 1842 omnes

214 1883 256 1914 et
280 1875 427 1914 exteri
449 1874 624 1925 aliquot
642 1873 839 1923 juvenes
863 1874 1012 1913 bonae
1034 1873 1201 1912 indolis
1222 1879 1266 1912 et
1287 1873 1401 1923 spei.
1425 1872 1673 1913 Profitetur
1694 1878 1850 1914 autem

215 1946 391 1984 litteras
426 1945 746 1994 humaniores3
778 1944 861 1983 sub
889 1944 1125 1994 hyemem,
1160 1944 1206 1982 ni
1232 1943 1381 1993 fallor,
1413 1944 1669 1983 oratoriam
1701 1949 1849 1983 artem

214 2027 541 2066 aggressurus.
561 2014 751 2054 Interim
768 2015 875 2054 dum
900 2014 1124 2054 intensior
1146 2020 1215 2053 est
1237 2014 1347 2053 solis
1370 2020 1541 2063 aestus,
1562 2014 1850 2054 versificato-

215 2087 331 2126 riam
354 2086 495 2125 tradit
516 2093 559 2125 et
582 2086 625 2124 in
647 2085 906 2124 scribendis
924 2085 1137 2123 versibus
1155 2084 1407 2135 discipulos
1424 2096 1534 2124 suos
1551 2085 1704 2136 coepit
1720 2097 1849 2125 exer-

213 2170 331 2206 cere,
353 2169 448 2196 non
471 2156 643 2196 omissa
666 2164 823 2195 tamen
845 2167 1012 2205 prosae
1035 2155 1262 2194 orationis
1284 2154 1555 2206 quotidiana
1577 2156 1845 2206 scriptione.

214 2228 273 2268 Ut
305 2229 492 2278 insuper
521 2227 691 2266 fratres
726 2226 783 2265 ad
804 2225 945 2265 latine
976 2225 1273 2265 scribendum
1304 2225 1555 2265 studiosius
1586 2226 1846 2277 invigilent,

212 2300 378 2349 partim
404 2298 633 2338 desiderio
656 2297 880 2336 honestae
902 2296 1073 2345 laudis,
1098 2296 1266 2347 partim
1298 2296 1437 2336 etiarn
1463 2308 1689 2336 censurae
1717 2304 1843 2337 metu

214 2383 267 2410 ac
299 2368 586 2415 verecundia
615 2368 862 2418 compulsi,
902 2367 1161 2407 institutum
1197 2373 1267 2406 est
1294 2373 1342 2406 ut
1374 2367 1541 2418 aliquis
1568 2379 1848 2419 unoquoque

213 2442 300 2490 die,
325 2447 428 2491 post
450 2440 604 2479 cibum
625 2445 873 2489 sumptum,
898 2449 1057 2477 coram
1079 2437 1292 2477 omnibus
1313 2438 1478 2477 recitet
1499 2450 1619 2489 quae
1640 2439 1845 2489 scripsit;

212 2511 256 2551 id
278 2510 401 2562 quod
423 2521 515 2549 non
538 2521 702 2560 parum
724 2509 945 2548 momenti
968 2508 1150 2547 adferre
1173 2508 1232 2548 ad
1253 2508 1407 2548 studia
1429 2508 1628 2549 videtur.
1657 2550 1660 2552 .

290 2582 340 2622 In
362 2581 576 2633 proxima
599 2581 747 2619 classe
764 2579 813 2619 P.
832 2578 890 2618 D.
911 2578 1085 2619 Caesar
1106 2580 1467 2629 grammaticam
1487 2580 1718 2631 praelegit
1741 2592 1847 2620 cum

213 2653 402 2703 syntaxi
426 2660 468 2691 et
491 2651 766 2690 authoribus
788 2650 1023 2690 nonnullis
1044 2662 1127 2700 pro
1149 2650 1483 2701 discipulorum
1506 2657 1646 2701 captu
1679 2663 1846 2702 oppor-

213 2723 353 2763 tunis.

289 2794 494 2846 Joannes
517 2792 820 2841 Franciscus,
844 2791 1033 2842 reliquis
1054 2791 1333 2842 praefectus,
1357 2792 1620 2831 rudimenta
1642 2798 1687 2832 et
1710 2803 1845 2843 regu-

212 2865 280 2903 las
302 2874 570 2903 communes
592 2862 834 2902 latinitatis
851 2862 999 2901 docet.
1018 2860 1134 2902 Sunt
1155 2861 1295 2901 etiam
1311 2862 1488 2913 aliquot
1505 2862 1711 2903 nondum
1729 2864 1845 2903 satis

212 2941 336 2974 rccte
358 2934 513 2984 legere
541 2933 735 2983 assueti,
767 2944 882 2984 quos
912 2944 1006 2972 non
1034 2932 1325 2973 excludimus
1352 2940 1600 2984 parentum
1627 2934 1845 2985 precibus
