1987 3260
885 209 967 246 AN.
999 209 1083 246 1551
1722 211 1791 248 431

169 305 540 357 aegrotantibus,
565 306 687 357 quod
708 306 753 346 in
789 305 987 356 collegio
1015 311 1170 346 tamen
1197 306 1307 346 nulli
1333 306 1700 357 permitteretur)
1731 306 1789 346 ad

167 388 270 417 eam
292 375 453 427 inquit:
476 376 585 424 quid
605 376 679 416 hic
696 382 746 416 tu
761 377 961 427 quaeris
982 377 1134 416 soror?
1152 376 1261 428 quid
1278 376 1369 416 vis?
1386 376 1538 416 adhuc
1555 376 1602 415 in
1619 376 1793 416 mundo

169 447 237 487 es?
259 446 368 498 quid
384 447 562 486 tardas?
579 458 733 486 nonne
750 446 882 487 vides
898 457 970 486 me
987 446 1084 486 fere
1103 448 1450 498 consumptum?
1466 447 1547 486 vix
1563 446 1677 486 mihi
1693 447 1793 486 dies

168 529 287 557 unus
306 517 431 557 vitae
452 525 678 568 superest;
700 529 920 569 propera,
945 517 1134 568 festina,
1159 529 1294 558 curre
1316 517 1375 558 ad
1397 517 1654 557 Christum:
1685 517 1791 568 quid

170 589 283 628 mihi
305 587 576 639 respondes?
598 588 699 628 Non
720 589 868 640 potuit
890 589 967 628 illa
988 588 1144 629 facere
1167 589 1277 640 quin
1296 589 1585 640 promitteret
1614 600 1662 628 se
1692 599 1791 628 coe-

170 659 357 699 nobium
392 658 725 709 ingressuram.
756 658 1046 699 Mirabantur
1075 670 1235 699 omnes
1262 658 1578 699 fortitudinem
1605 658 1788 707 infirmi,

170 729 247 781 qui
281 729 475 769 aderant
510 742 567 769 ex
602 730 884 775 domesticis;
923 729 987 770 ita
1023 729 1144 770 enim
1178 730 1452 781 loquebatur
1488 741 1543 769 ac
1578 730 1616 769 si
1651 740 1797 768 sanus

170 800 357 840 omnino
380 799 555 850 fuisset,
589 812 694 840 cum
715 807 870 841 tamen
890 800 1115 852 postridie
1132 800 1249 840 hora
1266 800 1445 840 decima
1463 800 1521 840 ad
1538 799 1793 839 Dominum

168 872 316 911 laetus
338 870 627 920 migraverit.
647 870 923 911 Benedictus
944 871 1086 920 Deus,
1116 871 1193 921 qui
1219 882 1299 910 eos
1329 871 1376 910 in
1404 876 1550 910 morte
1582 876 1794 918 coronat,

169 952 285 993 quos
306 941 351 980 in
373 941 470 980 vita
492 943 646 991 gratia
669 954 752 982 sua
774 941 1058 991 muniverat,
1092 947 1140 981 ut
1162 941 1451 981 corroborati
1479 952 1796 992 quoscumque

170 1012 371 1051 hostium
393 1012 592 1063 impetus
613 1013 934 1063 reprimerent.

249 1082 382 1133 Quod
404 1083 463 1122 ad
484 1095 568 1122 nos
590 1084 766 1131 attinet,
789 1084 866 1135 qui
887 1084 933 1123 in
951 1085 1147 1135 collegio
1165 1095 1338 1135 sumus,
1363 1084 1634 1124 curavimus
1655 1095 1797 1134 quam

170 1153 370 1193 maxime
391 1154 626 1204 potuimus
648 1160 696 1194 ut
716 1166 973 1205 pauperum
1000 1155 1356 1195 necessitatibus
1382 1154 1428 1194 in
1456 1155 1543 1194 hac
1571 1159 1701 1194 tanta
1728 1154 1797 1193 rei

168 1223 499 1264 frumentariae
520 1224 675 1275 inopia
689 1224 845 1275 (quam
861 1236 1036 1275 omnes,
1055 1225 1194 1265 etiam
1211 1224 1392 1275 divites,
1413 1223 1679 1274 senserunt)
1694 1224 1795 1264 sub-

169 1294 421 1344 veniretur;
445 1300 515 1334 est
536 1302 692 1334 autem
708 1296 943 1345 egentium
961 1296 1035 1336 hic
1053 1296 1257 1336 maxima
1275 1295 1536 1346 multitud03
1556 1295 1657 1347 quis
1674 1295 1796 1335 enim

169 1365 344 1405 diceret
367 1371 477 1416 quot
502 1365 693 1417 viduae,
718 1373 827 1417 quot
849 1367 990 1407 etiam
1010 1367 1100 1407 viri
1129 1378 1263 1407 senes
1291 1373 1334 1406 et
1362 1366 1534 1406 infirmi
1562 1366 1800 1417 reperian—

169 1442 258 1486 tur,
283 1441 496 1487 quatuor,
520 1448 622 1487 sex,
646 1443 690 1477 et
711 1437 850 1477 etiam
871 1449 1040 1477 novem
1066 1438 1170 1477 filiis
1197 1438 1371 1487 onusti,
1402 1438 1477 1489 qui
1507 1437 1622 1477 nulli
1648 1436 1798 1476 labori

170 1507 227 1546 ob
249 1512 450 1546 aetatem
464 1507 632 1558 adhuc,
650 1514 837 1559 praeter
853 1520 993 1560 quam
1008 1509 1209 1559 panibus
1227 1508 1540 1557 absumendis,
1561 1508 1658 1559 apti
1671 1509 1798 1548 sunt?

171 1577 231 1617 L't
253 1577 308 1617 de
330 1578 486 1618 multis
505 1585 709 1629 taceam,
734 1579 901 1630 quibus
927 1579 1168 1630 provisum
1189 1585 1280 1627 est,
1312 1579 1409 1618 scio
1428 1578 1526 1630 jam
1552 1578 1799 1618 defecisset

172 1647 366 1699 familia,
400 1649 477 1688 ubi
503 1661 672 1689 novem
699 1649 931 1700 degebant
956 1661 1209 1701 personae,
1245 1649 1334 1689 nisi
1360 1648 1668 1700 eleemosynis
1696 1660 1799 1688 eam

171 1719 520 1759 curavissemus
543 1721 809 1760 sustentari.

250 1790 335 1830 His
352 1790 512 1830 diebus
530 1803 635 1831 cum
651 1791 724 1831 hic
743 1791 926 1831 adesset
943 1791 1122 1842 classiS,
1140 1790 1324 1842 Rhegii,
1344 1802 1462 1842 quae
1479 1790 1649 1830 civitas
1667 1789 1799 1830 Cala-

172 1861 300 1901 briae
321 1861 428 1901 hinc
451 1868 555 1901 octo
577 1862 850 1902 milliaribus
872 1863 1016 1912 abest,
1041 1862 1243 1914 quadam
1264 1868 1399 1902 nocte
1421 1861 1632 1912 contigit,
1656 1866 1706 1901 ut
1725 1872 1798 1900 ac-

172 1931 323 1971 censis
344 1932 629 1983 pulveribus,
653 1933 847 1983 triginta
863 1933 938 1973 vel
955 1932 1268 1984 quadraginta
1285 1932 1509 1982 homines,
1531 1932 1609 1983 qui
1626 1930 1798 1971 ibidem

172 2002 368 2049 fuerant,
394 2003 458 2042 ita
479 2003 862 2043 comburerentur
883 2010 932 2044 ut
954 2016 981 2043 a
1000 2004 1161 2055 planta
1182 2003 1312 2054 pedis
1329 2015 1474 2054 usque
1495 2003 1554 2042 ad
1575 2002 1800 2042 verticem

170 2073 336 2124 capitis
358 2073 403 2112 in
424 2073 490 2112 eis
512 2086 604 2113 non
625 2080 747 2114 esset
767 2075 959 2114 sanitas.
982 2075 1142 2126 Itaque
1158 2073 1339 2125 Rhegio
1356 2073 1622 2114 Messanam
1640 2073 1699 2113 ad
1717 2073 1796 2112 ho-

170 2144 334 2195 spitale
356 2144 548 2194 triginta
569 2156 627 2184 ex
648 2144 736 2184 illis
758 2145 884 2185 ducti
904 2145 1110 2191 fuerunt,
1135 2157 1194 2185 ex
1224 2156 1422 2196 quorum
1449 2144 1669 2184 carnibus
1692 2155 1798 2183 cum

173 2215 373 2266 undique
394 2227 578 2254 vermes
600 2216 893 2266 scaturirent,
918 2222 1074 2255 tantus
1094 2215 1199 2255 inde
1215 2215 1366 2255 foetor
1382 2215 1630 2254 emanabat
1650 2220 1699 2254 ut
1716 2225 1797 2254 eos

174 2285 293 2325 ferre
314 2285 396 2325 vix
417 2286 610 2337 quisque
627 2294 798 2336 posset;
819 2298 1015 2338 cumque
1031 2292 1281 2338 propterea
1298 2287 1491 2325 multum
1507 2291 1797 2336 paterentur,

174 2356 297 2407 quod
330 2357 543 2396 deessent
576 2357 653 2408 qui
690 2357 884 2398 libenter
918 2364 962 2397 et
996 2358 1228 2409 patienter
1258 2357 1345 2396 illis
1380 2356 1681 2406 inservirent,
1719 2367 1800 2395 eos

176 2427 221 2466 P.
245 2426 478 2467 Antonius
504 2426 511 2445 ¹
535 2427 693 2467 invisit
714 2434 852 2480 atque
874 2429 1142 2468 consolatus
1163 2434 1247 2468 est,

254 2497 453 2538 Eosdem
487 2509 574 2549 ego
605 2504 766 2550 postea
786 2511 868 2550 per
896 2499 1170 2539 concionem
1199 2499 1370 2550 populo
1399 2496 1723 2537 commendavi
1750 2503 1799 2537 ut

176 2580 265 2620 qua
286 2575 477 2620 possent
498 2569 678 2609 ratione
699 2570 764 2609 eis
786 2570 1127 2610 subveniretur.
1151 2569 1341 2609 Gratias
1363 2579 1454 2619 ago
1485 2568 1687 2608 Domino
1719 2579 1797 2607 no-

174 2647 270 2679 stro
292 2640 402 2692 Jesu
424 2639 625 2690 Christo,
650 2639 877 2692 siquidem
904 2640 1144 2680 audientes
1167 2640 1445 2680 audiverunt
1472 2646 1515 2678 et
1543 2639 1800 2689 intelligen-

175 2717 243 2749 tes
264 2711 608 2761 intellexerunt3
635 2711 711 2750 alii
737 2723 935 2762 namque
964 2711 1188 2762 gallinas,
1221 2710 1537 2750 confectiones
1565 2709 1658 2757 alii,
1688 2721 1800 2748 non-

174 2781 284 2820 nulli
315 2781 552 2831 camisias,
585 2793 764 2832 pannos
795 2782 941 2822 lineos
968 2788 1105 2833 atque
1135 2781 1356 2832 pecunias
1385 2780 1664 2819 obtulerunt:
1701 2785 1799 2819 tum

175 2863 256 2891 eos
277 2860 319 2892 et
345 2852 431 2891 viri
453 2859 496 2892 et
517 2852 747 2901 mulieres,
772 2859 815 2892 et
837 2852 942 2892 illae
970 2852 1155 2903 quidem
1183 2851 1379 2901 nobiles,
1411 2856 1540 2890 tanta
1571 2850 1800 2890 charitate

235 3010 242 3030 ¹
286 3009 316 3036 P.
335 3011 500 3037 Antonius
518 3011 638 3038 Vinck.
