1987 3260
280 167 355 204 546
795 167 1020 205 LITTERAE
1046 180 1402 212 QUADRIMESTRES

938 617 1246 686 CXXVIII

346 867 392 903 P.
415 867 673 904 Leonardus
694 868 850 906 Kessel

392 931 512 969 Patri
530 932 697 979 Ignatio
718 932 769 970 de
790 932 971 980 Loyola.

439 995 634 1042 Colonia,
655 997 700 1034 29
719 997 949 1034 Februarii
971 998 1062 1035 1552
1081 999 1105 1035 ¹.

1030 1195 1135 1282 ,JIJ-TIS

347 1393 511 1433 Gratia
533 1399 576 1433 et
597 1406 690 1445 pax
710 1393 783 1433 Χ.ἰ
812 1393 918 1434 Dni.
943 1395 1002 1434 sit
1023 1406 1203 1445 semper
1225 1395 1480 1435 nobiscum.
1505 1395 1673 1437 Amen.

347 1464 573 1503 Redisssime
594 1465 641 1504 in
661 1464 745 1504 Χ.Ο
764 1465 837 1504 Pr.

347 1535 513 1586 Quoad
537 1548 590 1575 ea
610 1548 728 1586 quae
749 1537 796 1575 in
821 1536 1078 1576 Februario
1105 1536 1325 1576 Coloniae
1347 1543 1452 1576 acta
1481 1543 1601 1588 sunt,
1627 1537 1714 1578 Dei
1736 1537 1889 1590 dispo—

264 1613 404 1646 nente
425 1607 592 1657 gratia,
618 1608 732 1646 haec
755 1613 874 1646 sunt.

348 1676 559 1727 Rogatus
586 1677 651 1717 fui
685 1689 712 1716 a
741 1677 948 1729 Regente
982 1678 1158 1718 Bursae
1185 1678 1401 1718 Cucanae
1436 1684 1483 1718 ut
1518 1679 1661 1730 ipsius
1697 1680 1882 1720 nomine

264 1748 543 1788 concionari
563 1750 730 1788 vellem
756 1749 802 1788 in
831 1749 1031 1800 quadam
1061 1749 1244 1800 publica
1272 1749 1469 1789 ecclesia
1497 1749 1733 1802 Coloniae,
1764 1751 1885 1803 quod

262 1820 351 1860 Dei
381 1822 535 1871 gratia
562 1822 756 1873 incoepi,
795 1822 1052 1862 Dominicis
1079 1828 1122 1861 et
1150 1821 1328 1860 festivis
1358 1820 1531 1861 diebus.
1570 1820 1793 1872 Magnum
1826 1834 1885 1862 ex

260 1891 333 1931 his
357 1893 657 1933 concionibus
678 1894 723 1932 in
744 1893 945 1933 Domino
966 1905 1102 1944 spero
1122 1892 1338 1942 fructum,
1369 1892 1590 1942 quoniam
1619 1892 1883 1933 auditorum

260 1974 462 2013 magnus
484 1970 552 2003 est
573 1976 806 2003 numerus.
840 1964 1104 2015 Antequam
1124 1963 1235 2003 mihi
1255 1963 1371 2002 haec
1393 1963 1562 2002 collata
1584 1969 1705 2003 esset
1727 1964 1880 2004 condi-

258 2034 337 2081 ti0‚
377 2046 597 2085 magnam
634 2035 774 2074 habui
808 2035 1103 2074 devotionem
1133 2046 1188 2073 ac
1219 2032 1497 2073 desiderium
1525 2033 1657 2073 laicis
1683 2039 1727 2073 et
1757 2046 1879 2074 com-

257 2105 385 2144 muni
418 2106 587 2156 populo
620 2105 819 2145 faciendi
852 2105 1220 2153 exhortationes;
1258 2104 1339 2143 sed
1374 2110 1520 2143 totum
1550 2103 1650 2143 Deo
1672 2105 1877 2144 commit-

257 2180 426 2215 tebam.
866 2211 878 2221 ,

334 2245 439 2285 Istis
462 2246 624 2286 diebus
644 2246 915 2286 adolescens
931 2246 1220 2286 naturalibus
1235 2246 1350 2285 bene
1368 2244 1568 2295 dotatus,
1588 2245 1696 2284 fecit
1714 2251 1875 2285 votum

255 2316 572 2356 studiosorum
607 2316 867 2357 Societatis.
903 2316 1017 2357 Sunt
1045 2323 1090 2356 et
1116 2316 1194 2356 alii
1225 2317 1381 2366 plures
1415 2315 1492 2366 qui
1520 2315 1710 2365 instant,
1749 2316 1869 2356 inter

252 2398 369 2437 quos
398 2393 466 2426 est
500 2387 618 2426 filius
652 2387 906 2437 Praetoris,
936 2387 1295 2438 Genappiensis‚
1325 2385 1597 2425 adolescens
1620 2386 1778 2436 magni
1808 2387 1872 2426 in-

249 2457 390 2507 genii.

332 2528 540 2568 Phrisius
562 2529 635 2568 ille
656 2530 683 2576 “-’,
716 2528 844 2579 cujus
872 2529 1152 2568 mentionem
1179 2527 1267 2567 feci
1293 2528 1340 2566 in
1368 2527 1532 2567 litteris
1566 2527 1612 2565 in
1645 2527 1869 2578 Januario

302 2688 311 2706 ¹
357 2688 584 2721 Autographa
600 2688 633 2714 in
648 2688 725 2714 folio
740 2688 836 2714 unico
851 2695 881 2714 n.
896 2687 955 2713 119.

300 2736 313 2753 2'
354 2735 399 2761 Ut
425 2735 512 2761 infra
534 2735 716 2767 videbitur,
741 2735 863 2768 aliquis
885 2734 938 2761 hic
961 2734 1003 2761 ad
1027 2734 1170 2767 paginae
1198 2740 1293 2760 oram
1319 2731 1466 2766 scripsit:
1491 2732 1613 2759 Enocm
1638 2732 1706 2764 (vel
1731 2731 1868 2765 Euodfi)

246 2781 308 2807 Ph.
325 2782 407 2808 deli:
432 2782 516 2814 Quid
540 2785 653 2808 autem
678 2789 737 2815 per
760 2782 853 2808 illam
876 2788 994 2808 vocem
1018 2781 1179 2807 Enoa’mn
1203 2779 1413 2814 significetur
1435 2779 1611 2806 nescimus.
1628 2778 1732 2806 Omne
1754 2782 1867 2805 tamen

247 2828 383 2854 dubium
398 2829 488 2855 circa
503 2830 589 2855 hunc
605 2829 772 2855 Phrisium
788 2830 875 2855 tollit
893 2829 1058 2855 Polancus
1073 2828 1150 2855 dum
1166 2828 1223 2854 ait:
1246 2827 1355 2854 “Duos
1376 2830 1454 2853 ante
1478 2830 1646 2853 aestatem
1667 2825 1703 2852 P.
1719 2825 1867 2852 Leonat-

246 2875 306 2901 dus
323 2875 464 2902 Romam
479 2876 580 2907 misit,
597 2876 684 2902 inter
699 2883 780 2909 quos
796 2880 869 2902 erat
885 2876 1042 2902 Andreas
1057 2875 1213 2907 Frisius.„
1232 2874 1365 2905 chron„
1381 2878 1403 2901 t.
1420 2881 1452 2907 11,
1468 2881 1545 2908 pag.
1561 2873 1622 2906 585,
1638 2881 1668 2899 n.
1684 2873 1746 2899 397.
1762 2872 1812 2899 De
1827 2880 1866 2899 eo

244 2922 294 2948 ita
310 2921 482 2954 Delplace:
501 2922 613 2949 Andre
627 2922 806 2949 Boccatius
820 2923 950 2955 (ANSKF.
965 2922 1076 2948 Bosssss
1091 2922 1296 2955 BRUYNSMA),
1310 2923 1348 2947 ne
1365 2922 1384 2947 Ξ).
1401 2920 1597 2954 lppecolsga
1611 2927 1651 2946 en
1664 2919 1862 2952 Frise,1530;

242 2968 351 2995 admis
369 2971 387 2994 a
401 2968 546 3002 Cologne
563 2976 601 2994 en
620 2969 695 3002 1552,
712 2974 798 2996 mort
816 2971 834 2995 ἐι
850 2969 1003 2996 Louvain
1019 2970 1048 2996 le
1065 2970 1076 2995 l
1094 2969 1184 2996 Aosit
1202 2969 1314 2995 1579.1.
1332 2976 1359 2994 c.
