1987 3260
269 192 340 231 708
776 193 1000 230 LITTERAE
1027 204 1382 236 QUADRIMESTRES

268 291 460 330 modum*
476 290 749 342 desperatae
771 290 905 330 simul
927 296 970 330 et
993 290 1296 341 desperantis.
1320 291 1466 330 Facta
1495 297 1562 331 est
1595 292 1782 342 insuper
1812 305 1890 333 ex-

266 361 469 401 hortatio
491 362 537 400 in
558 360 846 400 hebdomada
867 365 1029 399 sancta
1052 360 1111 399 ad
1141 371 1302 399 omnes
1328 360 1374 400 in
1404 372 1593 401 carcere
1624 363 1891 413 conclusos„

265 429 341 483 q‘ui
363 432 421 471 ad
443 430 753 471 confitendum
771 442 819 470 se
834 435 1052 481 paratum
1067 430 1122 470 iri
1138 431 1461 482 promiserunt,
1482 443 1584 472 cum
1603 432 1743 483 aliqui
1759 433 1892 482 prius

260 502 639 542 ‘exhortationem
667 506 958 551 respuerent,
990 500 1197 540 divinam
1223 501 1565 552 providentiam
1592 507 1635 542 et
1659 502 1885 554 justitiam

264 573 653 623 blasphemantes.
687 571 778 611 Eos
811 583 916 610 curn
951 571 1110 611 audire
1142 583 1235 610 non
1264 583 1530 622 possemUS‚
1564 579 1661 612 tum
1692 579 1883 624 propter

262 643 420 694 templi
440 643 588 682 nostri
610 654 790 691 curam,
824 648 919 681 tum
946 642 1083 681 etiam
1111 647 1300 692 propter
1325 642 1415 682 loci
1441 642 1884 696 incommoditatem,

263 714 442 764 egimus
463 714 585 765 quod
605 713 733 752 licuit
754 725 859 752 cum
880 712 1109 752 nobilibus
1127 712 1400 763 quibusdam
1418 719 1466 753 ut
1482 714 1571 754 illis
1586 705 1882 765 prospectum

260 784 393 824 foret.
1804 801 1806 803 ·

296 870 299 871 ⁷
338 854 551 896 Aliorum
573 866 755 906 quoque
776 855 1119 905 aegrotantium
1140 854 1262 894 domi
1283 867 1394 895 suae
1422 855 1738 896 confessiones
1759 857 1882 897 audi-

260 927 414 966 vimus
435 932 478 966 et
501 927 559 966 ad
597 925 788 965 feliciter
818 924 1113 976 migrandum
1142 938 1227 977 pro
1254 924 1343 965 Dei
1369 926 1520 976 gratia
1549 926 1882 977 disposuimus.

257 998 381 1037 Inter
402 1008 519 1048 quos
539 1009 645 1037 cum
667 997 725 1036 ad
751 996 991 1036 mulierem
1020 996 1268 1047 quamdam
1298 997 1436 1047 paulo
1468 1002 1571 1047 post
1599 996 1781 1037 Pascha
1809 1010 1881 1037 ac-

257 1068 414 1107 cersiti
431 1079 658 1117 essemus,
679 1073 917 1118 tamquam
933 1067 1310 1106 reconciliatione
1327 1067 1425 1106 sola
1442 1067 1740 1117 indigentem,
1761 1080 1879 1108 com-

255 1139 460 1189 perimus
481 1138 689 1189 generali
708 1138 862 1189 potius
883 1136 1175 1177 confessione
1197 1137 1260 1177 illi
1281 1149 1396 1188 opus
1414 1149 1538 1185 esse,
1564 1139 1752 1189 perinde
1770 1151 1824 1179 ac
1843 1141 1879 1179 si

256 1209 494 1249 Ecclesiae
517 1215 652 1249 antea
674 1209 939 1259 ignorasset
959 1208 1353 1248 consuetudinem.

336 1278 539 1331 Operam
561 1290 742 1330 quoque
769 1285 813 1318 et
841 1290 1000 1318 curam
1031 1278 1337 1330 impendimus
1366 1285 1413 1318 ut
1440 1280 1620 1329 puellae
1649 1280 1876 1331 quaedam

255 1350 571 1401 periclitantes
593 1350 638 1389 in
660 1339 907 1400 hospitalia
924 1351 998 1389 vel
1015 1350 1106 1389 alia
1122 1361 1288 1389 secura
1304 1350 1407 1389 loca
1426 1350 1743 1390 admittantur.
1765 1350 1875 1390 Nec-

254 1433 347 1462 non
368 1426 416 1460 ut
437 1421 736 1460 mulierculae
758 1432 783 1460 a
806 1420 1076 1471 captivitate
1098 1425 1177 1460 aut
1198 1421 1553 1460 conversatione
1584 1422 1706 1460 mala
1735 1421 1879 1461 homi-

252 1503 384 1541 num,
417 1504 509 1531 non
537 1497 632 1531 tam
659 1503 901 1531 sacrorum
929 1503 1066 1542 quam
1094 1491 1485 1540 execrandorum‚
1517 1491 1782 1531 liberentur.
1820 1492 1878 1531 Et

248 1562 344 1613 J'am
366 1562 588 1602 liberatae
610 1568 715 1601 sunt
737 1562 894 1601 divino
917 1561 1089 1601 auxilio
1110 1562 1372 1601 nonnullae.

334 1633 576 1672 Hebraeus
591 1644 673 1683 per
689 1644 776 1672 nos
796 1632 1128 1672 catechismum
1146 1632 1340 1683 adeptus
1359 1633 1562 1683 suscepit
1579 1633 1873 1684 baptismum.

254 1703 506 1744 Confessus
528 1709 595 1743 est
619 1703 750 1753 alius,
771 1703 861 1754 qui,
882 1709 988 1742 ante
1006 1703 1241 1742 sexdecim
1258 1715 1406 1742 annos
1424 1715 1450 1742 a
1466 1700 1611 1743 turcis
1629 1710 1814 1754 captus,
1834 1711 1877 1743 et

251 1774 424 1814 Christi
443 1774 578 1814 fidem
597 1775 832 1824 abnegare
849 1774 1134 1824 compulsus,
1159 1774 1276 1813 inter
1293 1785 1371 1813 eos
1392 1774 1599 1820 vixerat,
1624 1785 1769 1814 uxore
1790 1775 1874 1814 sibi

251 1847 390 1886 ducta
408 1851 451 1885 et
467 1845 625 1885 liberis
642 1845 886 1896 susceptis,
911 1856 1026 1895 quos
1044 1857 1202 1884 omnes
1219 1856 1365 1895 nuper
1381 1844 1606 1884 Venetias
1625 1844 1812 1885 advexit
1830 1852 1874 1885 et

251 1916 556 1967 baptizandos
584 1915 782 1955 curavit.

328 1985 430 2026 Non
467 1986 543 2026 diu
578 1993 647 2026 est
683 1997 787 2025 cum
813 1986 902 2025 huc
934 1987 1208 2037 appulerunt
1238 1986 1356 2025 duae
1389 1997 1535 2025 naves
1564 1992 1802 2026 turcarum
1829 1993 1872 2026 et

248 2069 515 2097 maurorum
537 2057 774 2108 propriae,
799 2068 993 2107 quorum
1014 2068 1107 2095 non
1126 2056 1263 2107 pauci
1284 2055 1419 2095 fidem
1441 2061 1484 2095 et
1499 2056 1779 2107 baptismum
1801 2068 1869 2097 as-

249 2129 430 2179 sequuti
451 2134 580 2177 sunt;
604 2135 647 2167 et
669 2127 898 2177 renegati‚
922 2134 969 2166 ut
991 2132 1182 2175 vocant,
1206 2126 1380 2178 aliquot
1407 2127 1644 2166 Ecclesiae
1665 2128 1869 2167 reconci-

247 2199 345 2238 liati
367 2205 486 2246 sunt3
512 2210 602 2250 qua
623 2199 669 2237 in
696 2210 745 2238 re
771 2198 943 2249 placuit
975 2197 1265 2237 misericordi
1291 2197 1390 2237 Deo
1417 2197 1603 2237 Domini
1632 2198 1869 2238 Antistitis

248 2270 525 2309 charitatem
547 2276 590 2309 et
611 2268 901 2319 diligentiam
929 2279 1170 2317 exercere,
1204 2268 1370 2319 quippe
1397 2280 1534 2318 quem
1561 2269 1764 2308 omnium
1789 2269 1867 2308 hu-

244 2340 446 2391 jusmodi
468 2351 659 2391 operum
678 2339 864 2390 pietatis
885 2338 1145 2378 ministrum
1166 2338 1349 2378 videtur
1371 2338 1456 2378 sibi
1483 2340 1693 2389 elegisse.
1724 2338 1867 2379 Nobis

249 2421 430 2462 quoque
452 2410 655 2461 aliquam
676 2408 811 2460 hujus
831 2409 1006 2460 negotii
1025 2414 1205 2460 partem
1225 2409 1387 2459 largiri
1404 2409 1621 2459 dignatus
1638 2416 1708 2449 est
1725 2421 1864 2460 opera

248 2481 524 2531 praesertim
543 2487 678 2520 utens
698 2480 891 2532 Joannis
912 2479 1147 2530 Baptistae
1168 2479 1336 2528 nostri,
1360 2490 1530 2529 genere
1552 2480 1761 2530 hebraei,
1794 2481 1865 2520 cui

247 2552 447 2602 plurium
468 2551 731 2601 linguarum
753 2556 1051 2590 externarum
1071 2550 1237 2600 peritia
1267 2550 1484 2590 nonnulla
1513 2550 1570 2589 ad
1600 2550 1687 2590 hoc
1715 2550 1864 2590 confe—

246 2621 391 2661 rebat.

323 2692 525 2744 Juvenes
545 2693 750 2743 plerique
772 2692 890 2731 inter
911 2692 1184 2742 discipulos,
1215 2697 1258 2731 et
1280 2691 1357 2731 alii
1383 2703 1582 2742 quoque,
1613 2703 1794 2731 morum
1821 2699 1862 2731 et

246 2761 523 2802 conditionis
557 2763 785 2813 qualitate
824 2762 937 2802 satis
975 2761 1230 2801 laudabiles
1250 2794 1257 2812 ,
1305 2762 1539 2813 peculiare
1585 2762 1863 2802 desiderium

244 2831 489 2872 ostendunt
524 2833 791 2872 subeundae
825 2832 960 2883 hujus
992 2832 1251 2872 Societatis.
1282 2831 1426 2872 Nobis
1455 2838 1609 2872 tamen
1639 2832 1867 2872 hactenus

244 2900 395 2940 visum
416 2907 484 2941 est
504 2906 744 2952 prae-stare
765 2908 814 2942 ut
835 2902 948 2942 foris
974 2902 1126 2953 potius
1154 2913 1293 2953 quam
1321 2902 1443 2942 domi
1471 2903 1673 2952 genuina
1701 2914 1866 2945 eorum

242 2981 373 3009 mens
394 2966 438 3010 e't
463 2972 725 3011 constantia
748 2973 982 3023 probetur.
