1987 3260
218 175 288 211 :328
731 174 955 209 LlrrERAF.
982 184 1336 216 QUADMMESTRES

221 270 441 320 ignaviae
464 270 638 309 conscii
663 280 841 319 sumus,
865 269 989 308 nullo
1011 274 1166 308 tamen
1182 267 1333 319 justae
1356 280 1580 309 censurae
1602 276 1680 310 aut
1701 271 1842 321 pudo-

219 341 283 381 ris
303 346 426 380 metu
449 340 789 392 praescriptum
811 339 1042 378 scribendi
1062 350 1239 378 morem
1258 339 1696 391 praetermittemus,
1716 341 1841 392 quod

220 424 312 450 non
333 418 429 451 tam
450 411 568 451 foret
600 411 782 461 culpam
812 410 1035 449 leviorem
1065 409 1258 449 reddere
1288 421 1426 460 quam
1455 410 1610 449 multis
1630 412 1842 461 partibus

219 483 489 533 graviorem
519 494 572 521 ac
602 492 745 532 prope
779 480 1106 531 inexpiabilem
1142 481 1397 531 praestare.
1430 479 1531 520 Hoc
1562 486 1686 520 certe
1721 493 1842 521 com-

221 552 347 592 modi
369 565 426 592 ex
449 553 653 603 ipsarum
676 551 898 590 tenuitate
920 562 1075 590 rerum
1095 550 1355 602 legentibus
1373 550 1578 600 accedet,
1598 551 1720 601 quod
1740 563 1843 602 pro-

220 623 313 662 lixa
349 635 427 662 eos
461 622 729 661 narratione
762 633 855 660 non
890 621 1216 671 detinebimus,
1249 628 1297 660 ut
1332 621 1435 661 aliis
1475 621 1722 672 contingit,
1765 622 1844 673 qui

221 694 295 732 vel
315 694 447 743 plura
481 693 665 732 divinae
695 692 876 742 gratiae
905 692 1081 732 talenta
1112 692 1263 731 sortiti
1293 697 1419 741 sunt,
1449 692 1526 730 vel
1553 692 1599 731 in
1629 691 1841 743 multipli-

219 763 384 803 candis
415 763 604 814 paribus
632 768 709 802 aut
737 763 876 802 etiam
909 762 1207 814 paucioribus
1237 762 1441 813 acceptis
1474 761 1640 812 majori
1670 761 1841 812 studio,

218 834 396 883 labore,
422 833 659 883 diligentia
683 839 820 884 atque
851 832 1079 872 industria
1109 833 1364 872 elaborant.
1390 832 1567 872 Verum
1597 838 1641 872 et
1671 832 1709 871 si
1738 843 1842 883 gra-

218 904 308 944 tiae
332 916 415 943 nos
446 904 532 943 Dei
563 915 646 953 pro
674 904 846 954 ingrati
876 903 1017 943 animi
1044 904 1236 943 crimine
1265 904 1340 943 vel
1368 903 1654 954 negligentia
1681 909 1844 942 nostra

219 975 416 1014 multum
446 974 645 1014 defuisse
674 975 862 1025 scimus,
892 974 1114 1025 fatemur,
1145 974 1485 1023 erubescimus,
1519 973 1842 1025 deprecamur:

221 1044 427 1095 ersdem
449 1051 604 1085 tamen
625 1045 713 1085 Dei
733 1045 1067 1096 benignitatem
1096 1045 1276 1095 experti
1303 1056 1462 1084 sumus
1492 1056 1640 1095 neque
1667 1044 1844 1094 gloriae

220 1128 331 1155 suae
360 1128 509 1167 neque
542 1117 864 1168 proximorum
891 1117 1078 1156 utilitati
1105 1116 1306 1156 defuisse
1340 1127 1543 1167 unquam
1575 1121 1653 1155 aut
1684 1115 1846 1155 deesse

217 1198 375 1237 posse,
401 1188 646 1238 quominus
667 1194 911 1239 utramque
934 1200 1016 1239 per
1036 1188 1274 1227 ministros
1297 1187 1634 1239 quantumlibet
1663 1186 1847 1237 ineptos

217 1264 441 1308 perpetuo
473 1257 481 1276 ¹
511 1259 758 1309 adaugeat.
789 1258 857 1298 Ne
883 1257 1023 1309 igitur
1055 1259 1217 1310 culpae
1246 1266 1435 1298 nostrae
1465 1257 1770 1297 dissimulatio
1798 1257 1844 1296 in

219 1328 405 1368 divinae
424 1329 575 1369 laudis
596 1329 729 1369 cedat
758 1328 1094 1381 praejudicium
1121 1335 1200 1368 aut
1228 1329 1594 1379 derogationem,
1624 1327 1843 1379 quidquid

218 1400 275 1439 ad
297 1400 417 1439 hanc
440 1407 483 1440 et
505 1401 562 1440 ad
583 1401 709 1440 illam
730 1407 923 1452 spectat,
948 1400 1286 1451 dispiciendum
1304 1399 1741 1450 dijudicandumque
1758 1398 1846 1437 illis

218 1483 555 1522 proponemus,
596 1484 622 1511 a
657 1472 822 1523 quibus
856 1472 991 1522 argui
1019 1477 1156 1523 atque
1184 1471 1420 1511 emendari
1451 1481 1712 1521 possumus,
1746 1481 1844 1520 pre-

221 1554 402 1593 camur,
428 1543 717 1582 confidimus.

300 1613 506 1653 Primum
536 1625 647 1653 sane
674 1614 808 1653 nobis
836 1598 1123 1664 compertum
1147 1618 1238 1662 est,
1271 1612 1358 1651 Dei
1384 1611 1607 1651 beneficio
1635 1622 1727 1650 non
1749 1612 1843 1650 vul-

221 1685 325 1735 gari
345 1685 615 1724 universum
636 1684 819 1735 collegii
834 1683 847 1702 ‘³
864 1682 998 1734 hujus
1014 1694 1281 1723 successum
1303 1683 1348 1722 in
1370 1683 1468 1722 dies
1488 1682 1587 1722 fieri
1607 1682 1845 1721 meliorem

223 1762 266 1796 ct
287 1756 561 1807 praesertim
582 1755 628 1794 in
649 1755 812 1806 paucis
839 1760 945 1794 ante
971 1754 1205 1794 mensibus
1226 1765 1399 1793 novam
1421 1752 1669 1804 quamdam
1690 1763 1846 1791 rerum

228 1827 434 1866 omnium
453 1825 651 1866 formam
678 1826 832 1877 priore
861 1826 1000 1876 longe
1026 1824 1338 1876 pulchriorem
1367 1823 1845 1875 praestantioremque

225 1898 486 1937 advenisse.
518 1897 655 1947 Nam,
689 1902 737 1935 ut
771 1897 1003 1935 internum
1038 1907 1093 1935 ac
1127 1895 1444 1944 domesticum,
1471 1894 1642 1933 cumin
1678 1893 1846 1933 litteris

227 1976 322 2008 tum
345 1969 390 2007 in
412 1968 598 2019 pietatis
617 1967 926 2018 propriaeque
953 1965 1240 2017 frangendae
1261 1965 1557 2015 funditusque
1588 1964 1842 2015 exstirpan-

224 2040 309 2079 dae
322 2039 576 2078 voluntatis
589 2038 757 2087 studio,
773 2043 1102 2088 augescentem
1114 2036 1200 2076 Dei
1211 2035 1496 2086 benignitate
1508 2034 1766 2086 profectum
1779 2040 1842 2074 ta-

229 2121 430 2159 ceamus,
455 2121 513 2149 ex
534 2121 623 2160 quo
645 2109 791 2157 nobis,
813 2109 871 2148 ad
889 2107 1117 2159 aptandas
1134 2107 1332 2156 scholas,
1357 2118 1383 2145 a
1400 2106 1600 2145 Domino
1621 2105 1844 2145 Antistite

227 2188 386 2220 nostro
409 2180 422 2198 ⁵
442 2181 583 2232 ampli
613 2179 854 2230 cujusdam
875 2178 1131 2219 ambulacri
1161 2177 1284 2217 facta
1309 2184 1376 2217 est
1394 2177 1543 2227 copia,
1561 2182 1751 2228 repente
1769 2189 1843 2216 ex—

231 2252 377 2291 crevit
395 2252 726 2302 discipulorum
744 2261 964 2290 numerus
984 2249 1283 2289 vehementer
1299 2247 1326 2296 ⁴²,
1347 2259 1482 2299 quem
1500 2259 1635 2287 nemo
1651 2259 1744 2286 non
1765 2247 1844 2285 mi-

225 2329 368 2372 ratur,
393 2334 447 2362 ac
465 2334 544 2373 spe
563 2328 698 2361 antea
720 2326 946 2371 concepta
964 2320 1105 2360 multo
1122 2318 1348 2370 majorem
1368 2318 1653 2358 attestabunt
1674 2318 1751 2368 qui
1772 2329 1840 2356 ra-

223 2394 395 2432 tionem
413 2393 501 2432 loci
518 2392 719 2431 habeant
738 2392 784 2430 in
806 2392 1027 2442 angulum
1044 2390 1289 2441 quemdam
1307 2389 1510 2429 civitatis
1531 2388 1713 2437 retrusi,
1737 2388 1844 2427 licet

224 2463 395 2515 alioqui
425 2469 520 2502 tum
548 2463 606 2502 ad
634 2463 755 2502 aeris
784 2462 1103 2501 salubritatem
1131 2472 1234 2500 cum
1262 2460 1321 2500 ad
1351 2459 1551 2511 quietem
1584 2458 1843 2498 studiorum

224 2546 366 2585 prope
388 2533 651 2584 singularis.
675 2533 796 2572 Inter
818 2532 1069 2582 discipulos
1089 2531 1265 2582 aliquot
1281 2529 1376 2581 jam
1404 2529 1633 2569 ventitant
1653 2529 1843 2579 patritio

280 2645 289 2663 ¹
330 2645 495 2671 continuo
509 2643 693 2677 scripserat
708 2642 848 2670 Cancer.

278 2692 290 2710 Ξ
328 2692 402 2718 Ioci.
420 2691 560 2718 Cancer.

277 2739 289 2757 5
328 2739 457 2766 Cancer
471 2739 613 2765 dixerat:
628 2746 646 2764 a
663 2737 812 2764 Domino
824 2741 995 2771 pensitam
1013 2737 1089 2763 Esto
1105 2738 1221 2763 nostro
1236 2736 1462 2768 AIecaenates
1476 2735 1533 2761 sed
1556 2735 1607 2761 his
1628 2734 1748 2761 deletis
1763 2735 1843 2760 scri—

227 2786 290 2818 psit
307 2785 481 2812 Polancus:
500 2794 518 2812 [ι
534 2785 683 2812 Domino
698 2785 831 2811 Priore.
854 2784 989 2811 Delevit
1016 2789 1129 2811 tamen
1152 2784 1222 2817 ipse
1246 2790 1365 2810 vocem
1389 2782 1524 2813 Priore,
1546 2782 1641 2815 eique
1666 2781 1842 2808 substituit

227 2833 298 2859 has:
316 2833 482 2859 Antislite
500 2835 627 2865 nostro,
641 2839 767 2858 memor
782 2832 938 2858 fortassis
952 2832 1113 2864 Joannem
1131 2831 1262 2858 Cancer
1277 2831 1308 2856 in
1324 2830 1375 2857 his
1390 2829 1470 2863 ipsis
1485 2829 1612 2856 litteris
1629 2829 1678 2855 ita
1693 2828 1838 2862 saepius,

227 2886 260 2905 ut
277 2879 363 2905 infra
379 2880 558 2911 videbitur,
575 2880 727 2906 Priorem
742 2879 930 2909 Trinitatis,
946 2879 1120 2905 Andream
1135 2878 1373 2911 Lipomanum,
1390 2876 1574 2910 appellare.

279 2927 292 2945 4
331 2925 395 2952 Ubi
413 2926 576 2952 Polancus
592 2926 728 2959 scripsit
743 2925 980 2956 veliementer,
1004 2924 1132 2952 Cancer
1156 2924 1340 2957 scripserat
1365 2923 1495 2957 utjanz
1517 2922 1761 2949 centenarium
1786 2928 1842 2947 cx-

226 2973 337 2999 cedat.
