1987 3260
293 202 363 239 ⁶184
803 201 1028 236 LITTERAE
1055 210 1412 242 QUADRIMESTRES

291 303 408 347 rent,
434 309 525 336 non
542 296 677 337 modo
705 297 933 336 secundas
961 295 1019 334 ad
1040 308 1113 335 me
1140 296 1318 335 litteras
1345 296 1534 346 dedere,
1559 297 1724 347 quibus
1751 303 1800 336 ut
1827 297 1913 337 iter

292 374 471 407 mature
493 367 730 418 ingrediar
752 366 1037 406 contendunt
1058 366 1274 416 maxime,
1298 366 1380 406 sed
1401 367 1540 406 etiam
1561 366 1619 406 ad
1642 366 1913 407 Pontificem

293 438 564 488 Maximum,
589 438 648 477 acl
676 437 972 477 Cardinalem
1002 436 1265 487 Mapheum,
1297 443 1341 476 et
1370 437 1429 476 ad
1456 437 1504 476 P.
1536 437 1587 477 T.
1625 437 1913 488 scripserunt

290 514 340 548 ut
358 508 515 559 jussus
532 508 842 558 Argentinam
859 507 1083 546 amandes
1106 518 1335 558 agamque
1361 508 1751 547 concionatorem.
1779 507 1911 548 Nunc

290 590 345 617 ea
368 583 594 628 concepta
617 583 684 616 est
714 576 1000 627 exspectatio
1022 575 1119 615 fore
1150 582 1203 616 ut'
1225 577 1283 616 ad
1310 577 1573 627 proximam
1601 576 1691 616 illis
1718 576 1910 628 quadra-

288 648 518 699 gesimam
553 647 715 687 adsim.
754 646 895 686 Novit
931 652 1085 686 autem
1115 646 1343 686 Dominus
1374 652 1659 698 quantopere
1690 648 1749 687 sit
1780 659 1908 699 opus,

291 730 397 759 cum
418 719 464 757 in
485 719 588 757 aliis
615 717 896 757 Germaniae
919 717 1114 768 oppidiS,
1140 723 1237 757 tum
1264 718 1309 756 in
1331 717 1419 757 hac
1446 718 1824 768 praeclarissima
1853 719 1910 757 ci-

289 790 449 839 vitate,
488 801 619 839 opus,
649 789 852 839 inquam,
883 787 1120 827 fidissimis
1147 788 1234 827 Dei
1262 788 1411 827 servis
1442 794 1486 827 et
1516 789 1756 839 operariis.
1792 788 1910 828 Nam

288 859 549 909 Argentina
566 860 692 898 velut
709 859 956 898 haeresum
978 864 1303 909 sectarumque
1320 859 1550 898 sentinam
1566 859 1768 909 collegit,
1788 865 1910 910 post-

288 941 427 981 quam
460 930 552 970 illic
582 931 709 969 velut
742 930 788 968 in
816 941 924 969 arce
954 935 1210 979 regnarunt
1240 929 1304 968 illi
1330 930 1617 980 pestilentes,
1646 941 1732 969 nec
1760 929 1911 969 minus

287 1002 568 1051 eloquentes,
594 1000 816 1050 Bucerus‚
841 999 1025 1050 Capito,
1056 998 1300 1049 Sturmius,
1325 999 1520 1049 Hedion,
1552 999 1815 1051 similesque
1836 1012 1909 1051 pe-

287 1076 394 1110 stes.
416 1070 516 1120 Quo
534 1070 684 1120 magis
701 1069 935 1110 Christum
950 1070 1133 1120 precari
1147 1081 1232 1121 par
1247 1075 1315 1109 est
1332 1075 1381 1109 ut
1399 1070 1458 1109 ad
1474 1081 1674 1110 messem
1692 1070 1819 1110 illam
1834 1071 1911 1110 vel

286 1142 503 1180 meliores
521 1152 660 1192 quam
681 1152 769 1192 ego
790 1152 893 1180 sum
916 1152 969 1180 ac
988 1152 1090 1180 esse
1111 1141 1287 1191 possim
1314 1140 1466 1180 mittat
1488 1141 1742 1192 operarios,
1776 1142 1850 1181 vel
1871 1142 1909 1181 si

286 1212 577 1251 obedientiae
595 1211 670 1263 jus
691 1213 783 1251 tale
804 1211 913 1262 quid
935 1223 961 1250 a
982 1223 1054 1250 me
1076 1212 1290 1261 postulet,
1315 1222 1399 1250 sua
1422 1211 1519 1262 ipse
1540 1211 1710 1262 gratia,
1734 1212 1812 1263 qui
1833 1212 1907 1252 do-

285 1282 436 1322 minus
458 1288 526 1322 est
547 1283 712 1322 messis
729 1313 735 1332 ,
756 1282 967 1333 suppleat
985 1282 1107 1333 quod
1125 1281 1182 1321 ad
1199 1281 1493 1332 provinciam
1509 1293 1611 1321 eam
1627 1282 1714 1321 rite
1736 1282 1908 1322 obeun-

287 1352 395 1392 dam
416 1353 463 1392 in
484 1364 556 1392 me
578 1352 701 1392 omni
733 1352 917 1403 quidem
938 1364 995 1391 ex
1025 1358 1156 1403 parte
1184 1351 1488 1391 desideratur.
1518 1352 1672 1403 Atque
1698 1352 1770 1392 his
1796 1364 1908 1392 sane

287 1422 478 1463 Patrum
497 1429 540 1462 et
556 1423 773 1463 Fratrum
788 1435 880 1462 non
900 1422 1140 1462 defuturas
1157 1423 1270 1462 mihi
1285 1434 1449 1474 preces
1466 1429 1590 1474 puto,
1613 1434 1727 1474 quas
1746 1422 1907 1463 arden-

284 1500 354 1533 ter
376 1494 562 1545 quidem
584 1505 836 1545 numquam
856 1505 948 1533 non
980 1499 1159 1544 expeto.
1192 1494 1229 1533 E
1252 1493 1416 1543 quibus
1449 1505 1588 1545 saepe
1614 1494 1679 1533 ita
1705 1494 1909 1546 pendere

282 1564 447 1603 videor
470 1564 581 1604 mihi
597 1570 645 1604 ut
665 1564 842 1604 firmius
865 1565 911 1603 in
933 1564 1069 1604 terris
1090 1563 1372 1614 praesidium
1394 1575 1488 1603 non
1508 1565 1757 1615 requiram.

360 1635 493 1675 Nunc
513 1635 784 1686 priusquam
805 1635 1049 1674 absolvam
1077 1635 1246 1684 omnia,
1276 1634 1462 1675 Christo
1491 1635 1670 1685 gratias
1700 1636 1908 1686 agendas

283 1705 483 1756 primum
505 1705 706 1745 arbitror
728 1706 864 1756 quod,
889 1705 1008 1744 sicut
1030 1705 1076 1744 in
1102 1704 1205 1744 aliis
1229 1704 1473 1744 christiani
1501 1705 1626 1745 orbis
1651 1706 1908 1757 provinciis

283 1776 459 1815 factum
480 1782 565 1825 est,
589 1776 656 1815 sic
677 1776 817 1815 etiam
839 1776 894 1815 de
917 1775 1171 1815 Germania
1193 1781 1355 1814 nostra
1376 1776 1508 1815 brevi
1531 1776 1629 1816 fore
1650 1777 1905 1827 promittat3

282 1847 499 1886 nimirum
521 1853 569 1886 ut
590 1847 733 1886 variis
756 1847 802 1886 in
824 1846 936 1886 locis
958 1852 1196 1885 exstructa
1219 1846 1295 1885 hic
1317 1846 1514 1897 collegia
1541 1846 1807 1899 videamus,
1830 1848 1905 1888 ubi

280 1923 445 1956 contra
481 1916 586 1956 fidei
622 1917 779 1956 hostes
814 1917 1039 1956 invictum
1073 1916 1182 1968 Jesu
1214 1927 1383 1956 nomen
1411 1915 1600 1967 ejusque
1643 1918 1907 1958 sodalitium

278 1988 415 2037 longe
437 1987 623 2038 lateque
643 1987 953 2038 resplendeat.

355 2057 425 2097 De
446 2057 703 2097 Viennensi
727 2058 933 2108 Collegio
955 2058 1110 2097 dicere
1132 2057 1412 2107 supersedeo
1446 2057 1567 2108 quod
1594 2058 1690 2109 Jam
1719 2059 1903 2110 optimis

276 2140 456 2179 quoque
477 2129 786 2179 proventibus
807 2128 1016 2168 dotatum
1038 2133 1121 2167 est.
1147 2127 1409 2168 Praecessit
1438 2128 1539 2168 Rex
1569 2128 1899 2170 Romanorum.

273 2198 409 2238 Hunc
431 2199 560 2249 sequi
582 2198 747 2239 ducem
768 2200 931 2239 volunt
953 2199 1191 2239 Electores
1225 2198 1315 2238 duo
1344 2199 1546 2250 imperii,
1579 2200 1900 2252 Archiepisco-

272 2280 357 2319 pus
378 2269 679 2319 Moguntinus
701 2276 745 2309 et
766 2269 1074 2309 TrevirensiS.
1098 2269 1342 2309 Accedunt
1363 2269 1469 2309 dein
1491 2270 1580 2309 duo
1604 2270 1827 2311 Germani
1856 2278 1900 2311 et

272 2339 359 2389 ipsi
380 2339 618 2390 Episcopi,
644 2339 1014 2379 Constantiensis
1047 2345 1090 2379 et
1117 2339 1450 2390 Eystettensis,
1483 2341 1561 2391 qui
1589 2353 1694 2381 cum
1720 2342 1901 2392 regium

273 2410 509 2449 intuentur
530 2411 809 2461 exemplum,
830 2417 873 2450 et
895 2411 990 2450 suis
1011 2416 1309 2461 prospectum
1331 2416 1522 2450 eatenus
1543 2413 1718 2461 volunt,
1739 2412 1794 2452 de
1810 2414 1899 2452 col-

273 2480 406 2530 legiis
427 2479 674 2520 Societatis
701 2481 997 2520 instituendis
1025 2487 1231 2520 tractare
1259 2489 1526 2532 coeperunt.
1561 2481 1661 2532 Qua
1690 2482 1745 2522 de
1771 2495 1820 2523 re
1850 2490 1898 2523 ut

270 2556 466 2590 conatus
488 2551 674 2591 illorum
690 2552 777 2591 rite
795 2552 1064 2602 succedant,
1086 2551 1264 2602 illisque
1281 2550 1429 2601 major
1447 2560 1721 2592 exerceatur
1737 2560 1898 2594 nostra

269 2620 493 2671 charitas,
524 2621 602 2660 ubi
628 2623 792 2672 procul
824 2622 962 2661 dubio
992 2621 1138 2672 major
1171 2633 1272 2661 sese
1294 2621 1430 2661 offert
1460 2623 1735 2673 necessitas,
1770 2624 1896 2664 Chri—

267 2697 389 2731 stum
410 2692 575 2731 merito
597 2693 891 2743 precabimur
916 2699 963 2732 ut
994 2691 1242 2732 Societatis
1272 2704 1396 2731 nova
1426 2693 1568 2732 veluti
1594 2694 1696 2733 luce
1727 2694 1897 2735 densas

269 2762 406 2811 pellat
432 2762 668 2812 tenebras,
708 2774 826 2813 quae
856 2762 1160 2802 Germaniam
1191 2774 1397 2812 omnem,
1430 2768 1478 2802 ut
1509 2765 1682 2803 nullam
1710 2766 1895 2815 provin-

266 2832 388 2871 ciam
409 2831 713 2872 christianam
736 2833 889 2882 aliam,
916 2833 1243 2872 obscuravere.

346 2901 447 2941 Lux
468 2913 580 2940 vera
603 2902 815 2942 Christus
847 2914 932 2942 nos
963 2902 1182 2953 respiciat
1211 2903 1499 2954 illustretque
1528 2916 1710 2956 semper
1739 2906 1893 2955 gratia

267 2980 368 3010 sua.
391 2970 557 3010 Amen.
