1987 3260
862 163 942 200 ΑΝ.
975 163 1063 201 1501
1705 165 1772 202 29t

147 258 361 310 praeside
383 269 467 298 suo
489 263 786 309 testarentur,
811 260 847 299 si
870 259 915 299 id
937 270 1077 309 agere
1097 265 1365 309 pergerent,
1394 258 1541 308 Prior,
1572 260 1644 300 vir
1672 273 1777 312 pru-

149 329 263 369 dens
283 340 337 369 ac
359 329 547 380 probus,
571 329 683 369 nihil
705 330 760 369 de
782 341 831 369 se
853 330 1043 380 veritus,
1067 340 1231 369 verum
1253 331 1487 369 communi
1516 332 1778 370 consultum

149 401 311 440 volens
337 399 527 439 Patrum
554 411 745 440 suorum
772 401 1102 449 emolumento,
1133 400 1269 440 enixe
1298 400 1348 440 Ρ.
1380 400 1677 440 Villanovam
1708 409 1779 441 est

149 477 366 522 precatus
387 477 435 510 ut
457 471 515 510 ad
537 483 671 511 suum
698 472 971 512 coenobium
996 470 1004 490 ¹
1032 478 1160 511 recta
1181 478 1417 522 pergeret,
1449 472 1676 522 omnibus,
1701 473 1777 523 qui

150 542 333 582 fuerant
353 542 531 592 reliqui,
556 543 921 582 exercitamenta
945 542 1205 594 spiritualia
1235 542 1550 593 praebiturus,
1583 555 1640 582 ne
1671 542 1777 594 quid

149 613 325 652 interea
356 612 553 652 daemon
585 614 800 653 misceret
835 614 1098 663 turbarum,
1137 624 1255 664 quae
1289 624 1388 652 rem
1423 613 1629 652 omnium
1665 613 1769 664 opti·

149 695 274 723 mam
294 682 624 723 disturbarent.
649 683 795 723 Oratu
817 683 915 734 ejus
942 683 1102 731 flexuS,
1127 683 1186 723 ad
1206 694 1286 723 eos
1315 689 1383 723 est
1411 682 1668 734 profectus,
1703 684 1786 729 ubi

148 754 317 805 viginti
338 754 523 793 circiter
545 754 644 794 dies
665 761 1001 804 commoratus,
1027 753 1285 793 incredibili
1306 765 1422 805 pene
1443 766 1605 794 eorum
1630 754 1777 805 profe-

149 832 225 864 ctu
246 831 290 864 et
311 831 579 864 exterorum
600 826 814 876 exemplo
833 824 890 865 ad
907 836 992 865 nos
1009 824 1158 864 rediit.
1179 825 1388 865 Priorem
1404 837 1516 865 vero
1534 825 1651 865 adeo
1669 825 1781 865 facti

148 907 240 935 non
256 895 498 946 poenituit,
519 901 567 934 ut
584 896 739 945 palam
754 895 915 935 fecerit
934 895 1163 946 omnibus,
1183 901 1279 935 tam
1299 895 1464 935 litteris
1487 907 1627 947 quam
1647 907 1778 947 prae-

147 966 318 1016 sentia,
343 978 392 1006 se
414 966 487 1006 hic
510 965 651 1006 fuisse
673 967 957 1006 christianae
985 967 1259 1007 rudimentis
1288 966 1609 1018 philosophiae
1639 967 1789 1012 imbri,

149 1045 259 1077 tum.
285 1036 409 1077 Misit
430 1038 676 1077 nonnullos
696 1043 860 1088 postea
888 1049 946 1077 ex
975 1038 1137 1077 amicis
1166 1049 1221 1077 ac
1248 1037 1626 1077 familiarissimis
1653 1049 1781 1077 exer-

149 1107 342 1159 cendos3
365 1115 409 1148 et
430 1108 552 1159 quod
574 1109 619 1147 in
636 1108 726 1147 alio
749 1114 870 1148 esset
891 1109 1200 1148 admiratione
1221 1108 1569 1159 dignissimum,
1594 1109 1782 1160 promit-

149 1179 201 1218 tit
222 1179 453 1219 neminem
476 1179 521 1218 in
544 1189 678 1218 suum
699 1179 965 1219 sodalitium
993 1179 1306 1219 admissurum
1335 1191 1384 1218 se
1415 1191 1641 1230 unquam,
1675 1180 1786 1230 quin

149 1257 286 1289 antea
306 1249 380 1289 hic
402 1249 635 1289 exercitus
656 1261 828 1300 magna
854 1261 959 1290 cum
980 1251 1255 1301 probatione
1276 1250 1434 1300 fuerit;
1460 1250 1583 1301 quod
1613 1257 1656 1290 et
1684 1250 1785 1290 fieri

144 1320 241 1371 jam
262 1320 319 1359 ab
340 1331 394 1359 eo
423 1320 589 1371 coepit.
619 1318 829 1359 Nobilem
856 1320 978 1360 enim
1009 1321 1373 1370 adolescentem,
1403 1321 1480 1371 qui
1508 1321 1784 1371 religionem

147 1390 329 1441 ingredi
350 1391 496 1440 ardet,
520 1390 697 1430 interea
719 1397 982 1436 remoratur
1003 1391 1113 1430 dum
1134 1391 1499 1431 exercitamenta
1521 1392 1783 1442 spiritualia

148 1462 339 1502 imbibit.
370 1461 471 1500 Hoc
499 1461 637 1500 modo
660 1461 836 1501 ambire
860 1468 905 1501 et
925 1468 1124 1511 tentare,
1155 1462 1279 1501 omni
1300 1463 1513 1501 revoluto
1534 1461 1702 1513 lapide,
1736 1473 1811 1501 se«

148 1533 211 1572 ait
233 1538 282 1572 ut
304 1544 496 1583 praeses
523 1533 787 1583 caeterique
809 1533 880 1572 sui
902 1532 1079 1572 ordinis
1102 1538 1260 1583 patres
1281 1533 1446 1572 iisdem
1467 1533 1785 1584 spiritualibus

149 1603 293 1643 armis
313 1603 596 1643 muniantur.
623 1603 740 1643 Cum
760 1615 840 1655 per
869 1603 1039 1654 oppida
1067 1615 1150 1643 suo
1178 1604 1463 1643 monasterio
1490 1604 1646 1643 vicina
1678 1615 1785 1644 con-

149 1675 334 1715 cionum
369 1686 513 1714 causa
545 1681 765 1725 vagatur,
802 1675 1126 1714 sacerdotibus
1156 1674 1319 1714 suadet
1350 1681 1399 1714 ut
1432 1675 1523 1714 huc
1557 1675 1778 1721 citissime

148 1746 319 1795 volent,
342 1746 467 1785 vitae
488 1745 677 1785 modum
699 1746 953 1796 accepturi.
976 1745 1113 1785 Dona
1136 1745 1393 1785 offerebant
1415 1745 1578 1785 Patres
1599 1746 1664 1785 illi
1685 1747 1780 1796 plu<

148 1817 265 1856 rima
282 1815 411 1856 Patri
427 1823 603 1867 nostr03
627 1822 673 1856 at
694 1828 807 1856 vero
825 1816 939 1856 nihil
960 1816 1126 1856 horum
1148 1817 1221 1856 ille
1239 1816 1456 1856 sustinuit
1477 1817 1658 1867 donari,
1677 1828 1788 1868 gra-

150 1888 209 1927 tis
231 1898 280 1926 se
302 1887 429 1937 dare,
455 1887 579 1937 quod
596 1887 854 1938 accepisset
870 1887 1034 1938 gratis,
1055 1886 1198 1938 ajens.

230 1957 362 1997 Nunc
384 1958 441 1997 ad
468 1958 658 2008 fratres,
689 1958 766 2009 qui
797 1959 930 1998 nobis
959 1959 1005 1997 in
1034 1958 1220 1998 Christo
1249 1958 1391 1998 additi
1422 1965 1546 2007 sunt,
1579 1960 1783 1999 veniam.

150 2028 335 2076 Paucis,
354 2034 602 2080 postquam
618 2029 797 2068 litteras
815 2029 874 2068 ad
892 2035 935 2068 te
953 2028 1071 2079 dedi,
1097 2029 1274 2080 diebus,
1294 2029 1474 2069 Doctor
1492 2029 1683 2069 Castillo
1701 2030 1784 2070 Ca-

150 2099 360 2138 racensis
375 2098 388 2117 ‘²
410 2099 499 2138 huc
520 2099 670 2148 venit,
696 2098 924 2138 desiderio
947 2105 1125 2139 tractus
1146 2100 1335 2139 Domini
1356 2100 1459 2139 vias
1481 2100 1785 2151 dignoscendi

152 2176 195 2208 et
212 2181 346 2220 quae,
359 2180 463 2209 cum
483 2170 858 2220 angustissimae,
879 2175 988 2209 tunc
1007 2176 1160 2210 essent
1178 2171 1481 2221 certissimae,
1503 2171 1784 2212 ambulandi.

151 2240 240 2280 Hic
257 2239 374 2292 juris
397 2240 636 2291 utriusque
657 2251 834 2290 gnarus
851 2239 1137 2280 Salmantica
1159 2241 1445 2291 decesserat,
1466 2254 1521 2281 ac
1542 2242 1790 2292 magistra-

152 2318 226 2351 tus
242 2311 569 2362 praetoriaque
586 2310 759 2362 judicia
781 2311 1127 2362 moderabatur,
1154 2323 1274 2363 cum,
1294 2312 1553 2352 sacerdotis
1574 2313 1788 2364 insigniis

154 2382 367 2422 decorari
389 2382 592 2433 cupiens,
618 2382 821 2433 insignia
852 2383 1214 2433 magistratuum
1245 2382 1425 2434 abjecit.
1452 2383 1683 2424 Sacerdos
1704 2384 1786 2435 igi-

153 2461 226 2493 tur
246 2453 418 2503 factus,
449 2454 658 2493 exerceri
689 2454 811 2504 apud
837 2465 922 2494 nos
949 2454 1268 2505 spiritualibus
1295 2454 1586 2494 documentis
1617 2455 1784 2506 coepit3

154 2531 198 2564 et
228 2525 275 2564 in
306 2524 361 2564 iis
396 2536 489 2563 non
524 2525 642 2564 male
676 2524 944 2575 proficiens,
983 2530 1231 2576 postquam
1265 2526 1628 2565 examinandum
1661 2526 1787 2566 vitae

154 2606 302 2645 genus
323 2594 430 2645 fuit,
452 2595 590 2645 elegit
611 2594 819 2646 abjectus
840 2607 941 2635 esse
964 2595 1009 2635 in
1032 2595 1168 2635 domo
1189 2595 1393 2647 Domini3
1418 2602 1461 2636 et
1483 2597 1621 2636 rebus
1643 2597 1786 2636 omni-

153 2667 239 2706 bus
273 2666 398 2705 domi
434 2666 702 2717 compositis
734 2666 956 2717 brevique
984 2665 1168 2717 rejectis
1197 2667 1416 2717 sarcinis,
1451 2679 1569 2718 quae
1599 2667 1786 2719 impedi—

210 2872 219 2890 ¹
259 2870 502 2899 nonasterium
518 2871 652 2899 Ordinis
668 2871 782 2899 Sancti
799 2872 1008 2908 Hieronymi,
1026 2872 1153 2899 Sancta
1179 2872 1296 2899 Annae
1321 2872 1482 2907 dicatum,
1508 2873 1539 2899 in
1565 2873 1686 2907 oppido
1704 2873 1785 2899 Ten-

156 2919 248 2945 dilla.

210 2968 223 2986 2
261 2966 296 2993 P.
314 2966 464 2994 Didacus
480 2967 532 2993 del
549 2966 702 2993 Castillo.
