1987 3260
222 169 293 205 378
732 170 957 208 LITTERAE
984 182 1340 214 QUADRIMESTRES

220 265 377 316 populi
410 267 581 317 templo
611 266 866 317 praecipuo
898 267 1202 307 concionatus
1237 273 1328 316 est,
1367 279 1639 320 summaque
1674 269 1848 309 Christi

222 336 466 375 clementia
487 337 703 377 videntur
724 337 918 376 multum
941 337 1068 376 cives
1088 337 1357 388 profecisse.
1382 338 1498 378 Cum
1527 339 1680 379 adhuc
1709 340 1841 379 dura-

220 411 323 445 rent
357 407 612 457 nundinae,
653 407 902 457 Inquisitor
942 407 1132 458 quidam
1165 407 1426 448 Vallisoleti
1461 421 1514 449 eo
1547 420 1597 449 se
1630 411 1842 460 contulit,

220 477 434 517 librarios
456 478 783 529 voluminaque
805 478 944 517 etiam
971 479 1193 518 nonnulla
1220 479 1514 530 inspecturus
1535 480 1743 520 haeresis
1774 493 1844 521 su-

221 554 404 599 specta,
438 550 751 600 populumque
783 554 931 588 toturn
952 549 998 588 in
1021 549 1191 600 templo
1213 549 1418 589 maximo
1441 549 1573 600 jungi
1599 552 1767 602 voluit,
1802 558 1844 591 et

221 631 247 657 a
269 617 316 658 Ρ.
342 619 552 670 Baptista
580 631 673 659 non
699 620 860 670 parvis
889 619 1164 669 efflagitavit
1191 620 1405 670 precibus
1432 626 1481 660 ut
1508 621 1570 660 ibi
1598 622 1841 662 conciona-

220 696 360 729 retur.
400 690 684 730 Concionem
713 690 875 729 habuit
904 695 1032 729 tanta
1065 702 1169 729 cum
1201 690 1466 730 auditorum
1498 691 1756 742 frequentia
1795 699 1844 732 ut

219 771 303 810 par
323 760 424 799 visa
446 772 699 810 numquam
718 760 878 811 fuerit,
904 761 1253 812 incredibilique
1274 761 1414 801 etiam
1437 761 1627 813 spiritus
1659 763 1840 812 ardore,

217 831 432 870 concioni
466 831 553 870 fine
584 829 681 881 jam
712 831 946 882 imposito,
976 832 1031 871 de
1059 831 1225 882 gratiis
1251 832 1433 871 locutus
1461 838 1551 882 est,
1590 844 1705 884 quas
1740 832 1841 872 Deo

215 901 490 941 tenebantur
513 912 676 952 agere,
703 913 808 941 cum
840 913 944 942 eum
975 902 1200 942 haberent
1230 902 1573 953 Inquisitorem,
1602 903 1679 954 qui
1708 910 1837 943 tanta

215 983 328 1011 cura
350 972 406 1011 ab
434 972 489 1011 iis
523 984 658 1012 omne
684 972 892 1012 haeresis
923 983 1071 1023 genus
1100 973 1324 1012 radicitus
1359 974 1560 1013 avellere
1593 981 1842 1014 conaretur

215 1041 448 1092 librosque
477 1042 616 1082 etiam
644 1043 933 1093 perscrutari
966 1050 1014 1083 ut
1043 1043 1109 1083 sic
1140 1043 1424 1083 christianae
1454 1044 1694 1084 doctrinae
1721 1046 1841 1096 puri-

215 1118 285 1151 tas
312 1113 476 1152 melius
504 1114 694 1153 retineri
720 1115 881 1165 possit.
912 1113 1206 1154 Rescivimus
1237 1114 1295 1154 ad
1326 1114 1442 1154 haec
1468 1115 1637 1155 fratres
1665 1116 1841 1156 ordinis

216 1182 617 1235 Praedicatorum,
648 1196 753 1225 cum
785 1185 1122 1225 intellexissent
1156 1185 1481 1236 Inquisitorem
1509 1186 1567 1226 ad
1594 1186 1639 1225 id
1670 1187 1738 1226 rei
1764 1199 1838 1226 ve-

218 1253 362 1303 nisse,
387 1254 604 1305 precibus
625 1255 976 1307 rationibusque
1007 1256 1064 1295 ab
1096 1268 1150 1295 eo
1179 1256 1225 1295 id
1253 1257 1547 1296 contendisse
1576 1262 1625 1296 ut
1652 1257 1764 1308 ipsis
1785 1270 1839 1298 ea

217 1324 381 1364 concio
403 1325 697 1377 tribueretur,
723 1325 993 1377 objicientes
1015 1327 1075 1366 ad
1096 1338 1145 1366 se
1165 1327 1321 1378 potius
1343 1339 1481 1378 quam
1503 1328 1561 1367 ad
1582 1329 1698 1367 ullos
1722 1329 1838 1368 alios

213 1394 268 1433 de
290 1394 606 1446 inquisitionis
628 1396 824 1448 fideique
846 1397 984 1436 rebus
1011 1408 1151 1447 agere
1184 1403 1416 1448 spectare,
1448 1398 1615 1449 quibus
1646 1410 1836 1449 respon-

216 1477 317 1504 sum
338 1466 426 1505 hoc
447 1467 662 1517 praebuit
684 1467 948 1518 inquisitor:
972 1455 1366 1519 concionatorem,
1391 1480 1523 1520 quem
1549 1469 1646 1519 ipse
1669 1470 1836 1509 consti-

215 1542 382 1587 tuerat,
405 1548 499 1576 non
521 1538 673 1577 minus
695 1538 908 1578 doctrina
926 1550 1065 1589 quam
1082 1539 1390 1579 sanctimonia
1407 1550 1508 1578 esse
1526 1540 1833 1590 praeclarum,

213 1607 408 1656 proinde
430 1620 486 1647 ne
509 1609 585 1648 illa
608 1609 663 1648 de
685 1620 735 1648 re
756 1610 879 1648 ultra
901 1609 1248 1660 contenderent3
1274 1622 1328 1649 ac
1350 1610 1414 1649 ita
1434 1610 1483 1649 P.
1502 1610 1712 1661 Baptista
1731 1622 1834 1650 con-

214 1678 428 1718 cionatus
450 1685 532 1719 est.

294 1748 383 1799 Qui
404 1756 560 1789 autem
580 1749 655 1790 hic
678 1749 991 1790 Salmanticae
1013 1758 1225 1799 manent,
1260 1762 1419 1790 omnes
1446 1752 1492 1790 in
1514 1751 1678 1802 spiritu
1699 1752 1832 1802 profi-

213 1819 356 1870 ciunt3
379 1826 541 1860 mutuo
562 1832 611 1860 se
633 1832 794 1860 omnes
811 1833 866 1860 ac
883 1821 1088 1860 maximo
1106 1827 1451 1872 prosequuntur
1470 1833 1651 1873 amore;
1675 1834 1835 1862 omnes

211 1890 426 1941 proprias
448 1902 558 1930 suas
584 1892 850 1931 voluntates
882 1903 937 1930 ac
966 1892 1213 1942 appetitus,
1244 1904 1337 1931 non
1359 1893 1507 1931 solum
1530 1893 1652 1932 intra
1683 1892 1833 1933 dome-

211 1960 353 2000 sticos
386 1962 611 2012 parietes,
648 1974 812 2002 verum
845 1968 889 2001 et
923 1962 1149 2011 exterius,
1182 1962 1221 2001 si
1249 1974 1332 2014 per
1362 1962 1548 2002 Patrem
1580 1963 1834 2003 Doctorem

209 2031 389 2082 liceret,
426 2032 674 2073 retundere
710 2033 988 2083 omninoque
1024 2034 1297 2084 extinguere
1328 2040 1578 2074 conantur:
1615 2034 1661 2073 in
1695 2035 1834 2074 rebus

210 2102 422 2142 omnibus
457 2114 685 2143 summam
725 2105 911 2156 assequi
953 2104 1291 2155 obedientiam,
1331 2105 1524 2156 quisque
1565 2105 1739 2155 corrigi
1777 2118 1832 2145 ac

208 2184 316 2212 suos
337 2173 378 2213 ei
399 2174 591 2214 enodari
612 2174 818 2214 defectus
839 2175 1041 2214 maxime
1063 2175 1211 2226 cupit,
1236 2181 1285 2214 ut
1307 2175 1353 2214 in
1374 2175 1537 2214 melius
1559 2181 1711 2214 vertat
1739 2187 1829 2215 mo-

207 2255 302 2295 res;
340 2245 589 2296 unicuique
626 2246 875 2295 orationis,
905 2246 1043 2285 studii
1072 2245 1528 2297 disputationumque
1552 2247 1832 2286 constitutae

208 2321 313 2354 sunt
342 2316 512 2366 horae3
542 2316 736 2367 quisque
757 2316 953 2366 singulis
983 2316 1254 2367 septimanis
1283 2317 1607 2356 conclusiones
1636 2316 1830 2356 sustinet

207 2391 251 2425 et
279 2392 442 2425 contra
477 2398 581 2426 eum
608 2387 773 2437 reliqui
801 2398 962 2426 omnes
997 2393 1396 2437 argumentantur.
1431 2386 1597 2427 Cuncti
1628 2387 1828 2426 orationi

206 2462 313 2495 sunt
333 2455 627 2497 deditissimi:
651 2468 832 2496 summo
862 2469 997 2496 mane
1020 2458 1295 2508 congregati
1318 2469 1477 2497 omnes
1508 2458 1645 2496 simul
1675 2464 1825 2497 orant.

205 2526 344 2566 Pater
364 2526 543 2566 Doctor
564 2527 681 2566 hora
703 2534 870 2578 quarta
892 2529 1041 2578 surgit
1061 2528 1323 2579 fratresque
1350 2529 1465 2567 hora
1496 2528 1669 2567 excitat
1700 2528 1827 2579 quin-

203 2604 270 2647 ta,
310 2608 561 2649 omnesque
597 2598 644 2637 in
678 2599 901 2638 sacellum
935 2610 984 2638 se
1020 2599 1285 2649 conferunt,
1324 2599 1400 2638 ubi
1439 2610 1583 2650 usque
1625 2598 1683 2638 ad
1724 2610 1825 2638 sex-

203 2674 299 2707 tam
326 2668 372 2708 in
394 2668 603 2708 oratione
632 2674 841 2708 manent:
875 2675 1007 2708 sexta
1035 2674 1191 2708 autem
1215 2668 1311 2719 jam
1341 2668 1521 2719 audita,
1557 2669 1825 2709 scholastici

204 2739 503 2789 egrediuntur
544 2739 768 2779 lectiones
807 2739 1038 2789 auditur13
1079 2739 1252 2779 caeteri
1286 2751 1400 2779 vero
1430 2740 1657 2791 imperata
1694 2751 1823 2790 prae-

204 2815 343 2849 stant.

282 2880 475 2920 Praeter
509 2880 648 2931 haec,
687 2880 777 2920 duo
813 2887 918 2920 sunt
954 2881 1155 2931 quotidie
1195 2880 1441 2931 examina,
1483 2880 1682 2930 primum
1719 2887 1826 2920 ante

203 2950 471 3000 prandium,
496 2951 753 2990 secundum
774 2962 888 2990 vero
910 2952 1048 3001 paulo
1071 2957 1320 3002 antequam
1337 2951 1517 2991 cubent.
