1987 3260
697 199 714 213 ι
892 180 974 216 ΑΝ.
1006 179 1091 216 1:351
1737 181 1815 217 31Ῐῖ

187 277 286 315 loco
317 276 563 326 plusquam
589 275 712 315 mille
740 281 783 314 et
813 275 1152 326 quinquaginta
1179 275 1360 314 rosaria
1393 281 1549 326 empta
1583 275 1802 316 intellexi.

184 345 590 386 Animadvertitur
623 345 762 385 etiam
796 345 920 385 vitae
948 345 1143 385 mutatio
1177 345 1281 385 aliis
1307 356 1366 384 ex
1400 345 1561 395 signis.
1599 344 1806 385 Primum

184 423 268 465 est,
292 415 413 467 quod
434 416 636 467 quotidie
656 416 716 456 ad
738 417 1011 456 concionem
1031 417 1239 464 veniunt,
1263 415 1403 455 etiam
1423 415 1601 455 feriatis
1628 416 1805 466 dicbus,

183 498 325 538 quum
344 487 472 538 prius
493 498 550 526 ne
568 498 825 537 campanae
843 499 1010 527 sonum
1026 487 1351 537 intelligerent.
1372 485 1657 537 Secundum,
1682 487 1805 538 quod

183 568 319 597 nemo
348 557 407 596 ab
434 557 633 597 ecclesia
663 569 736 596 me
764 557 893 608 prius
919 557 1106 608 recedit,
1140 569 1226 597 nec
1253 569 1340 606 me,
1374 556 1523 596 donec
1552 558 1609 597 ab
1644 568 1808 597 eorum

183 627 297 667 locis
320 627 501 678 recedo,
531 627 763 678 relinquit.
787 627 1008 677 Tertium,
1040 628 1164 679 quod
1190 627 1397 668 nonnulli
1426 628 1484 667 ad
1511 628 1603 667 alia
1633 627 1805 679 oppida

183 698 385 738 audituri
418 698 613 738 verbum
646 697 733 737 Dei
763 699 1029 749 convolant,
1062 699 1138 749 qui
1166 698 1294 749 prius
1330 698 1410 738 vix
1440 698 1804 749 praedicationis

181 780 351 808 nomen
378 768 727 808 intellexissent.
761 767 1002 820 Quartum,
1033 770 1155 820 quod
1186 781 1258 809 me
1285 782 1379 809 non
1410 769 1540 821 prius
1565 769 1805 820 patiuntur

177 840 397 880 recedere
418 851 558 890 quam
579 839 633 878 de
661 839 825 889 reditu,
856 839 977 890 quod
1007 840 1052 879 in
1079 852 1151 880 me
1172 847 1255 889 est,
1279 840 1587 891 promiserim.
1618 839 1800 889 Omnia,

184 910 324 961 ajunt,
350 911 388 950 si
409 910 585 950 deseris
606 922 706 960 nOS,
729 916 918 961 propter
943 910 1169 950 factiones
1198 917 1345 950 ruent.
1375 910 1610 961 Quintum,
1643 922 1802 950 occur-

179 988 287 1021 runt
307 981 420 1021 mihi
440 981 529 1020 viri
551 987 594 1020 et
609 980 854 1031 foeminae,
878 981 1082 1032 grandes
1103 987 1147 1021 et
1163 982 1299 1033 parvi
1315 987 1442 1028 natu,
1467 981 1736 1021 sacerdotes
1757 987 1804 1020 et

178 1052 299 1101 laici,
325 1063 467 1102 quum
488 1052 547 1092 ad
568 1052 776 1103 ipsorum
805 1053 908 1092 loca
936 1063 1008 1091 me
1039 1052 1200 1091 venire
1227 1052 1504 1103 intelligunt.
1533 1052 1589 1092 Et
1618 1052 1805 1103 quidem

178 1134 237 1162 ex
258 1123 579 1162 sacerdotibus
598 1123 808 1163 nonnulli
828 1135 886 1162 ex
907 1123 1098 1162 remotis
1118 1123 1234 1163 locis
1255 1123 1431 1162 oraturi
1453 1123 1645 1163 veniunt
1674 1129 1723 1162 ut
1743 1122 1805 1162 ad

179 1205 339 1233 eorum
360 1193 597 1243 ecclesiaS,
623 1205 740 1245 quae
762 1199 868 1233 sunt
897 1199 1031 1233 extra
1059 1193 1324 1243 dioecesim,
1349 1194 1585 1243 accedam,
1611 1193 1734 1244 quod
1754 1193 1801 1232 li-

179 1265 340 1304 benter
359 1264 497 1314 facio,
520 1276 669 1315 neque
690 1264 736 1304 id
756 1264 989 1316 Episcopo
1012 1276 1097 1304 nec
1119 1264 1198 1303 alii
1219 1264 1435 1315 cuiquam
1458 1265 1682 1316 displicet.
1707 1264 1800 1304 Ma-

179 1346 272 1386 gna
302 1346 408 1374 cum
430 1335 607 1375 laetitia
629 1335 786 1385 animi,
811 1342 854 1375 et
875 1347 1015 1386 quam
1042 1335 1123 1375 vix
1143 1346 1330 1386 possem
1351 1336 1627 1386 exprimere,
1651 1335 1802 1375 officio

178 1417 281 1445 meo
303 1405 539 1456 fungerer,
562 1406 652 1445 nisi
672 1419 731 1446 ex
751 1412 882 1457 parte
910 1406 1220 1457 quorumdam
1248 1406 1542 1446 sacerdotum
1573 1406 1803 1446 contradi-

177 1477 355 1517 ctiones
372 1478 582 1517 occultae
596 1489 699 1517 eam
714 1483 1044 1528 temperarent.
1062 1476 1350 1517 Placatiores
1367 1483 1411 1516 et
1427 1483 1582 1516 tamen
1598 1477 1687 1528 ipsi
1702 1476 1802 1516 red-

178 1548 363 1597 duntur,
401 1559 543 1598 quum
577 1548 957 1588 animadvertunt
990 1548 1037 1587 in
1068 1548 1330 1587 animarum
1369 1548 1572 1598 puritate
1606 1549 1804 1587 salutem

177 1624 386 1658 nostram
417 1619 695 1673 consistere,
726 1618 784 1658 ad
818 1630 957 1669 quam
990 1630 1072 1670 per
1107 1618 1395 1670 frequentem
1431 1619 1806 1658 communionem

178 1696 220 1728 et
245 1688 585 1728 confessionem
605 1690 891 1740 pervenitur.
911 1688 1045 1740 Quod
1066 1689 1124 1728 ad
1146 1689 1425 1729 exteriorem
1443 1689 1606 1728 attinet
1628 1688 1802 1729 mundi-

180 1760 291 1799 tiem
318 1759 365 1798 in
393 1759 752 1810 supellectilibus
782 1760 930 1800 sacris
966 1766 1011 1799 et
1045 1759 1184 1799 rebus
1218 1760 1445 1799 ecclesiae
1487 1758 1671 1799 mundis
1699 1760 1806 1798 reti—

176 1829 354 1877 nendis,
380 1837 423 1869 et
445 1830 832 1870 instaurationem
847 1831 1115 1870 earumdem
1135 1837 1178 1870 et
1195 1830 1426 1879 decorem,
1447 1830 1705 1870 dealbando
1725 1836 1804 1870 aut

178 1900 485 1951 depingendo,
510 1912 670 1940 omnes
692 1901 923 1941 obediunt.

257 1971 384 2011 Intra
405 1971 596 2011 biduum
622 1972 857 2011 rediturus
878 1983 979 2011 sum
1006 1971 1249 2011 Mutinam.
1280 1971 1420 2011 Cibus
1446 1978 1603 2012 noster
1634 1979 1703 2012 est
1723 1984 1802 2023 pa-

175 2043 248 2082 nis
276 2042 490 2082 fabarum
511 2049 555 2082 et
586 2048 928 2082 castanearum.
958 2042 1220 2082 Laboratur
1248 2042 1372 2082 enim
1399 2043 1577 2093 ingenti
1604 2043 1805 2094 penuria.

178 2114 223 2152 in
244 2113 317 2152 his
338 2113 453 2152 locis
480 2113 568 2152 hoc.
599 2113 837 2164 temporis,
868 2119 912 2152 et
942 2113 1202 2164 Episcopus
1231 2113 1417 2164 quidem
1442 2113 1637 2153 libenter
1667 2125 1804 2165 pecu-

174 2184 302 2223 niam
322 2184 638 2223 necessariam
659 2184 771 2224 mihi
792 2184 1124 2235 suppeditaret,
1144 2183 1225 2223 sed
1242 2184 1356 2223 mihi
1377 2183 1688 2224 aedificationi
1707 2196 1803 2224 ma-

177 2255 250 2306 gis
282 2255 525 2294 consulere
560 2254 720 2294 videor
748 2267 841 2295 non
876 2255 1178 2295 admittendo.
1209 2254 1312 2295 Non
1339 2255 1461 2295 enim
1488 2255 1601 2295 mihi
1628 2262 1672 2295 et
1700 2256 1805 2295 aliis

174 2325 456 2377 pauperibus
478 2325 754 2366 sufficerent.
779 2326 912 2377 Quod
940 2326 993 2377 si,
1018 2326 1260 2377 egentibus
1281 2326 1362 2376 eis,
1387 2338 1474 2377 ego
1497 2326 1801 2376 abundarem,

176 2408 327 2436 essem
357 2396 635 2436 offendiculo
670 2396 885 2436 fortassis
921 2397 1036 2437 aliis.
1074 2392 1205 2440 Multi
1240 2396 1362 2437 fame
1398 2396 1686 2447 interierunt:
1726 2398 1801 2436 alii

175 2467 328 2506 inedia
349 2478 494 2518 usque
519 2467 634 2507 adeo
656 2468 895 2507 extenuati
925 2474 1046 2517 sunt,
1070 2473 1118 2507 ut
1139 2467 1302 2508 mortis
1323 2467 1492 2508 faciem
1518 2479 1630 2519 prae
1662 2480 1710 2507 se
1741 2468 1803 2507 fe-

174 2544 294 2577 rant.
319 2537 486 2579 Omnia
507 2539 716 2589 peccatis
736 2539 909 2578 nostris
930 2527 1291 2579 adscribendum
1318 2550 1502 2579 censeo.
1536 2539 1802 2578 Illuminare

173 2620 257 2648 nos
279 2609 497 2660 dignetur
518 2608 762 2659 Dominus,
783 2609 842 2649 ad
858 2609 990 2661 cujus
1009 2609 1196 2649 laudem
1217 2610 1304 2650 hoc
1327 2609 1467 2649 etiam
1489 2609 1656 2657 dicam,
1677 2610 1797 2661 quod

172 2681 368 2720 multum
384 2680 570 2720 sudoris
591 2686 635 2720 et
655 2680 869 2720 laborum
890 2681 1027 2720 hilari
1049 2681 1205 2720 animo
1228 2681 1430 2720 tolerare
1452 2681 1698 2721 concessit.

251 2750 460 2791 Patimur
476 2751 601 2790 sitim
617 2757 661 2790 et
676 2751 847 2791 famem
862 2752 1194 2802 gravissimam
1210 2752 1458 2799 interdum,
1478 2751 1802 2791 lassitudinem

171 2821 311 2861 etiam
334 2833 388 2862 ac
410 2822 708 2870 debilitatem,
733 2829 777 2862 et
798 2834 942 2874 usque
965 2823 1080 2862 adeo
1102 2834 1273 2862 raucus
1295 2834 1397 2862 sum
1419 2828 1583 2862 contra
1603 2829 1801 2873 peccata

173 2892 433 2942 clamando,
458 2900 502 2932 et
529 2893 715 2944 saepius
736 2893 783 2932 in
803 2893 876 2933 die
906 2893 1132 2942 sudando,
1165 2900 1209 2933 et
1240 2899 1403 2944 postea
1430 2892 1795 2943 refrigescendo,

172 2968 221 3001 ut
241 2974 298 3002 ne
318 2963 442 3014 loqui
464 2963 649 3014 quidem
667 2975 773 3003 cum
793 2963 909 3004 duce
931 2975 1033 3004 meo
1054 2964 1244 3015 possim.
1268 2963 1357 3004 Sed
1379 2970 1626 3015 postquam
1653 2963 1799 3014 pulpi-
