1987 3260
913 201 995 238 Ax.
1028 200 1117 237 1552
1759 200 1825 237 731

287 297 334 336 P.
369 297 578 337 Victoria
608 298 906 349 progreditur
937 298 981 338 in
1014 297 1315 337 concionibus
1344 296 1512 336 italicis
1542 303 1586 336 et
1617 307 1829 337 numero-

206 368 315 407 siori
337 368 521 419 quidem
544 368 773 408 auditorio
795 380 934 420 quam
956 367 1193 408 hactenus.
1219 366 1307 418 Qui
1323 367 1478 417 etiam,
1497 373 1547 407 ut
1563 378 1823 418 speramus,

206 438 334 477 brevi
356 438 576 478 docturus
596 445 665 478 est
686 446 730 479 et
757 439 1144 491 interpretaturus
1172 438 1328 490 pueris
1357 438 1478 478 italis
1505 437 1611 478 fidei
1637 443 1826 478 nostrae

205 508 349 554 initia,
375 509 420 548 in
444 509 608 559 quibus
630 509 693 549 illi
714 515 842 550 tanto
864 516 970 550 sunt
991 509 1202 550 rudiores
1223 520 1313 560 quo
1329 508 1516 559 longius
1534 520 1561 548 a
1577 509 1730 560 patria
1748 509 1824 548 ab·

202 584 308 617 sunt
330 590 511 630 quoque
533 580 684 630 magis
704 591 791 631 ope
819 581 1133 620 institutorum
1160 579 1486 620 destituuntur.
1518 578 1692 629 Magna
1720 590 1824 630 pro-

203 648 322 688 fecto
344 650 480 690 laude
501 650 670 700 dignus
692 651 804 691 mihi
825 652 1008 692 videtur
1029 652 1103 691 hic
1124 651 1272 701 labor,
1291 662 1428 702 quem
1444 651 1490 690 in
1503 650 1724 702 juvandis
1741 651 1823 691 ita-

199 720 347 759 lorum
366 721 607 761 animabus
624 721 786 761 Patres
803 723 949 762 nostri
964 733 1146 762 sumere
1166 722 1428 761 voluerunt.
1450 720 1684 772 Quantam
1700 722 1825 763 enim

201 790 263 830 illi
284 791 428 830 divini
448 792 580 831 verbi
601 793 843 843 penuriam
864 793 939 832 hic
961 798 1250 844 paterentur,
1274 792 1551 844 quantisque
1579 793 1624 832 in
1645 793 1823 844 pericu-

201 861 254 900 lis
288 862 562 912 perditionis
596 869 702 903 ante
731 864 982 903 adventum
1011 863 1201 904 Patrum
1227 869 1494 903 nostrorum
1522 870 1825 904 versarentur

199 932 333 972 facile
356 934 673 974 aestimaverit
693 933 746 974 R.
771 934 819 974 P.
839 934 890 974 T.
910 934 1187 975 Benedictus
1204 934 1278 974 ille
1294 934 1341 974 in
1358 940 1614 984 aeternum,
1635 935 1712 985 qui
1728 946 1822 974 non

197 1004 344 1043 solum
365 1005 465 1044 vult
487 1016 646 1044 omnes
667 1005 765 1045 fieri
786 1006 958 1051 salvos.
984 1005 1064 1045 sed
1085 1005 1225 1045 etiam
1245 1005 1334 1045 hoc
1354 1004 1536 1045 abunde
1557 1004 1709 1056 efficit,
1728 1016 1821 1056 qua

199 1074 271 1112 via
293 1080 338 1113 et
358 1075 538 1114 ratione
560 1076 757 1115 salutem
779 1076 963 1116 animae
983 1076 1172 1127 quilibet
1194 1075 1496 1127 adipiscatur.

275 1144 553 1185 Profuerunt
574 1157 687 1197 ergo
708 1146 871 1186 Patres
891 1147 1106 1198 proximo
1129 1158 1234 1187 cum
1254 1147 1301 1186 in
1327 1147 1492 1186 studiis
1520 1149 1625 1186 tuni¹
1643 1146 1689 1186 in
1709 1157 1818 1186 con-

193 1215 417 1255 cionibus.
440 1215 694 1256 Redierunt
722 1229 781 1257 ex
807 1217 1051 1268 Hungaria
1079 1223 1122 1257 et
1151 1217 1345 1257 redeunt
1373 1217 1542 1257 milites
1570 1217 1667 1256 itali
1694 1228 1819 1256 com-

193 1286 360 1335 plures,
384 1287 556 1337 partim
577 1287 777 1327 adversa
800 1288 1086 1338 valetudine,
1110 1288 1282 1339 partim
1301 1288 1595 1338 vulneribus,
1620 1299 1816 1339 corpore

189 1357 399 1405 graviter
419 1357 633 1408 equidem
654 1358 828 1408 affecti,
852 1359 934 1398 sed
954 1365 1254 1410 peccatorum
1280 1358 1587 1410 plurimorum
1614 1358 1741 1407 tabe,
1765 1363 1816 1398 ut

189 1428 305 1467 solet
327 1428 413 1467 hoc
434 1428 673 1468 hominum
693 1423 856 1480 genus,
880 1429 927 1469 in
947 1430 1103 1469 anima
1124 1431 1261 1481 plane
1288 1429 1509 1478 confecti:
1534 1429 1610 1481 qui
1639 1429 1818 1469 confes-

190 1498 333 1538 sionis
366 1499 622 1549 pharmaco
657 1512 683 1539 a
712 1501 884 1540 nostris
910 1500 1077 1540 blande
1106 1501 1283 1549 oblato,
1313 1500 1436 1551 quod
1464 1500 1523 1540 ad
1549 1500 1819 1540 interiorem

190 1568 375 1619 quidem
396 1570 537 1610 animi
557 1571 679 1610 luem
700 1571 883 1620 attinet,
918 1572 1216 1621 integerrime
1248 1572 1399 1611 curati
1429 1576 1550 1621 sunt,
1575 1578 1619 1611 et
1650 1582 1815 1611 curan-

189 1646 276 1679 tur.
300 1639 502 1680 Rursum
524 1641 616 1692 alii,
641 1642 739 1681 itali
758 1642 948 1693 pariter,
974 1653 1068 1682 non
1088 1642 1226 1693 pauci
1255 1654 1314 1682 ex
1343 1642 1430 1682 hac
1462 1642 1559 1682 vita
1590 1642 1636 1681 in
1667 1643 1814 1682 coele-

188 1716 305 1749 stem
326 1711 587 1761 migraturi,
610 1718 660 1752 ut
690 1712 838 1752 levior
868 1712 1129 1763 certiorque
1158 1713 1271 1763 ipsis
1293 1719 1415 1752 esset
1446 1712 1686 1764 profectio,
1711 1724 1814 1764 pec-

189 1787 400 1821 catorum
422 1793 612 1822 suorum
634 1783 847 1823 sarcinas
870 1783 992 1833 apud
1015 1790 1202 1822 nostros
1223 1783 1417 1823 libenter
1437 1784 1752 1833 deposuerunt
1770 1789 1815 1823 et

188 1852 491 1903 reliquerunt.

263 1922 402 1974 Apud
424 1923 685 1964 Germanos
706 1925 792 1965 fuit
813 1926 1039 1966 hactenus
1060 1927 1156 1966 fere
1177 1927 1408 1966 insuetum
1428 1927 1613 1977 saepius
1642 1926 1813 1967 iterare

184 1993 538 2034 confessionem.
562 1994 625 2035 At
646 1996 817 2036 audent
833 2003 877 2037 et
894 1997 941 2037 hi
957 1998 1181 2048 paulatim
1198 2009 1340 2037 suasu
1356 2003 1622 2037 nostrorum
1638 2009 1811 2038 novam

184 2063 302 2104 hanc
324 2064 411 2103 hoc
434 2065 479 2104 in
508 2066 610 2105 loco
639 2068 1021 2108 consuetudinem
1051 2068 1285 2108 inducere.
1317 2067 1389 2108 Ex
1418 2067 1639 2108 studiosis
1669 2079 1810 2119 saepe

186 2135 428 2175 habuimus
450 2136 637 2188 aliquot,
662 2138 740 2189 qui
761 2138 885 2178 domi
906 2145 1094 2178 nostrae
1115 2145 1160 2179 et
1182 2139 1513 2179 confiterentur
1543 2145 1586 2178 et
1607 2150 1809 2178 commu-

183 2206 414 2256 nicarent;
438 2207 578 2246 immo
599 2208 739 2248 etiam
759 2220 819 2249 ex
838 2209 988 2260 primo
1009 2209 1327 2260 professorum
1352 2209 1528 2249 ordine.
1552 2209 1729 2260 Nuper,
1762 2210 1811 2250 in

183 2276 300 2316 festo
322 2276 378 2317 D.
402 2277 613 2327 Virginis
634 2286 901 2330 assumptae
922 2280 981 2320 ad
1002 2281 1170 2330 coelos,
1196 2280 1355 2320 habuit
1375 2279 1423 2320 Ρ.
1448 2280 1663 2320 Canisius
1692 2292 1808 2320 mes-

183 2358 281 2386 sem
314 2348 557 2388 mulierum
591 2348 933 2390 Germanarum
961 2350 1098 2391 valde
1128 2351 1386 2401 copiosam,
1419 2362 1478 2390 ex
1507 2351 1672 2402 quibus
1701 2357 1808 2391 octo

183 2417 382 2468 circiter,
406 2424 450 2458 et
472 2419 590 2458 inter
610 2431 690 2459 eas
712 2420 887 2471 aliquot
909 2421 1101 2471 nobiles,
1125 2421 1367 2461 nobiscum
1388 2421 1435 2461 in
1455 2422 1627 2472 templo
1644 2428 1806 2462 nostro

184 2490 507 2529 sanctissimae
524 2490 847 2531 Eucharistiae
863 2490 1219 2531 Sacramentum
1235 2504 1414 2532 summa
1432 2504 1537 2532 cum
1555 2493 1804 2534 devotione

182 2567 471 2611 receperunt.

261 2629 405 2682 Spero
429 2631 641 2682 equidem
660 2631 759 2671 fore
781 2639 828 2672 ut
850 2634 1004 2683 plures
1024 2639 1216 2684 generet
1233 2634 1418 2675 Christo
1440 2646 1546 2674 cum
1563 2634 1681 2674 filias
1701 2640 1801 2675 tum

183 2700 294 2740 lilios
315 2702 389 2740 hic
413 2701 564 2752 Pater,
587 2702 665 2742 ubi
687 2702 978 2743 Viennenses
1009 2704 1154 2744 vitam
1175 2704 1318 2756 ipsius
1349 2711 1393 2745 et
1414 2717 1567 2745 mores
1597 2705 1802 2757 inculpa-

179 2772 381 2811 tissimos
415 2773 615 2823 penitius
650 2774 973 2823 cognoverint.
1010 2774 1281 2816 Accersitur
1315 2776 1455 2816 etiam
1493 2776 1553 2816 ad
1594 2775 1802 2816 infirmos

179 2854 509 2894 nonnunquam
530 2849 579 2883 ut
608 2845 861 2895 spiritualis
890 2845 1095 2885 medicus
1126 2846 1352 2897 spirituali
1381 2847 1562 2887 animae
1589 2848 1800 2888 sanando

177 2913 392 2964 languori
412 2914 698 2965 spiritualem
719 2927 900 2967 quoque
921 2916 1199 2957 medicinam
1223 2923 1469 2969 proponat.
1492 2917 1705 2959 Vocatus
1734 2931 1801 2959 se-

179 2986 261 3023 mel
288 2984 346 3024 ad
367 2984 718 3026 daemoniacam
740 2987 989 3037 quamdam
1010 2989 1262 3037 mulierem,
1288 2996 1355 3040 ut,
1380 2990 1418 3028 si
1440 2989 1547 3041 quid
1569 2996 1726 3041 posset
1754 2991 1801 3029 in
