1987 3260
906 234 988 271 ΑΝ.
1022 233 1110 271 1547
1778 232 1825 268 :37

201 336 456 376 litterarum
482 333 541 373 ad
568 339 612 373 te
639 332 750 373 dare
773 331 982 381 decrevi,
1016 329 1182 381 quibus
1208 334 1251 368 te
1279 328 1411 368 brevi
1436 327 1639 367 facerem
1661 327 1823 368 certio-

200 417 296 446 rem
317 405 373 445 de
394 404 480 455 his,
504 416 622 455 quae
644 403 767 454 apud
788 414 873 442 nos
900 406 1141 452 geruntur.
1174 398 1434 449 Longiores
1460 398 1584 438 enim
1613 410 1639 437 a
1661 409 1732 437 me
1753 398 1823 438 lit-

200 486 324 517 teras
345 487 439 516 non
459 481 719 526 exspectes;
738 472 952 525 quamvis
969 472 1160 523 copiosa
1179 470 1292 510 mihi
1312 468 1586 521 proponitur
1606 468 1824 508 materies

200 545 452 596 scribendi,
475 552 522 586 at
543 552 669 586 certe
691 544 865 595 ingenii
886 543 976 583 mei
996 541 1218 594 parvitati
1244 540 1432 580 minime
1454 539 1824 579 accommodata.

279 618 487 658 Primum
507 618 660 668 itaque
689 616 806 656 scito
833 626 918 654 nos
950 613 1047 653 fere
1075 623 1237 652 omnes
1266 618 1392 651 recte
1419 611 1593 660 valere,
1622 615 1825 661 praeter-

201 700 342 740 quam
363 688 532 740 oppido
553 699 743 740 paucos,
768 696 965 737 quorum
986 683 1175 724 nomina
1197 681 1533 734 praetermitto;
1557 680 1684 720 nulla
1704 680 1827 720 enim

204 758 497 800 incommoda
517 757 782 798 valetudine
806 756 1035 796 laborant.
1066 755 1272 794 Litteras
1301 765 1328 792 a
1354 752 1414 792 M.
1439 751 1620 803 Ignatio
1648 750 1827 801 accepi—

202 842 304 870 mus
331 842 358 870 a
390 830 523 870 nobis
546 828 724 880 jamdiu
750 831 1070 879 exspectataS,
1103 836 1253 876 neque
1280 823 1432 863 minus
1453 822 1690 873 flagitatas
1709 819 1734 861 ¹.
1759 821 1827 860 In-

200 901 408 942 credibili
423 899 594 951 gaudio
611 909 770 939 sumus
787 897 954 947 affecti,
973 895 1139 948 quibus
1155 894 1386 946 perlectis,
1407 893 1615 934 omnium
1629 892 1828 932 fratrum

202 972 343 1012 animi
363 983 507 1022 usque
529 971 646 1010 adeo
674 975 780 1009 sunt
809 968 1006 1017 incitati,
1032 978 1138 1007 cum
1165 966 1225 1006 ad
1245 965 1506 1005 litterarum
1535 963 1708 1013 studia,
1732 968 1831 1002 tum

201 1043 259 1083 ad
281 1044 478 1083 virtutes
499 1040 824 1093 acquirendas,
849 1045 897 1079 ut
914 1039 986 1079 bis
1006 1038 1140 1078 nobis
1161 1038 1444 1087 legerentur,
1468 1034 1606 1086 idque
1624 1040 1673 1074 ut
1689 1035 1831 1074 semel

202 1115 398 1165 singulis
424 1112 792 1153 hebdomadibus
819 1111 949 1151 fieret
975 1109 1108 1149 multi
1134 1108 1441 1159 postularent,
1479 1118 1594 1158 quas
1629 1117 1686 1145 ne
1721 1105 1829 1144 obli-

203 1186 329 1225 vioni
359 1183 655 1224 traderentur
675 1182 881 1234 plerique
904 1180 1265 1232 descripserunt.
1300 1178 1459 1230 Neque
1481 1177 1670 1227 mirum,
1694 1176 1828 1228 siqui-

203 1256 307 1296 dem
330 1255 505 1305 omnia,
530 1266 648 1305 quae
675 1253 811 1293 nobis
841 1252 1018 1292 lubrica
1047 1263 1102 1291 ac
1123 1249 1326 1290 difficilia
1354 1249 1547 1289 subinde
1567 1259 1829 1300 proponun-

203 1334 291 1376 tur,
316 1326 536 1378 perlectis
556 1325 628 1365 his
649 1324 835 1371 litteris,
858 1322 1029 1362 validis
1057 1320 1347 1372 argumentis
1375 1320 1709 1369 dissolvuntur,
1737 1319 1830 1358 ani—

202 1398 356 1449 mique
384 1396 442 1437 ad
470 1408 701 1436 summum
730 1401 824 1435 tam
852 1395 1078 1434 virtutum
1105 1404 1244 1443 quam
1277 1391 1538 1431 litterarum
1565 1389 1830 1442 petendum,

205 1469 357 1519 magis
378 1479 434 1508 ac
454 1467 605 1518 magis
627 1466 801 1506 virtute
821 1470 1055 1515 augentur
1076 1469 1120 1503 et
1141 1462 1491 1503 confirmantur.

281 1539 392 1579 Post
413 1544 543 1578 tuum
571 1550 598 1577 a
626 1537 760 1577 nobis
782 1537 1054 1586 discessum,
1080 1534 1313 1575 Antonius
1336 1533 1512 1574 Gomez
1533 1538 1577 1573 et
1598 1533 1834 1573 Gonzalus

203 1611 303 1651 Vaz
344 1621 505 1650 omnes
542 1609 640 1649 fere
676 1608 892 1648 civitates
927 1612 1067 1658 atque
1107 1605 1277 1657 oppida
1316 1604 1510 1644 finitima
1550 1603 1834 1644 monasterio

205 1681 365 1722 Sancti
384 1680 552 1721 Felicis
577 1680 861 1720 circuierunt
883 1689 1030 1729 usque
1052 1677 1111 1717 ad
1131 1682 1318 1728 portum
1337 1675 1366 1726 ⁴²,
1391 1676 1626 1726 multaque
1653 1674 1787 1714 nobis
1808 1686 1836 1714 a

205 1764 252 1792 se
274 1758 429 1803 gesta,
456 1757 555 1791 tum
575 1749 898 1791 concionando
920 1755 1018 1789 tum
1041 1747 1272 1788 audiendo
1296 1746 1635 1794 confessiones,
1664 1756 1747 1796 per
1769 1744 1836 1790 lit-

206 1831 331 1863 teras
357 1823 498 1862 latius
526 1822 824 1862 nunciarunt.
854 1820 914 1860 Hi
935 1831 1048 1859 sane
1070 1818 1329 1870 apostolico
1351 1829 1542 1857 munere
1563 1816 1834 1867 funguntur,

206 1894 377 1945 quippe
394 1893 472 1944 qui
488 1893 718 1941 civitates,
739 1891 924 1943 oppida,
940 1891 1090 1940 vicos,
1108 1890 1262 1939 villas,
1287 1900 1494 1940 campos,
1520 1898 1662 1938 agros
1678 1897 1833 1938 quam-

206 1964 430 2014 plurimos
447 1968 771 2014 peragrantes,
796 1961 1105 2012 eleemosynis
1125 1960 1307 2009 vivunt,
1331 1960 1376 1999 in
1394 1959 1642 2010 hospitalia
1659 1970 1709 1998 se
1724 1957 1836 1997 reci-

209 2036 352 2087 piunt,
377 2035 658 2086 pauperibus
679 2033 1007 2084 evangelizant
1036 2043 1091 2072 ac
1119 2031 1419 2081 subveniunt,
1450 2030 1669 2070 divitibus
1696 2028 1838 2068 libere

210 2108 473 2158 loquuntur,
499 2111 636 2157 atque
654 2104 850 2156 denique
874 2103 1039 2154 impios
1061 2115 1088 2142 a
1109 2102 1361 2142 sceleribus
1383 2101 1632 2150 deterrent,
1656 2100 1758 2151 pios
1780 2098 1839 2138 ad

211 2178 402 2218 meliora
420 2182 694 2228 provocant:
719 2175 828 2227 quid
844 2175 1013 2226 plura?,
1032 2174 1193 2225 pigros
1214 2185 1241 2212 a
1262 2172 1441 2212 desidia
1458 2177 1678 2221 avocant,
1702 2170 1840 2210 fervi-

210 2249 293 2289 dos
329 2249 388 2289 ad
420 2247 711 2288 subeundam
740 2257 928 2286 crucem
964 2245 1184 2294 invitant,
1223 2255 1339 2295 quos
1369 2243 1457 2283 etsi
1491 2242 1643 2283 studio
1680 2252 1840 2282 omnes

211 2320 534 2372 prosequimur
566 2319 704 2369 longe
738 2323 893 2357 tamen
929 2328 1064 2356 secus
1102 2321 1171 2355 est
1193 2314 1222 2352 ⁵.
1253 2314 1395 2355 Orate
1430 2314 1572 2365 igitur
1603 2313 1764 2353 Patres
1785 2324 1841 2352 ac

211 2392 401 2432 Fratres
418 2390 683 2441 Dominum,
702 2395 752 2429 ut
767 2389 919 2429 mittat
937 2400 995 2428 ex
1011 2387 1144 2428 nobis
1162 2387 1418 2438 operarios,
1438 2386 1524 2426 etsi
1539 2397 1633 2425 non
1650 2385 1839 2425 omnino

212 2463 377 2503 litteris
399 2461 700 2501 confirmatos
728 2461 802 2499 vel
829 2460 983 2510 aliquo
1012 2459 1239 2498 virtutum
1265 2469 1437 2508 genere
1464 2457 1682 2496 munitos.
1720 2454 1841 2506 Quid

212 2534 334 2573 enim
354 2532 501 2582 nobis,
526 2532 603 2583 qui
626 2530 747 2570 hanc
768 2529 1047 2570 Societatem
1069 2529 1216 2569 divini
1238 2527 1436 2580 Spiritus
1464 2528 1621 2568 afflatu
1642 2526 1841 2577 ingressi

212 2615 385 2655 sumus,
410 2603 613 2643 deterius
640 2602 910 2652 contingere
931 2606 1110 2652 posset,
1134 2612 1275 2652 quam
1301 2600 1339 2639 si
1360 2599 1431 2639 his
1452 2598 1681 2650 angustiis
1701 2597 1837 2637 inter-

212 2675 343 2725 clusi,
380 2680 648 2715 nostrorum
680 2671 908 2723 majorum
944 2671 1142 2722 vestigia
1176 2671 1307 2722 sequi
1332 2681 1638 2722 nequeamus,
1668 2674 1834 2708 aetate-

212 2758 301 2797 que
332 2745 428 2797 jam
462 2745 663 2785 confecti
697 2743 756 2783 ad
791 2743 966 2782 nullum
999 2742 1208 2782 laborem
1243 2748 1323 2782 aut
1356 2741 1613 2792 periculum
1651 2745 1842 2791 propter

269 2905 277 2923 ¹
319 2904 435 2932 Sermo
449 2908 501 2932 est
516 2904 555 2931 de
569 2903 696 2931 litteris
711 2903 753 2929 ab
774 2901 905 2936 Ignatio
930 2901 972 2928 ad
998 2901 1121 2928 fratres
1146 2901 1177 2928 in
1202 2900 1352 2935 Collegio
1377 2899 1643 2928 Conimbricensi
1666 2898 1841 2926 studentes

214 2953 304 2980 datis
322 2952 447 2979 Romae
465 2952 497 2978 17
511 2951 590 2985 Maji
606 2951 704 2985 hujus
720 2950 798 2976 anni
816 2949 893 2976 1547.

268 3000 281 3019 ·-'
319 3006 422 3033 usque
437 2999 479 3026 ad
494 3000 612 3026 urbem
625 2998 757 3029 Portus,
778 2997 914 3032 oporto.

269 3048 281 3065 ·“·
321 3047 385 3079 Sic;
401 3054 460 3073 nec
475 3046 681 3073 sententiam
696 3049 790 3072 certo
806 3045 970 3079 capimus.
