1987 3260
241 194 312 231 380
751 194 978 230 LITTERAE
1004 203 1359 236 QUADRmEsTREs

239 300 367 328 more
389 289 634 329 dominicis
655 289 974 340 festorumque
1004 289 1165 329 diebus
1194 290 1399 340 peccatis
1421 290 1645 330 confessis
1836 289 1862 340 ¹,

234 360 580 399 Eucharistiam
597 371 794 410 sumere,
807 370 1008 410 (litorum
1023 363 1159 399 tanta
1176 364 1246 400 est
1258 360 1510 400 multitudo
1527 364 1580 400 nt
1594 361 1778 411 quadra
1782 371 1861 410 ge-

236 429 409 469 simum
436 429 528 469 Iziis
554 430 661 480 (sic)
690 430 850 469 diebus
871 441 965 469 non
985 441 1099 469 raro
1121 430 1351 470 excedant
1369 442 1614 483 numeram
1628 463 1638 480 ,
1660 431 1737 482 qui
1769 431 1862 482 qui-

236 500 341 540 dem
363 501 739 540 constantissime
760 507 1078 552 perseverant.
1102 501 1173 541 EX
1194 501 1249 540 iis
1270 513 1383 541 vero
1404 502 1613 542 nonnulli
1634 505 1796 541 tantos
1817 502 1863 541 in

236 571 410 611 virtute
440 571 592 612 fecere
620 583 900 622 progressus
920 575 972 611 ztt
1001 572 1317 623 quotidianam
1338 577 1382 611 et
1403 573 1717 612 conscientiae
1739 584 1861 612 scru-

234 642 455 681 tationem
477 648 519 681 et
540 642 794 681 orationem
815 642 1036 691 habemns
1055 641 1262 693 quidam,
1286 642 1458 682 mundo
1480 643 1665 682 omnino
1682 643 1859 691 relicto,

236 713 559 752 monachalem
594 712 679 751 sibi
715 713 939 763 elegerint
972 713 1133 763 vitam,
1167 724 1284 764 quos
1318 713 1522 764 quidem,
1555 714 1595 752 si
1615 713 1748 753 nobis
1767 712 1863 763 jam

234 783 389 833 ampla
411 781 573 822 fuisset
595 783 774 832 domus,
798 783 844 822 in
864 782 1147 823 Societatem
1167 783 1321 834 potius
1337 794 1475 833 quam
1497 784 1543 822 in
1560 783 1702 822 ullum
1724 784 1864 823 alium

236 853 445 893 ordinem
467 854 760 903 ingressuros
790 853 934 893 fuisse
962 854 1214 904 credimus,
1243 854 1365 904 quod
1392 853 1556 893 multis
1582 854 1864 894 testantibus

229 928 378 975 pates.
411 923 680 975 Spiritualia
710 925 934 964 exercitia
961 925 1114 964 fecere
1144 925 1373 975 nonnulli,
1404 925 1544 964 iidem
1564 925 1862 975 praestantis-

234 995 339 1034 simi
360 995 708 1046 acutissimiquc
728 995 925 1046 ingenii,
950 996 1078 1035 multi
1100 995 1426 1035 vacationibus
1448 996 1519 1034 his
1540 995 1590 1035 id
1611 1000 1865 1046 praestare

235 1066 408 1105 sitiunt.
446 1065 752 1116 Presbyteros
786 1071 881 1105 tres
918 1066 965 1105 in
988 1066 1184 1116 *fratres
1217 1066 1502 1116 recepimus,
1541 1078 1737 1118 quorum
1771 1066 1862 1106 duo

233 1136 521 1175 christianae
534 1136 864 1187 philosophiae
885 1147 1056 1176 cursus
1078 1137 1215 1176 finem
1232 1137 1444 1187 attigere,
1469 1136 1595 1176 alius
1616 1148 1698 1188 per
1722 1138 1863 1177 trium

235 1219 463 1246 annorum
485 1208 767 1247 curriculum
789 1208 830 1246 ei
852 1208 1046 1247 navavit
1064 1220 1269 1258 operam.
1290 1208 1477 1248 Horum
1499 1212 1541 1248 et
1558 1208 1606 1247 in
1623 1208 1869 1259 superiori

233 1278 424 1318 memini
446 1278 659 1329 epistola.
691 1279 761 1318 Ex
788 1279 954 1329 quibus
985 1279 1074 1319 duo
1110 1278 1422 1319 Salmanticae
1459 1279 1860 1319 concionabantur

227 1350 434 1401 publice,
473 1351 739 1390 doctrinam
779 1350 1051 1402 reliquaque
1093 1351 1360 1390 necessaria
1399 1351 1632 1390 habentes.
1674 1351 1861 1390 Horum

234 1433 360 1460 unns
380 1421 429 1459 in
451 1421 693 1460 exercitiis
714 1433 839 1460 mine
859 1425 1029 1461 manet.
1050 1421 1180 1461 Multi
1198 1422 1275 1461 alii
1297 1422 1509 1461 doctrina
1526 1421 1734 1472 insignes
1754 1422 1859 1471 viri,

233 1503 339 1531 cum
374 1491 519 1531 divini
554 1493 725 1531 amoris
761 1492 1022 1532 certissimo
1052 1491 1206 1542 jaculo
1235 1492 1325 1531 sint
1352 1492 1606 1542 vulnerati,
1638 1491 1860 1531 Societati

234 1574 326 1601 non
339 1573 505 1612 parum
519 1562 708 1602 initiari
718 1562 746 1599 ⁴².
762 1562 1124 1602 Versutissimus
1137 1569 1292 1602 tamen
1305 1563 1378 1602 ille
1392 1574 1446 1602 ac
1459 1562 1664 1602 lubricus
1677 1562 1858 1613 anguis,

234 1632 410 1681 primus
446 1633 576 1684 pacis
610 1639 799 1672 nostrae
828 1633 1065 1683 inimicus,
1095 1645 1188 1672 non
1220 1633 1387 1672 desinit
1424 1633 1665 1672 obstacula
1698 1633 1859 1672 nescio

233 1715 351 1755 quae
370 1702 584 1754 objicere3
606 1703 733 1743 Deus
750 1710 905 1743 tamen
924 1703 1136 1755 Optimus
1157 1704 1403 1755 Maximus,
1424 1704 1501 1755 qui
1524 1704 1607 1743 hos
1626 1703 1859 1743 adducere

234 1774 455 1825 dignatus
485 1780 573 1823 est,
604 1775 807 1825 reliquos
829 1775 969 1815 etiam
991 1775 1174 1815 adferre
1197 1775 1315 1824 (sic).
1346 1775 1553 1815 Veniunt
1575 1775 1733 1815 itidem
1750 1787 1859 1814 non-

232 1845 345 1884 nulli
366 1852 415 1885 ut
438 1857 543 1885 cum
568 1844 783 1885 Patribus
815 1846 870 1885 de
898 1846 1036 1885 rebus
1063 1846 1149 1897 piis
1180 1846 1586 1897 sanctissimisque
1612 1845 1860 1885 familiaria

231 1916 435 1955 excitent
457 1916 701 1967 colloquia,
723 1916 799 1968 qui
817 1928 976 1956 omncs
994 1917 1199 1956 maxima
1217 1916 1321 1956 inde
1338 1922 1580 1967 reportant
1595 1917 1856 1958 utilitatem.

235 1986 474 2026 Vocamur
494 1992 739 2037 praetcrea
762 1987 926 2027 crebro
949 1993 997 2027 ut
1019 1988 1077 2027 ad
1100 1987 1348 2027 coelestem
1376 1987 1501 2026 illam
1531 1988 1732 2038 patriam
1761 1999 1860 2038 per-

231 2057 444 2096 volantes
467 2056 755 2108 adjuvemus3
779 2069 865 2097 nec
889 2059 1039 2098 solum
1069 2058 1146 2109 qui
1177 2058 1222 2098 id
1251 2069 1401 2109 genus
1430 2058 1616 2109 pietatis
1642 2063 1861 2098 exercent

231 2127 447 2167 morienti
482 2139 618 2178 opem
651 2127 829 2179 serunt3
865 2140 1031 2168 verum
1061 2135 1105 2168 et
1135 2129 1366 2168 incidente
1393 2129 1640 2169 occasione
1667 2129 1858 2168 circum-

230 2203 409 2238 stantes
432 2204 620 2238 monent
641 2211 696 2238 ac
718 2199 965 2239 hortantur
993 2205 1041 2239 ut
1068 2200 1113 2239 in
1142 2200 1187 2239 id
1213 2200 1392 2251 seipsos
1422 2205 1587 2250 parent
1616 2199 1854 2250 temporis,

232 2269 567 2308 conscientiam
590 2269 646 2308 ab
672 2270 796 2308 omni
824 2270 926 2309 labe
946 2270 1246 2321 mundantes;
1270 2276 1317 2310 ut
1341 2282 1490 2321 nuper
1513 2269 1728 2319 contigit.
1754 2269 1856 2319 Qui-

231 2339 339 2378 dam
359 2339 483 2378 enim
506 2351 644 2390 eques
664 2340 712 2379 in
733 2340 819 2380 lmc
836 2340 1023 2380 civitate
1034 2341 1242 2392 pm'imcs,
1259 2341 1485 2392 proximis
1503 2341 1678 2391 diebus,
1698 2346 1768 2380 ter
1784 2341 1859 2379 vel

232 2415 397 2460 quater
419 2410 477 2449 ad
506 2411 667 2449 ultima
696 2411 928 2462 pervenit,
949 2423 1040 2462 quo
1062 2411 1199 2451 Pater
1220 2412 1399 2451 Doctor
1420 2411 1603 2462 petitus
1631 2423 1679 2450 se
1701 2418 1857 2450 contu-

231 2480 298 2530 lit,
322 2479 454 2530 eique
476 2480 681 2520 animum
708 2487 756 2520 ut
786 2487 972 2521 strenue
1006 2488 1237 2533 pugnaret
1258 2481 1484 2522 adversus
1513 2481 1683 2521 diaboli
1714 2486 1858 2520 tenta-

233 2550 382 2589 tiones
400 2556 595 2590 conatus
613 2558 681 2590 est
698 2552 883 2591 addere.
904 2552 976 2592 Ea
995 2556 1150 2592 minen
1168 2553 1254 2600 die,
1276 2564 1367 2604 qua
1384 2552 1587 2592 animam
1603 2551 1856 2602 exhalavit,

235 2620 381 2660 adfuit
412 2632 514 2660 cnm
549 2621 642 2660 alio
676 2622 819 2669 socio,
846 2623 926 2661 ubi
949 2623 1066 2662 hona
1095 2623 1496 2662 salmantinorum
1516 2621 1722 2672 equitnm
1737 2627 1859 2673 pars

233 2702 326 2730 nou
361 2692 538 2742 deerat,
575 2703 655 2731 nec
689 2693 883 2732 aberant
917 2693 1056 2733 eliam
1091 2695 1341 2733 multorum
1375 2693 1589 2733 ordinum
1623 2692 1857 2742 monachi;

232 2772 336 2801 cum
357 2767 512 2802 alitem
533 2763 740 2813 equitnm
761 2767 930 2802 conatu
963 2777 988 2803 a
1017 2776 1229 2804 sermone
1259 2764 1563 2813 destitissent,
1598 2769 1693 2803 tum
1721 2763 1858 2803 Pater

287 2897 296 2917 ¹
338 2897 397 2924 Est
414 2898 501 2924 inter
518 2899 690 2933 confessis
704 2903 737 2926 et
753 2899 1020 2926 Euclzmu'ssz'am
1039 2901 1241 2926 vocabulum
1254 2900 1420 2932 quoddam
1436 2899 1482 2925 sie
1499 2898 1594 2925 lincis
1611 2904 1807 2932 coopertum
1820 2901 1857 2924 ut

234 2944 301 2978 legi
316 2952 379 2971 non
394 2945 511 2978 possit.

286 2992 299 3010 ·-'
339 2991 404 3024 Sic,
420 2993 588 3019 sententia
605 3000 667 3019 non
682 2993 846 3027 perfecta.
