1987 3260
892 120 965 156 ΑΝ,
1000 118 1090 157 1552
1733 119 1801 157 671

174 215 305 267 cujus
332 217 409 267 pio
436 215 705 267 desyderio‚
738 226 894 266 spero,
926 226 999 254 me
1027 213 1113 254 Dei
1142 214 1296 265 gratia
1325 214 1695 254 satisfacturum.
1731 214 1802 255 De

175 287 263 327 hoc
302 286 494 338 speciali
531 285 780 326 Societatis
824 285 1006 325 fautore
1050 285 1194 325 multa
1235 284 1358 324 bona
1403 285 1636 335 speranda
1678 292 1801 324 sunt.

175 356 306 397 Duos
325 356 464 397 habet
484 361 699 408 nepoteS‚
724 356 958 396 studiosos
978 354 1321 405 adolescentes,
1345 365 1464 406 quos
1480 355 1655 395 nostris
1675 354 1802 395 habi-

174 433 277 468 tare
297 427 499 467 maxime
522 427 669 478 cupit,
694 433 742 466 ut
758 425 973 478 proprias
990 436 1222 476 expensas
1237 424 1433 475 faciant,
1452 436 1581 465 more
1596 425 1805 466 omnium

177 498 396 547 aliorum,
433 497 510 548 qui
547 496 790 537 nobiscum
825 502 931 536 sunt
966 506 1160 535 numero
1195 494 1569 546 quatuordecim,
1606 506 1803 547 quorum

175 568 400 619 quinque,
424 574 530 619 post
551 569 720 607 multas
740 578 904 619 preces
925 566 1048 617 apud
1078 577 1150 605 me
1177 565 1413 617 profusas,
1437 578 1493 606 ac
1513 566 1803 606 habilitatem

176 645 393 687 naturae,
424 638 594 677 bonam
627 638 823 689 denique
850 637 921 676 sui
947 648 1078 688 spem
1103 635 1358 688 proditam,
1390 647 1463 676 me
1490 637 1802 688 permittente,

176 709 275 760 ipso
298 708 679 749 Circumcisionis
699 708 886 748 Domini
910 706 983 747 die
1010 713 1171 747 votum
1192 707 1507 747 studiosorum
1532 705 1799 757 Societatis,

175 790 346 829 magno
370 791 476 819 cum
496 778 668 830 gaudio
690 784 734 818 et
755 778 947 830 spiritus
967 777 1279 828 exultatione,
1313 777 1581 817 emiserunt.
1606 777 1738 828 Quod
1761 784 1805 818 et

170 848 356 899 juvenis
397 850 514 889 alius
554 848 844 889 naturalibus
883 848 999 888 bene
1045 848 1231 888 dotatus
1270 848 1343 888 his
1380 848 1608 899 proximis
1643 848 1806 888 diebus

174 920 303 960 fecit:
326 921 482 971 plures
504 920 697 969 instant,
722 919 842 959 inter
869 931 985 970 quos
1018 925 1087 958 est
1113 919 1233 958 filius
1263 917 1500 958 Praetoris
1523 917 1803 970 Genippien-

174 991 238 1031 sis
268 991 292 1039 ¹,
329 991 600 1030 adolescens
631 990 822 1030 maximi
849 989 1038 1040 ingenii.
1076 988 1210 1029 Adde
1245 989 1367 1040 quod
1400 989 1558 1029 frisius
1597 989 1804 1040 quidam,

174 1061 319 1110 dives,
344 1060 738 1111 jurisprudentiae
763 1060 1011 1109 studiosus,
1045 1059 1248 1111 peractis
1267 1058 1364 1109 jam
1386 1070 1559 1109 magno
1585 1070 1690 1099 cum
1713 1059 1804 1099 fru—

170 1140 250 1171 ctu
281 1131 535 1181 exercitiis3
559 1142 608 1170 se
636 1137 782 1170 toturn
813 1130 1000 1171 Christo
1022 1141 1077 1170 ac
1099 1130 1206 1170 huic
1228 1136 1418 1170 nostrae
1445 1129 1670 1170 Societati
1692 1116 1806 1170 dare

173 1202 448 1241 deliberavit
469 1200 498 1241 ².

252 1272 382 1312 Multi
403 1271 704 1322 Sacerdotes,
729 1272 964 1322 canonici,
989 1278 1033 1311 et
1049 1271 1243 1311 studiosi
1259 1272 1445 1323 plurimi
1462 1272 1602 1312 aedes
1619 1277 1807 1312 nostras

172 1342 479 1394 frequentant.

252 1414 335 1453 His
356 1414 592 1454 mensibus
614 1425 708 1453 non
728 1414 867 1464 pauci
894 1413 1080 1453 fuerunt
1109 1414 1155 1453 in
1184 1413 1442 1463 exercitiis,
1466 1425 1552 1453 nec
1575 1414 1691 1453 citra
1715 1425 1810 1452 am-

171 1486 296 1535 plum
316 1484 532 1524 fructum.

253 1555 581 1596 Confitentium
603 1567 830 1595 numerus
852 1562 1050 1606 augetur
1072 1555 1119 1594 in
1141 1555 1252 1595 dies.

251 1625 461 1676 Rogatus
481 1626 546 1666 fui
567 1638 594 1665 a
615 1626 814 1666 Rectore
836 1626 1012 1666 Bursae
1030 1625 1249 1665 Lucanae
1266 1625 1294 1676 ⁵,
1318 1631 1367 1666 ut
1389 1637 1471 1666 suo
1489 1626 1678 1666 nomine
1698 1637 1808 1665 con-

172 1697 349 1737 cionari
368 1697 537 1736 vellem
556 1697 603 1736 in
623 1697 826 1748 quadam
848 1696 1045 1736 ecclesia
1068 1696 1252 1747 publica
1282 1696 1444 1736 diebus
1464 1696 1729 1736 Dominicis
1750 1709 1807 1736 ac

172 1767 371 1807 festivis:
395 1767 516 1819 quod
543 1779 636 1807 non
662 1767 836 1818 absque
867 1766 1043 1816 fructu,
1078 1772 1126 1806 ut
1157 1778 1314 1818 spero,
1348 1772 1391 1807 et
1421 1778 1594 1817 magna
1627 1767 1807 1807 audito-

173 1850 275 1878 rum
300 1838 582 1889 frequentia,
611 1839 836 1878 hactenus
867 1838 968 1877 feci.
1003 1838 1107 1890 Jam
1138 1849 1251 1877 vero
1281 1838 1391 1877 alibi
1419 1838 1588 1889 incipio
1621 1839 1807 1878 concio-

173 1909 274 1948 nari
303 1909 497 1948 multum
522 1916 716 1959 rogatus
746 1920 772 1948 a
807 1909 895 1948 loci
926 1909 1047 1948 illius
1077 1909 1350 1948 rectoribus.
1381 1908 1494 1948 Mihi
1525 1920 1578 1948 eo
1608 1909 1654 1948 in
1685 1910 1803 1955 loco,

172 1991 308 2031 quem
335 1991 457 2018 nunc
486 1979 717 2029 relinquo,
749 1979 954 2018 succedit
982 1978 1029 2018 P.
1060 1978 1318 2029 Arnoldus,
1353 1979 1429 2030 qui
1460 1990 1682 2030 magnam
1702 1991 1805 2030 pro-

172 2050 292 2089 fecto
315 2050 497 2090 dicendi
518 2050 719 2100 gratiam
746 2050 905 2099 habet,
936 2061 1026 2100 qua
1056 2049 1142 2088 sibi
1170 2049 1304 2088 facile
1334 2050 1601 2090 auditorum
1623 2050 1804 2089 animos

174 2121 409 2161 conciliat.

252 2192 301 2232 In
335 2192 452 2232 festo
484 2191 766 2231 sanctissimi
797 2190 997 2230 nominis
1027 2190 1157 2243 Jesu,
1191 2191 1313 2242 quod
1347 2191 1533 2242 quidem
1563 2191 1702 2231 Valde
1736 2203 1805 2231 so—

172 2262 384 2302 lemniter
406 2261 765 2311 celebravimuS,
795 2261 1036 2311 egregiam
1063 2260 1222 2300 habuit
1244 2261 1317 2300 hic
1338 2260 1388 2300 P.
1413 2261 1805 2302 declamationem

173 2345 278 2373 cum
312 2344 483 2383 magna
518 2331 782 2371 auditorum
816 2331 1155 2381 satisfactione,
1195 2332 1272 2382 qui
1307 2331 1371 2382 (ut
1406 2332 1627 2382 intellexi)
1665 2333 1805 2372 trium

173 2404 394 2443 horarum
420 2414 523 2443 eam
551 2402 826 2450 voluissent,
858 2413 976 2453 quae
1004 2402 1202 2441 duarum
1222 2401 1358 2442 facile
1385 2403 1484 2443 fuit.
1514 2403 1726 2443 Aderant
1759 2403 1804 2442 in

176 2482 334 2514 nostra
358 2475 462 2514 aula
485 2473 721 2513 auditores
742 2473 898 2524 plures
915 2479 1121 2523 centum,
1142 2479 1187 2512 et
1203 2473 1324 2513 inter
1346 2474 1429 2513 hos
1450 2486 1543 2514 non
1564 2474 1659 2513 rari
1680 2474 1805 2513 nobi-

230 2632 237 2650 ¹
278 2631 333 2658 Sic
358 2636 537 2664 utrumque
563 2636 715 2657 nostrum
739 2630 986 2665 apographum;
1013 2635 1047 2657 at
1072 2630 1103 2657 in
1130 2631 1356 2665 autographis
1380 2631 1524 2659 Kesselii
1545 2632 1671 2659 litteris
1686 2632 1806 2659 ultima

176 2679 351 2705 Februarii
366 2679 464 2712 hujus
477 2678 554 2705 anni
567 2678 667 2709 datis,
690 2685 774 2711 quae
794 2685 897 2712 supra
909 2686 938 2704 n.
954 2677 1129 2704 CXXVIII
1142 2678 1321 2707 habentur.
1335 2679 1498 2713 scriptum
1511 2679 1687 2713 perspicue
1699 2680 1744 2710 (et
1756 2687 1806 2706 re<

174 2732 224 2753 cte
241 2726 385 2760 quidem,
401 2730 437 2752 ut
453 2726 548 2752 nobis
571 2726 719 2757 videtur)
736 2725 1009 2760 Genappiensis,
1023 2733 1043 2752 a
1061 2725 1240 2759 Ge'nappe,
1255 2726 1341 2759 quod
1357 2733 1476 2753 nomen
1492 2730 1543 2752 est
1559 2726 1735 2760 cujusdam
1750 2734 1806 2761 op·

175 2774 239 2807 pidi
258 2774 291 2800 in
307 2772 434 2807 Belgio.
452 2772 667 2807 Reiffenberg
681 2777 795 2800 tamen
810 2773 929 2800 scribit
949 2773 1218 2807 Gennepiensis.

228 2822 239 2839 ²
278 2820 363 2847 Vide
380 2827 492 2854 supra.
508 2827 538 2846 n.
556 2819 738 2852 cxxvin,
754 2827 832 2855 pag.
848 2820 910 2853 546,
927 2824 997 2847 not.
1013 2820 1039 2846 2.

228 2868 241 2886 ³
278 2867 332 2894 Ita
354 2867 530 2901 perspicue
556 2872 736 2901 utrumque
761 2868 1016 2902 apographum;
1042 2867 1100 2894 sed
1123 2867 1155 2894 in
1180 2867 1324 2895 Kesselii
1349 2866 1574 2901 autographis
1599 2871 1650 2894 est
1672 2875 1808 2902 semper

175 2916 326 2946 Cucana,
343 2914 523 2946 Cucanae'
537 2922 602 2943 non
616 2915 724 2942 minus
739 2915 934 2949 perspicue,
948 2920 1050 2949 atque
1068 2916 1116 2943 ita
1131 2922 1265 2949 semper
1280 2914 1440 2942 scribitur
1456 2921 1476 2941 a
1491 2913 1718 2949 Reiffenberg.
