1987 3260
865 227 944 265 AN.
976 226 1063 265 1551
1703 227 1774 265 409

144 325 213 364 los
235 325 376 364 etiam
396 324 573 364 nobiles
594 324 653 364 ad
673 323 722 364 P.
749 323 757 342 ¹
788 330 835 364 ut
863 323 918 364 de
947 323 1155 374 peccatis
1182 322 1536 373 confiterentur,
1567 324 1644 374 qui
1675 324 1769 375 qui—

144 396 248 436 dem
275 401 318 435 et
345 406 530 435 sacram
558 407 649 435 una
677 395 921 435 nobiscum
953 395 1193 445 cupientes
1220 394 1458 445 suscipere
1487 395 1770 434 communio—

144 478 271 517 nem,
296 472 344 506 ut
369 465 654 518 temporibus
686 466 787 506 istis
815 465 873 506 ad
904 465 949 505 id
973 477 1074 505 sese
1101 465 1215 505 satis
1241 464 1439 505 humiles
1466 465 1770 516 praebebant.

142 537 408 588 Augeretur
429 537 595 577 horum
616 548 859 586 numerus,
883 542 933 576 ut
953 547 1112 587 spero,
1137 535 1367 587 siquidem
1387 541 1431 575 et
1453 535 1769 586 sacerdotum,

143 608 218 659 qui
239 620 319 648 eos
340 607 567 657 audirent,
590 619 811 648 numerus
831 612 1096 658 augeretur,
1122 612 1200 646 aut
1222 607 1261 646 si
1280 606 1397 646 forte
1418 606 1642 646 lectiones
1673 606 1769 646 illa-

138 691 225 730 que
256 679 459 730 negotia,
492 690 610 730 quae
639 678 801 718 Patres
830 683 1016 717 nostros
1049 677 1284 728 distinent‚
1316 688 1410 716 non
1444 682 1606 726 totum,
1645 676 1770 728 quod

142 750 363 801 suppetit,
401 756 582 800 tempus
618 749 705 789 sibi
741 749 842 788 dari
877 754 1206 799 exposcerent;
1248 748 1373 799 quod
1408 747 1446 787 si
1480 746 1655 798 aliquid
1692 747 1771 786 ali-

145 819 330 871 quando
360 820 417 859 ab
440 820 511 859 his
543 819 754 859 subtrahi
774 819 920 870 possit
948 819 1192 870 temporis,
1224 817 1269 858 id
1296 823 1443 857 totum
1470 823 1549 857 aut
1576 816 1771 857 infirmis

143 890 400 930 invisendis
420 897 500 930 aut
523 890 661 929 alicui
682 888 946 941 hujusmodi
968 900 1139 940 operae
1160 889 1264 940 piae
1285 888 1587 928 libentissime
1616 887 1768 927 datur.

222 960 346 1001 Dum
366 961 412 1000 in
433 972 694 1000 sermonem
716 961 771 1000 de
792 959 986 1000 infirmis
1009 958 1269 1009 incidimus,
1294 959 1350 999 de
1370 959 1543 999 nostris
1565 959 1705 998 etiam
1727 959 1773 998 in

143 1037 343 1071 mentem
363 1032 513 1081 venit,
538 1043 654 1083 quos
675 1031 892 1082 quadam,
915 1036 1020 1082 post
1043 1030 1296 1070 adventum
1317 1030 1406 1069 huc
1428 1036 1655 1079 nostrum,
1680 1030 1772 1080 pie-

143 1111 235 1142 tate
257 1102 485 1142 Dominus
507 1103 729 1153 exercuit,
755 1114 810 1142 ac
830 1103 995 1153 paucis
1016 1101 1210 1142 subinde
1232 1101 1393 1141 diebus
1414 1101 1550 1140 solita
1578 1112 1663 1140 sua
1687 1101 1773 1140 cle-

145 1173 318 1213 mentia
352 1173 581 1212 liberavit.
612 1173 707 1212 Vix
734 1173 825 1212 huc
854 1173 1206 1224 appuleramus,
1239 1171 1348 1211 dum
1375 1171 1515 1211 febris
1544 1171 1775 1222 quaedam

143 1250 391 1294 utcumque
411 1243 574 1293 gravis
596 1241 885 1293 Suetonium,
909 1243 1177 1293 Martinum,
1198 1242 1527 1292 Guilhelmum,
1546 1241 1775 1282 Brictium

143 1326 198 1354 ac
210 1313 450 1364 Moralem,
470 1314 639 1353 fratres
656 1314 998 1365 dilectissimos,
1018 1314 1272 1365 invaserat,
1291 1325 1410 1365 quae
1427 1312 1614 1365 quidem
1630 1319 1772 1362 certe,

141 1385 273 1424 brevi
294 1384 551 1435 discedens,
576 1396 670 1424 non
693 1391 742 1424 ut
763 1396 985 1436 corpora,
1010 1386 1153 1425 multo
1183 1385 1362 1424 itineris
1390 1385 1549 1424 labore
1578 1384 1773 1435 aliisque

142 1455 448 1495 incommodis
469 1455 741 1506 defatigata,
765 1462 974 1505 vexaret,
999 1467 1164 1495 verum
1183 1462 1232 1495 ut
1252 1456 1398 1495 multa
1422 1455 1650 1495 charitate
1682 1466 1771 1494 me-

140 1527 270 1567 dicos
290 1526 519 1578 quosdam
539 1526 672 1566 nobis
693 1525 1012 1577 conjungeret,
1036 1526 1139 1566 visa
1161 1532 1231 1565 est
1251 1526 1523 1565 accessisse.
1559 1525 1619 1565 Hi
1649 1525 1774 1565 enim

141 1609 235 1637 non
256 1598 406 1637 solum
426 1598 546 1637 ultro
568 1608 701 1637 suam
722 1609 914 1648 operam
934 1597 1290 1648 pollicebantur,
1312 1608 1479 1636 verum
1500 1596 1640 1636 etiam
1662 1602 1706 1635 et
1727 1595 1773 1635 id

141 1674 378 1719 exoptare,
403 1675 447 1708 et
467 1673 569 1708 uter
589 1680 694 1708 eam
720 1673 1004 1719 praestaret,
1033 1673 1198 1707 sancta
1229 1667 1431 1719 quadam
1461 1667 1774 1707 aemulatione

143 1739 423 1779 contendere
445 1739 735 1779 vibebantur.
768 1738 1048 1790 Compenset
1078 1738 1205 1778 Deus
1233 1738 1338 1789 Opt.
1367 1737 1491 1778 Max.
1522 1737 1773 1788 largitione

142 1810 324 1860 gratiae
345 1810 530 1850 illorum
553 1810 761 1861 ipsorum
781 1816 825 1850 et
847 1821 1038 1861 operam
1059 1815 1103 1849 et
1124 1810 1430 1849 voluntatem.

221 1880 518 1933 Sci-ipsimus,
538 1881 676 1920 Pater
693 1881 1133 1931 observandissime,
1154 1880 1207 1920 R.
1231 1880 1280 1920 Ρ.
1304 1880 1375 1931 Τ.,
1399 1891 1517 1931 quae
1534 1878 1678 1919 menti
1700 1891 1773 1919 oc-

144 1952 406 1992 currebant.
430 1952 564 1992 Nunc
584 1963 697 1991 vero
720 1951 765 1991 id
786 1955 1012 2002 superest,
1042 1957 1091 1991 ut
1118 1963 1204 1991 nos
1231 1956 1337 1990 tuae
1359 1950 1413 1990 R.
1436 1950 1484 1991 P.
1519 1950 1774 1990 humillime

144 2023 536 2073 commendemus,
561 2021 693 2072 cujus
715 2022 1003 2062 orationibus
1023 2033 1114 2073 quo
1144 2021 1296 2072 magis
1326 2020 1609 2071 indigemus,
1644 2026 1775 2060 tanto

143 2094 328 2145 quidem
349 2093 587 2133 ardentius
609 2093 763 2132 cuncti
784 2092 1016 2143 supplices
1037 2104 1118 2132 eas
1140 2092 1393 2143 poscimus.

223 2164 456 2214 Viennae,
480 2164 630 2215 primo
652 2162 938 2215 Septembris
962 2162 1034 2203 die
1060 2162 1174 2202 1551.

226 2233 279 2275 R.
304 2235 354 2275 P.
378 2235 429 2274 T.
453 2235 673 2285 indignus
695 2246 878 2281 servus,

972 2375 1213 2428 JOHANNEs
1235 2388 1295 2415 DE
1312 2375 1556 2416 Vicroffla.

201 2564 211 2584 ¹
251 2563 304 2591 sic
319 2564 422 2591 etiam
438 2569 615 2597 utrumque
630 2567 781 2590 nostrum
794 2563 978 2596 exempla1·;
996 2560 1083 2595 quod
1095 2561 1121 2588 si
1134 2565 1225 2587 recte
1239 2561 1353 2591 habet,
1367 2560 1405 2587 de
1418 2568 1483 2587 uno
1497 2560 1531 2587 P.
1546 2560 1685 2587 Claudio
1706 2560 1776 2593 Iajo

148 2619 258 2638 sermo
273 2618 345 2638 esse
361 2611 505 2638 videtur.
