<?xml version="1.0" encoding="UTF-8"?>
<!DOCTYPE html PUBLIC "-//W3C//DTD XHTML 1.0 Transitional//EN"
    "http://www.w3.org/TR/xhtml1/DTD/xhtml1-transitional.dtd">
<html xmlns="http://www.w3.org/1999/xhtml" xml:lang="en" lang="en">
 <head>
  <title>
</title>
<meta http-equiv="Content-Type" content="text/html;charset=utf-8" />
  <meta name='ocr-system' content='tesseract 3.04.00' />
  <meta name='ocr-capabilities' content='ocr_page ocr_carea ocr_par ocr_line ocrx_word'/>
</head>
<body>
  <div class='ocr_page' id='page_1' title='image "./litteraequadrime1301lain_0636.png"; bbox 0 0 1987 3260; ppageno 0'>
   <div class='ocr_carea' id='block_1_1' title="bbox 271 183 1385 224">
    <p class='ocr_par' dir='ltr' id='par_1_1' title="bbox 271 183 1385 224">
     <span class='ocr_line' id='line_1_1' title="bbox 271 183 1385 224; baseline -0.005 -1"><span class='ocrx_word' id='word_1_1' title='bbox 271 186 341 223; x_wconf 73' lang='lat'>630</span> <span class='ocrx_word' id='word_1_2' title='bbox 778 183 1004 219; x_wconf 76' lang='lat' dir='ltr'>LITTERAE</span> <span class='ocrx_word' id='word_1_3' title='bbox 1031 191 1385 224; x_wconf 77' lang='lat' dir='ltr'><strong>QUADRIMESTRES</strong></span> 
     </span>
    </p>
   </div>
   <div class='ocr_carea' id='block_1_2' title="bbox 271 276 1894 1317">
    <p class='ocr_par' dir='ltr' id='par_1_2' title="bbox 271 276 1890 402">
     <span class='ocr_line' id='line_1_2' title="bbox 271 276 1890 328; baseline -0.003 -7"><span class='ocrx_word' id='word_1_4' title='bbox 271 281 463 321; x_wconf 87' lang='lat' dir='ltr'>arbitrio</span> <span class='ocrx_word' id='word_1_5' title='bbox 484 286 643 319; x_wconf 88' lang='lat' dir='ltr'>nostro</span> <span class='ocrx_word' id='word_1_6' title='bbox 666 279 849 319; x_wconf 87' lang='lat' dir='ltr'>offerret</span> <span class='ocrx_word' id='word_1_7' title='bbox 871 278 929 317; x_wconf 84' lang='lat' dir='ltr'>acl</span> <span class='ocrx_word' id='word_1_8' title='bbox 952 277 1107 316; x_wconf 85' lang='lat' dir='ltr'>omnia</span> <span class='ocrx_word' id='word_1_9' title='bbox 1127 276 1488 328; x_wconf 81' lang='lat' dir='ltr'>paratissimum,</span> <span class='ocrx_word' id='word_1_10' title='bbox 1503 276 1745 328; x_wconf 86' lang='lat' dir='ltr'>jussitque,</span> <span class='ocrx_word' id='word_1_11' title='bbox 1765 282 1890 316; x_wconf 85' lang='lat' dir='ltr'>ante-</span> 
     </span>
     <span class='ocr_line' id='line_1_3' title="bbox 271 346 1762 402; baseline -0.004 -10"><span class='ocrx_word' id='word_1_12' title='bbox 271 363 410 402; x_wconf 79' lang='lat' dir='ltr'>quam</span> <span class='ocrx_word' id='word_1_13' title='bbox 431 351 664 391; x_wconf 85' lang='lat' dir='ltr'>adiremus</span> <span class='ocrx_word' id='word_1_14' title='bbox 688 348 713 400; x_wconf 84' lang='lat'>’,</span> <span class='ocrx_word' id='word_1_15' title='bbox 737 356 785 388; x_wconf 93' lang='lat' dir='ltr'>ut</span> <span class='ocrx_word' id='word_1_16' title='bbox 806 349 869 388; x_wconf 89' lang='lat' dir='ltr'>illi</span> <span class='ocrx_word' id='word_1_17' title='bbox 891 347 1204 387; x_wconf 78' lang='lat' dir='ltr'>indicaremus</span> <span class='ocrx_word' id='word_1_18' title='bbox 1226 347 1265 386; x_wconf 91' lang='lat' dir='ltr'>si</span> <span class='ocrx_word' id='word_1_19' title='bbox 1285 347 1394 397; x_wconf 89' lang='lat' dir='ltr'>quid</span> <span class='ocrx_word' id='word_1_20' title='bbox 1414 346 1547 386; x_wconf 89' lang='lat' dir='ltr'>nobis</span> <span class='ocrx_word' id='word_1_21' title='bbox 1569 347 1762 386; x_wconf 78' lang='lat' dir='ltr'>deesset.</span> 
     </span>
    </p>

    <p class='ocr_par' dir='ltr' id='par_1_3' title="bbox 271 417 1894 1035">
     <span class='ocr_line' id='line_1_4' title="bbox 350 417 1889 469; baseline -0.004 -7"><span class='ocrx_word' id='word_1_22' title='bbox 350 423 478 462; x_wconf 82' lang='lat' dir='ltr'>Haec</span> <span class='ocrx_word' id='word_1_23' title='bbox 501 427 606 461; x_wconf 88' lang='lat' dir='ltr'>sunt</span> <span class='ocrx_word' id='word_1_24' title='bbox 627 419 844 469; x_wconf 83' lang='lat' dir='ltr'>breviter,</span> <span class='ocrx_word' id='word_1_25' title='bbox 876 418 930 458; x_wconf 87' lang='lat' dir='ltr'>R.</span> <span class='ocrx_word' id='word_1_26' title='bbox 945 418 984 444; x_wconf 68' lang='lat' dir='ltr'>de</span> <span class='ocrx_word' id='word_1_27' title='bbox 1006 418 1052 457; x_wconf 91' lang='lat' dir='ltr'>in</span> <span class='ocrx_word' id='word_1_28' title='bbox 1087 417 1272 465; x_wconf 86' lang='lat' dir='ltr'>Christo</span> <span class='ocrx_word' id='word_1_29' title='bbox 1300 417 1372 467; x_wconf 70' lang='lat' dir='ltr'>R,</span> <span class='ocrx_word' id='word_1_30' title='bbox 1401 428 1518 468; x_wconf 82' lang='lat' dir='ltr'>quae</span> <span class='ocrx_word' id='word_1_31' title='bbox 1545 417 1772 457; x_wconf 81' lang='lat' dir='ltr'>Dominus</span> <span class='ocrx_word' id='word_1_32' title='bbox 1801 417 1889 457; x_wconf 86' lang='lat' dir='ltr'>hoc</span> 
     </span>
     <span class='ocr_line' id='line_1_5' title="bbox 272 488 1893 545; baseline -0.004 -12"><span class='ocrx_word' id='word_1_33' title='bbox 272 491 597 545; x_wconf 81' lang='lat' dir='ltr'>quadrimestri</span> <span class='ocrx_word' id='word_1_34' title='bbox 621 491 668 530; x_wconf 89' lang='lat' dir='ltr'>in</span> <span class='ocrx_word' id='word_1_35' title='bbox 696 502 818 530; x_wconf 86' lang='lat' dir='ltr'>novo</span> <span class='ocrx_word' id='word_1_36' title='bbox 847 490 933 529; x_wconf 87' lang='lat' dir='ltr'>hoe</span> <span class='ocrx_word' id='word_1_37' title='bbox 961 488 1167 539; x_wconf 89' lang='lat' dir='ltr'>Collegio</span> <span class='ocrx_word' id='word_1_38' title='bbox 1201 500 1283 539; x_wconf 85' lang='lat' dir='ltr'>per</span> <span class='ocrx_word' id='word_1_39' title='bbox 1318 488 1503 528; x_wconf 84' lang='lat' dir='ltr'>inutiles</span> <span class='ocrx_word' id='word_1_40' title='bbox 1536 489 1747 528; x_wconf 88' lang='lat' dir='ltr'>servulos</span> <span class='ocrx_word' id='word_1_41' title='bbox 1781 498 1893 527; x_wconf 83' lang='lat' dir='ltr'>suos</span> 
     </span>
     <span class='ocr_line' id='line_1_6' title="bbox 271 558 1891 615; baseline -0.004 -11"><span class='ocrx_word' id='word_1_42' title='bbox 271 563 454 615; x_wconf 86' lang='lat' dir='ltr'>operari</span> <span class='ocrx_word' id='word_1_43' title='bbox 474 563 692 613; x_wconf 86' lang='lat' dir='ltr'>dignatus</span> <span class='ocrx_word' id='word_1_44' title='bbox 711 566 794 600; x_wconf 89' lang='lat' dir='ltr'>est.</span> <span class='ocrx_word' id='word_1_45' title='bbox 818 560 1061 611; x_wconf 88' lang='lat' dir='ltr'>Reliquum</span> <span class='ocrx_word' id='word_1_46' title='bbox 1088 565 1176 609; x_wconf 87' lang='lat' dir='ltr'>est,</span> <span class='ocrx_word' id='word_1_47' title='bbox 1207 566 1255 599; x_wconf 88' lang='lat' dir='ltr'>ut</span> <span class='ocrx_word' id='word_1_48' title='bbox 1281 559 1339 598; x_wconf 88' lang='lat' dir='ltr'>V.</span> <span class='ocrx_word' id='word_1_49' title='bbox 1369 558 1418 598; x_wconf 90' lang='lat' dir='ltr'>P.</span> <span class='ocrx_word' id='word_1_50' title='bbox 1449 570 1535 598; x_wconf 90' lang='lat' dir='ltr'>nos</span> <span class='ocrx_word' id='word_1_51' title='bbox 1563 569 1724 598; x_wconf 86' lang='lat' dir='ltr'>omnes</span> <span class='ocrx_word' id='word_1_52' title='bbox 1752 569 1891 609; x_wconf 85' lang='lat' dir='ltr'>quam</span> 
     </span>
     <span class='ocr_line' id='line_1_7' title="bbox 271 628 1890 685; baseline -0.004 -12"><span class='ocrx_word' id='word_1_53' title='bbox 271 634 518 685; x_wconf 82' lang='lat' dir='ltr'>plurimum</span> <span class='ocrx_word' id='word_1_54' title='bbox 545 633 591 672; x_wconf 88' lang='lat' dir='ltr'>in</span> <span class='ocrx_word' id='word_1_55' title='bbox 619 631 927 671; x_wconf 82' lang='lat' dir='ltr'>sanctissimis</span> <span class='ocrx_word' id='word_1_56' title='bbox 953 630 1170 681; x_wconf 83' lang='lat' dir='ltr'>precibus</span> <span class='ocrx_word' id='word_1_57' title='bbox 1197 636 1240 669; x_wconf 95' lang='lat' dir='ltr'>et</span> <span class='ocrx_word' id='word_1_58' title='bbox 1268 629 1511 669; x_wconf 80' lang='lat' dir='ltr'>sacrificiis</span> <span class='ocrx_word' id='word_1_59' title='bbox 1539 628 1890 669; x_wconf 81' lang='lat' dir='ltr'>commendatos</span> 
     </span>
     <span class='ocr_line' id='line_1_8' title="bbox 271 699 1892 752; baseline -0.004 -8"><span class='ocrx_word' id='word_1_60' title='bbox 271 705 438 744; x_wconf 81' lang='lat' dir='ltr'>habeat</span> <span class='ocrx_word' id='word_1_61' title='bbox 473 703 673 743; x_wconf 78' lang='lat' dir='ltr'>maxime</span> <span class='ocrx_word' id='word_1_62' title='bbox 707 707 770 752; x_wconf 85' lang='lat' dir='ltr'>ut,</span> <span class='ocrx_word' id='word_1_63' title='bbox 808 701 846 741; x_wconf 87' lang='lat' dir='ltr'>si</span> <span class='ocrx_word' id='word_1_64' title='bbox 880 701 988 752; x_wconf 85' lang='lat' dir='ltr'>quid</span> <span class='ocrx_word' id='word_1_65' title='bbox 1022 701 1217 740; x_wconf 84' lang='lat' dir='ltr'>feliciter</span> <span class='ocrx_word' id='word_1_66' title='bbox 1253 700 1468 751; x_wconf 79' lang='lat' dir='ltr'>aggressi</span> <span class='ocrx_word' id='word_1_67' title='bbox 1501 711 1674 750; x_wconf 89' lang='lat' dir='ltr'>sumus,</span> <span class='ocrx_word' id='word_1_68' title='bbox 1713 699 1892 738; x_wconf 81' lang='lat' dir='ltr'>felicius</span> 
     </span>
     <span class='ocr_line' id='line_1_9' title="bbox 271 769 1892 824; baseline -0.004 -10"><span class='ocrx_word' id='word_1_69' title='bbox 271 775 424 824; x_wconf 84' lang='lat' dir='ltr'>etiam,</span> <span class='ocrx_word' id='word_1_70' title='bbox 449 773 607 813; x_wconf 79' lang='lat' dir='ltr'>divina</span> <span class='ocrx_word' id='word_1_71' title='bbox 628 772 782 823; x_wconf 79' lang='lat' dir='ltr'>gratia</span> <span class='ocrx_word' id='word_1_72' title='bbox 803 770 963 822; x_wconf 82' lang='lat' dir='ltr'>adjuti,</span> <span class='ocrx_word' id='word_1_73' title='bbox 988 771 1154 822; x_wconf 84' lang='lat' dir='ltr'>exequi</span> <span class='ocrx_word' id='word_1_74' title='bbox 1176 780 1412 822; x_wconf 82' lang='lat' dir='ltr'>queamus3</span> <span class='ocrx_word' id='word_1_75' title='bbox 1438 769 1561 821; x_wconf 86' lang='lat' dir='ltr'>quod</span> <span class='ocrx_word' id='word_1_76' title='bbox 1581 775 1630 809; x_wconf 92' lang='lat' dir='ltr'>ut</span> <span class='ocrx_word' id='word_1_77' title='bbox 1652 769 1892 819; x_wconf 71' lang='lat' dir='ltr'>succedat,</span> 
     </span>
     <span class='ocr_line' id='line_1_10' title="bbox 271 839 1894 894; baseline -0.002 -11"><span class='ocrx_word' id='word_1_78' title='bbox 271 845 475 885; x_wconf 89' lang='lat' dir='ltr'>omnium</span> <span class='ocrx_word' id='word_1_79' title='bbox 497 843 779 894; x_wconf 90' lang='lat' dir='ltr'>optimorum</span> <span class='ocrx_word' id='word_1_80' title='bbox 798 841 990 882; x_wconf 85' lang='lat' dir='ltr'>Patrum</span> <span class='ocrx_word' id='word_1_81' title='bbox 1019 853 1072 880; x_wconf 83' lang='lat' dir='ltr'>ae</span> <span class='ocrx_word' id='word_1_82' title='bbox 1102 841 1340 889; x_wconf 78' lang='lat' dir='ltr'><strong>Fratrum,</strong></span> <span class='ocrx_word' id='word_1_83' title='bbox 1364 841 1453 880; x_wconf 84' lang='lat' dir='ltr'>hoe</span> <span class='ocrx_word' id='word_1_84' title='bbox 1479 846 1687 891; x_wconf 89' lang='lat' dir='ltr'>tempore</span> <span class='ocrx_word' id='word_1_85' title='bbox 1715 839 1894 880; x_wconf 86' lang='lat' dir='ltr'>Romae</span> 
     </span>
     <span class='ocr_line' id='line_1_11' title="bbox 272 910 1893 966; baseline -0.004 -11"><span class='ocrx_word' id='word_1_86' title='bbox 272 914 523 966; x_wconf 73' lang='lat' dir='ltr'>agentium,</span> <span class='ocrx_word' id='word_1_87' title='bbox 547 913 808 953; x_wconf 81' lang='lat' dir='ltr'>orationum</span> <span class='ocrx_word' id='word_1_88' title='bbox 829 911 1102 962; x_wconf 82' lang='lat' dir='ltr'>suffragium</span> <span class='ocrx_word' id='word_1_89' title='bbox 1124 923 1261 963; x_wconf 84' lang='lat' dir='ltr'>quam</span> <span class='ocrx_word' id='word_1_90' title='bbox 1280 922 1528 962; x_wconf 90' lang='lat' dir='ltr'>possumus</span> <span class='ocrx_word' id='word_1_91' title='bbox 1554 910 1893 950; x_wconf 79' lang='lat' dir='ltr'>ardentissimis</span> 
     </span>
     <span class='ocr_line' id='line_1_12' title="bbox 275 984 730 1035; baseline -0.004 -10"><span class='ocrx_word' id='word_1_92' title='bbox 275 985 393 1025; x_wconf 85' lang='lat' dir='ltr'>votis</span> <span class='ocrx_word' id='word_1_93' title='bbox 414 984 730 1035; x_wconf 79' lang='lat' dir='ltr'>imploramus.</span> 
     </span>
    </p>

    <p class='ocr_par' dir='ltr' id='par_1_4' title="bbox 352 1053 803 1095">
     <span class='ocr_line' id='line_1_13' title="bbox 352 1053 803 1095; baseline -0.009 0"><span class='ocrx_word' id='word_1_94' title='bbox 352 1056 473 1095; x_wconf 75' lang='lat' dir='ltr'>Bene</span> <span class='ocrx_word' id='word_1_95' title='bbox 495 1055 651 1094; x_wconf 84' lang='lat' dir='ltr'>valeat</span> <span class='ocrx_word' id='word_1_96' title='bbox 670 1053 729 1094; x_wconf 90' lang='lat' dir='ltr'>V.</span> <span class='ocrx_word' id='word_1_97' title='bbox 754 1053 803 1093; x_wconf 86' lang='grc' dir='ltr'>Ρ.</span> 
     </span>
    </p>

    <p class='ocr_par' dir='ltr' id='par_1_5' title="bbox 350 1124 1194 1177">
     <span class='ocr_line' id='line_1_14' title="bbox 350 1124 1194 1177; baseline -0.006 -12"><span class='ocrx_word' id='word_1_98' title='bbox 350 1126 567 1177; x_wconf 76' lang='lat' dir='ltr'>Neapoli,</span> <span class='ocrx_word' id='word_1_99' title='bbox 590 1126 615 1164; x_wconf 83' lang='lat'>5</span> <span class='ocrx_word' id='word_1_100' title='bbox 635 1124 746 1164; x_wconf 86' lang='lat' dir='ltr'>Maii</span> <span class='ocrx_word' id='word_1_101' title='bbox 771 1124 884 1163; x_wconf 78' lang='lat'>1552.</span> <span class='ocrx_word' id='word_1_102' title='bbox 1191 1166 1194 1170; x_wconf 18' lang='grc' dir='ltr'><em>Α</em></span> 
     </span>
    </p>

    <p class='ocr_par' dir='ltr' id='par_1_6' title="bbox 351 1193 1361 1247">
     <span class='ocr_line' id='line_1_15' title="bbox 351 1193 1361 1247; baseline -0.005 -11"><span class='ocrx_word' id='word_1_103' title='bbox 351 1197 420 1236; x_wconf 82' lang='lat' dir='ltr'>Ex</span> <span class='ocrx_word' id='word_1_104' title='bbox 438 1195 570 1247; x_wconf 88' lang='lat' dir='ltr'>jussu</span> <span class='ocrx_word' id='word_1_105' title='bbox 590 1195 681 1235; x_wconf 54' lang='lat' dir='ltr'>RJli</span> <span class='ocrx_word' id='word_1_106' title='bbox 703 1194 854 1234; x_wconf 86' lang='lat' dir='ltr'>Patris</span> <span class='ocrx_word' id='word_1_107' title='bbox 874 1194 1089 1244; x_wconf 78' lang='lat' dir='ltr'>Magistri</span> <span class='ocrx_word' id='word_1_108' title='bbox 1109 1193 1361 1233; x_wconf 80' lang='lat' dir='ltr'>Bobadilla.</span> 
     </span>
    </p>

    <p class='ocr_par' dir='ltr' id='par_1_7' title="bbox 352 1264 1167 1317">
     <span class='ocr_line' id='line_1_16' title="bbox 352 1264 1167 1317; baseline -0.004 -11"><span class='ocrx_word' id='word_1_109' title='bbox 352 1267 573 1317; x_wconf 86' lang='lat' dir='ltr'>Indignus</span> <span class='ocrx_word' id='word_1_110' title='bbox 593 1265 713 1305; x_wconf 89' lang='lat' dir='ltr'>filius</span> <span class='ocrx_word' id='word_1_111' title='bbox 734 1272 841 1305; x_wconf 88' lang='lat' dir='ltr'>tuus</span> <span class='ocrx_word' id='word_1_112' title='bbox 863 1276 917 1304; x_wconf 82' lang='lat' dir='ltr'>ae</span> <span class='ocrx_word' id='word_1_113' title='bbox 940 1264 1167 1304; x_wconf 87' lang='lat' dir='ltr'>servulus.</span> 
     </span>
    </p>
   </div>
   <div class='ocr_carea' id='block_1_3' title="bbox 1137 1422 1698 1463">
    <p class='ocr_par' dir='ltr' id='par_1_8' title="bbox 1137 1422 1698 1463">
     <span class='ocr_line' id='line_1_17' title="bbox 1137 1422 1698 1463; baseline -0.007 0"><span class='ocrx_word' id='word_1_114' title='bbox 1137 1425 1414 1463; x_wconf 64' lang='lat' dir='ltr'>THEODORUS</span> <span class='ocrx_word' id='word_1_115' title='bbox 1437 1422 1698 1462; x_wconf 75' lang='lat' dir='ltr'>FELTANUS.</span> 
     </span>
    </p>
   </div>
   <div class='ocr_carea' id='block_1_4' title="bbox 352 1617 1426 1670">
    <p class='ocr_par' dir='ltr' id='par_1_9' title="bbox 352 1617 1426 1670">
     <span class='ocr_line' id='line_1_18' title="bbox 352 1617 1426 1670; baseline -0.005 -10"><span class='ocrx_word' id='word_1_116' title='bbox 352 1621 461 1660; x_wconf 71' lang='lat' dir='ltr'>Alsa</span> <span class='ocrx_word' id='word_1_117' title='bbox 482 1632 624 1660; x_wconf 74' lang='lat' dir='ltr'>mmm</span> <span class='ocrx_word' id='word_1_118' title='bbox 646 1621 694 1659; x_wconf 72' lang='lat' dir='ltr'>ln</span> <span class='ocrx_word' id='word_1_119' title='bbox 716 1624 886 1670; x_wconf 76' lang='lat' dir='ltr'>quarta</span> <span class='ocrx_word' id='word_1_120' title='bbox 903 1620 1108 1670; x_wconf 62' lang='lat' dir='ltr'>pagina:</span> <span class='ocrx_word' id='word_1_121' title='bbox 1130 1619 1199 1658; x_wconf 79' lang='lat' dir='ltr'>Ex</span> <span class='ocrx_word' id='word_1_122' title='bbox 1220 1617 1426 1668; x_wconf 83' lang='lat' dir='ltr'>Neapoli.</span> 
     </span>
    </p>
   </div>
   <div class='ocr_carea' id='block_1_5' title="bbox 277 1722 421 1726">
    <p class='ocr_par' dir='ltr' id='par_1_10' title="bbox 277 1722 421 1726">
     <span class='ocr_line' id='line_1_19' title="bbox 277 1722 421 1726; baseline 0 0"><span class='ocrx_word' id='word_1_123' title='bbox 277 1722 421 1726; x_wconf 95' lang='lat' dir='ltr'> </span> 
     </span>
    </p>
   </div>
   <div class='ocr_carea' id='block_1_6' title="bbox 458 1720 557 1725">
    <p class='ocr_par' dir='ltr' id='par_1_11' title="bbox 458 1720 557 1725">
     <span class='ocr_line' id='line_1_20' title="bbox 458 1720 557 1725; baseline 0 0"><span class='ocrx_word' id='word_1_124' title='bbox 458 1720 557 1725; x_wconf 95' lang='lat' dir='ltr'> </span> 
     </span>
    </p>
   </div>
   <div class='ocr_carea' id='block_1_7' title="bbox 328 1764 1630 1801">
    <p class='ocr_par' dir='ltr' id='par_1_12' title="bbox 328 1764 1630 1801">
     <span class='ocr_line' id='line_1_21' title="bbox 328 1764 1630 1801; baseline -0.003 -8"><span class='ocrx_word' id='word_1_125' title='bbox 328 1768 337 1788; x_wconf 84' lang='lat'>¹</span> <span class='ocrx_word' id='word_1_126' title='bbox 380 1769 443 1801; x_wconf 43' lang='lat' dir='ltr'>Su]</span> <span class='ocrx_word' id='word_1_127' title='bbox 461 1769 577 1795; x_wconf 79' lang='lat' dir='ltr'>melius</span> <span class='ocrx_word' id='word_1_128' title='bbox 594 1768 678 1794; x_wconf 86' lang='lat' dir='ltr'>sorte</span> <span class='ocrx_word' id='word_1_129' title='bbox 695 1767 971 1796; x_wconf 61' lang='lat' dir='ltr'>ab1‘›&gt;c1›1115‚h0e</span> <span class='ocrx_word' id='word_1_130' title='bbox 988 1770 1037 1792; x_wconf 86' lang='lat' dir='ltr'>est</span> <span class='ocrx_word' id='word_1_131' title='bbox 1053 1767 1241 1798; x_wconf 62' lang='lat' dir='ltr'>antequam</span> <span class='ocrx_word' id='word_1_132' title='bbox 1260 1765 1300 1790; x_wconf 79' lang='lat' dir='ltr'>ab</span> <span class='ocrx_word' id='word_1_133' title='bbox 1324 1772 1359 1791; x_wconf 79' lang='lat' dir='ltr'>eo</span> <span class='ocrx_word' id='word_1_134' title='bbox 1375 1764 1630 1791; x_wconf 72' lang='lat' dir='ltr'>recederenzzts.</span> 
     </span>
    </p>
   </div>
  </div>
 </body>
</html>
