1987 3260
859 149 941 186 Ax.
973 149 1062 187 1550
1701 150 1769 188 221

147 248 219 289 die
237 247 409 299 judicii.
434 247 491 286 Et
511 247 642 297 haee,
667 257 739 286 mc
761 246 952 286 absente
977 245 1002 296 ¹,
1025 252 1159 297 gesta
1180 252 1307 295 sunt3
1332 247 1414 285 sub
1437 253 1619 286 noctem
1640 259 1767 298 vero,

146 330 217 359 me
248 328 460 367 reverso,
497 323 725 357 venerunt
759 323 976 368 parentes
1002 328 1108 357 cum
1134 327 1307 366 magna
1341 317 1475 356 turba
1505 323 1549 356 et
1576 317 1771 368 strepitu

146 390 272 428 illum
297 387 607 439 requirentes,
637 387 802 438 quibus
836 388 978 428 libere
1014 387 1254 439 respondi:
1287 387 1325 426 si
1354 398 1460 427 eum
1486 387 1771 438 persuadere

144 464 348 511 possent,
368 470 450 509 per
468 470 541 498 me
561 458 702 498 licere
723 464 772 498 ut
793 470 952 498 secum
973 469 1077 499 eum
1098 457 1397 506 abducerent,
1415 457 1494 497 sed
1518 469 1623 497 cum
1644 456 1770 498 facta

142 535 263 570 esset
285 528 576 580 colloquendi
596 529 752 580 copia,
777 530 1011 569 nolentem
1031 528 1188 568 statim
1210 528 1542 568 abstraxerunt
1563 528 1767 579 domum,

142 600 218 640 ubi
240 600 425 639 circiter
446 599 770 639 hebdomadan
798 599 1040 651 transegit,
1065 599 1278 638 omnibus
1299 598 1505 638 externis
1532 610 1618 638 nos
1648 610 1768 639 com-

140 670 465 711 mendantibus
487 676 529 710 et
552 670 882 710 accusantibus
903 670 1085 710 illorum
1105 670 1414 709 insolentiam.
1448 668 1617 709 Postea
1640 668 1769 720 juve-

139 741 210 781 nis
229 741 393 781 eodem
413 740 549 781 modo
572 741 631 780 ad
652 753 738 780 nos
755 752 974 780 reversus
995 746 1078 787 est;
1103 751 1188 780 nec
1209 745 1372 791 postea
1394 740 1649 791 quaesitus3
1669 752 1770 792 per·

139 818 324 852 severat
345 811 585 851 nobiscum
607 811 915 851 laudabiliter.
936 810 1052 851 Sunt
1074 817 1117 850 et
1140 811 1216 851 alii
1237 811 1328 851 duo
1350 816 1428 850 aut
1448 816 1544 850 tres
1562 811 1609 850 in
1630 810 1768 851 domo

137 882 440 933 probationis,
460 883 624 933 quibus
646 893 751 922 cum
772 888 989 933 parentes
1010 882 1274 932 ingressum
1290 881 1538 922 Societatis
1554 881 1766 933 prohibe-

137 959 261 1001 rent,
299 953 431 993 nobis
467 953 822 993 exhortantibus
847 958 896 992 ut
923 964 1006 1004 pro
1035 953 1147 1004 ipsis
1175 958 1385 1001 orarent,
1422 952 1628 992 exauditi
1660 959 1767 993 sunt

138 1023 254 1064 adeo
277 1030 325 1063 ut
348 1031 566 1075 parentes
586 1035 671 1074 pro
693 1035 854 1063 eorum
874 1023 1140 1074 receptione
1162 1035 1247 1063 nos
1267 1028 1510 1074 rogarent3
1535 1028 1673 1075 atque
1701 1023 1766 1064 ita

136 1095 311 1145 recepti
333 1100 438 1134 sunt
460 1106 565 1133 cum
585 1094 728 1133 multo
750 1093 903 1133 fructu
920 1098 964 1133 et
981 1093 1187 1133 omnium
1203 1093 1537 1133 aedificatione.
1560 1093 1767 1146 Juvenes

137 1165 212 1205 isti
235 1177 394 1205 omnes
415 1165 661 1204 hortantur
682 1170 899 1215 parentes
916 1175 1027 1203 suos
1048 1164 1107 1204 ad
1129 1164 1470 1204 confessionem
1492 1170 1535 1205 et
1553 1165 1763 1205 mutatio-

135 1248 241 1276 nem
278 1236 423 1283 vitae,
461 1235 582 1274 unde
616 1234 866 1285 plurimum
887 1233 1131 1284 juvantur,
1169 1234 1487 1286 imprimisque
1515 1247 1656 1286 unus,
1687 1236 1765 1286 qui

133 1318 227 1346 non
244 1307 394 1346 solum
411 1305 722 1345 concubinam
738 1304 814 1344 diu
830 1304 1037 1344 habitam
1055 1304 1234 1356 abjecit,
1255 1305 1337 1345 sed
1353 1306 1507 1356 etiam,
1528 1306 1767 1346 meliorem

132 1377 258 1417 vitae
280 1377 508 1417 rationem
531 1381 767 1427 sequutus,
793 1375 1100 1414 sacramentis
1120 1375 1388 1426 frequenter
1411 1376 1570 1416 utitur.

211 1449 261 1488 In
282 1447 651 1488 confessionibus
673 1444 915 1485 audiendis
935 1445 1055 1485 inter
1072 1451 1284 1485 caeteras
1299 1447 1524 1486 utilitates
1540 1447 1657 1487 haec
1674 1459 1766 1487 una

130 1519 236 1569 fuit,
260 1526 309 1559 ut
330 1518 540 1569 virgines
563 1517 758 1568 aliquot,
782 1516 946 1556 relicto
968 1517 1172 1565 saecum,
1195 1517 1480 1557 monasteria
1502 1518 1658 1558 subire
1690 1518 1766 1558 de-

131 1596 397 1634 creverunt;
423 1596 467 1629 et
489 1595 688 1640 quatuor
704 1587 802 1639 jam
823 1587 1064 1637 ingressae
1085 1593 1214 1634 sunt;
1250 1587 1369 1627 aliae
1391 1594 1602 1639 paratae.

210 1660 462 1712 Praecipue
484 1659 644 1710 magni
664 1658 886 1698 momenti
912 1657 1065 1697 visum
1096 1664 1165 1697 est
1192 1664 1261 1708 ut,
1292 1670 1398 1698 cum
1426 1659 1596 1698 nobilis
1623 1670 1761 1711 quae-

131 1732 238 1772 dam
276 1731 418 1771 vidua
457 1742 563 1770 cum
602 1736 801 1781 quatuor
840 1728 1020 1768 filiabus
1069 1728 1128 1768 ad
1175 1734 1355 1768 tantam
1405 1729 1600 1770 reducta
1640 1737 1765 1770 esset

129 1803 355 1854 inopiam,
387 1808 435 1841 ut
464 1808 629 1853 parata
657 1806 778 1840 esset
804 1800 989 1840 illarum
1008 1799 1300 1851 pudicitiam,
1331 1800 1369 1839 si
1391 1800 1634 1840 offerretur
1655 1813 1758 1852 pre-

129 1873 264 1923 tium,
288 1873 587 1924 prostituere,
612 1878 656 1911 et
676 1871 755 1910 uni
782 1882 841 1910 ex
868 1870 1042 1910 nostris
1073 1870 1160 1909 hoc
1189 1870 1485 1919 innotuisset,
1519 1872 1762 1923 prospexit

128 1944 357 1984 Dominus
373 1949 436 1992 ut,
457 1955 480 1983 e
497 1942 772 1982 mendicatis
793 1941 900 1981 hinc
920 1941 1024 1980 inde
1046 1941 1370 1992 eleemosynis,
1394 1942 1530 1992 virgo
1554 1947 1666 1982 natu
1682 1943 1764 1982 mi-

127 2016 267 2062 nima,
287 2015 368 2054 vix
391 2013 716 2053 duodecimum
737 2012 973 2062 attingens
994 2023 1180 2061 annum,
1201 2011 1247 2050 in
1264 2012 1598 2052 monasterium
1617 2013 1757 2064 quod-

128 2085 235 2125 dam
268 2085 575 2136 reciperetur,
613 2083 668 2122 de
703 2082 805 2122 aliis
834 2093 1015 2133 quoque
1044 2094 1071 2121 a
1098 2081 1305 2133 periculo
1341 2088 1470 2121 tanto
1504 2082 1757 2123 liberandis

128 2156 296 2207 agiturj,
317 2154 444 2206 cujus
465 2153 643 2205 negotii
663 2153 910 2193 occasione
932 2152 1127 2203 contigit
1148 2158 1197 2192 ut
1217 2164 1336 2192 unus
1357 2164 1416 2192 ex
1436 2154 1611 2193 nostris
1632 2154 1761 2194 nobi-

126 2228 217 2267 lem
262 2226 508 2278 quemdam
554 2223 923 2264 ecclesiasticum
974 2228 1246 2274 precaretur
1291 2229 1335 2262 et
1374 2234 1490 2263 vasa
1529 2224 1759 2275 quaedam

127 2304 351 2349 argentea
364 2302 539 2348 peteret
562 2296 608 2335 in
625 2296 715 2334 tale
739 2305 854 2346 opus
877 2293 1137 2344 eroganda,
1158 2305 1247 2344 quo
1265 2299 1507 2344 renuente,
1527 2301 1633 2346 post
1649 2307 1758 2346 pau-

128 2381 208 2410 cos
230 2369 327 2408 dies
348 2378 514 2407 servus
535 2366 647 2418 ejus,
671 2365 835 2405 eadem
851 2376 968 2404 vasa
990 2364 1243 2404 suffuratus
1264 2370 1308 2404 et
1328 2364 1568 2415 fugitivus,
1592 2366 1759 2417 spolia-

126 2447 198 2480 tus
220 2440 580 2489 interfectusque
602 2443 685 2487 est;
706 2442 843 2487 atque
860 2435 924 2475 ita
941 2434 1083 2474 nobili
1104 2435 1168 2474 illi
1184 2435 1320 2486 periit
1342 2446 1508 2475 servus
1526 2442 1570 2476 et
1592 2447 1756 2487 argen—

126 2518 236 2551 tum.
258 2511 431 2561 Magna
450 2508 625 2560 judicia
646 2507 756 2557 Dei,
781 2512 869 2546 etc.

204 2582 450 2622 Liberatus
472 2588 540 2620 est
563 2579 686 2630 apud
706 2590 791 2617 nos
812 2589 930 2617 unus
953 2589 979 2616 a
1001 2576 1165 2628 spiritu
1182 2576 1436 2627 immundo;
1455 2583 1499 2617 et
1521 2577 1756 2618 mahume-

126 2653 221 2694 tani
242 2653 348 2703 duO,
372 2652 501 2703 prius
523 2649 755 2695 obstinati,
779 2648 997 2688 conversi
1018 2653 1062 2687 et
1083 2647 1307 2698 baptizati
1329 2654 1450 2689 sunt.

203 2723 434 2763 Proximis
455 2720 815 2772 diebusjuvenis
842 2718 1031 2770 quidam
1058 2717 1454 2769 pedemontanus,
1492 2718 1634 2769 equiti
1662 2718 1753 2758 hie-

179 2906 187 2925 ¹
226 2905 278 2932 Ex
293 2905 345 2932 his
360 2905 473 2932 verbis
489 2904 615 2938 conjice
630 2903 692 2930 has
707 2903 841 2930 litteras
857 2909 876 2928 a
892 2901 927 2927 P.
944 2900 1072 2933 Natali,
1087 2900 1140 2933 qui
1157 2898 1295 2933 reliquis
1317 2899 1356 2926 de
1380 2899 1551 2927 Societate
1569 2900 1746 2927 Messanae

127 2956 298 2986 praeerat,
315 2952 416 2979 fuisse
431 2952 650 2985 subscriptas.
