1987 3260
862 202 943 239 AN.
975 202 1060 240 1551
1701 202 1772 239 347

142 310 234 351 qua
254 299 486 349 absoluta,
516 309 676 338 omnes
704 297 912 349 cujusvis
939 298 1106 338 aetatis
1133 303 1177 337 et
1204 307 1344 336 sexus
1371 296 1466 336 alta
1494 307 1613 336 voce
1642 308 1771 348 prae-

143 375 305 410 euntes
325 369 712 421 pronunciabant;
732 369 853 421 quod
874 369 1041 409 mirum
1062 380 1175 408 sane
1196 367 1361 408 merito
1384 367 1536 407 cuivis
1556 367 1774 408 videatur

139 446 235 480 tam
256 440 388 480 brevi
409 446 616 491 tempore
638 438 898 490 hujusmodi
921 439 1160 479 hominum
1181 438 1383 487 animaS,
1414 438 1558 477 verbo
1587 437 1676 478 Dei
1706 438 1770 477 vi-

141 516 241 551 ctas
262 509 319 550 ad
336 510 478 550 hasce
494 510 682 561 pietatis
702 510 966 550 functiones
986 509 1155 549 adduci
1174 508 1395 560 potuisse.
1415 507 1617 548 Instituit
1637 519 1770 559 prae-

141 587 282 632 terea,
301 580 447 632 pridie
464 580 569 620 festi
586 579 746 621 Sancti
763 580 975 631 Spiritus,
996 591 1248 631 puerorum
1268 589 1488 630 pompam
1510 579 1599 629 vel,
1623 584 1673 618 ut
1690 591 1770 618 vo-

140 657 263 702 cant,
287 651 650 703 processionem,
684 657 732 691 ut
753 657 887 691 extra
909 650 1144 702 oppidum,
1168 649 1227 690 ad
1247 650 1471 700 templum
1491 648 1643 689 Divae
1664 648 1770 689 Vir—

139 722 237 773 gini
272 734 458 762 sacrum
493 722 633 772 irent,
672 733 777 762 cum
807 722 971 773 quibus
999 721 1116 760 alter
1136 720 1328 760 Patrum
1356 720 1619 760 doctrinam
1646 720 1765 760 chri-

140 793 342 833 stianam
371 793 462 832 alte
495 793 848 844 pronunciando
880 792 1145 841 incedebat,
1182 791 1256 831 cui
1291 802 1453 831 omnes
1485 791 1769 837 alternatim,
1807 834 1816 844 ι

140 864 341 903 maximo
362 875 468 903 cum
490 863 666 912 ordine,
692 863 902 903 canendo
924 862 1268 913 respondebant
1286 873 1294 912 3
1312 861 1466 901 Patris
1487 873 1599 901 vero
1623 862 1769 901 consi-

141 934 252 974 lium
282 935 370 974 hoc
391 934 496 984 fuit,
521 940 570 974 ut
593 945 694 974 mos
715 934 804 983 ille,
829 934 1055 973 similibus
1075 933 1206 973 festis
1225 933 1523 983 observatus,
1546 938 1771 984 parentes

138 1005 197 1045 ad
217 1017 387 1056 pueros
408 1016 519 1045 suos
540 1005 790 1045 mittendos
812 1005 1035 1044 alliceret.

215 1075 485 1116 Percrebuit
515 1076 641 1116 sama
672 1075 909 1127 profectus
943 1075 1200 1126 spiritualis
1234 1073 1370 1126 hujus
1411 1074 1568 1126 oppidi
1598 1074 1644 1114 in
1675 1074 1769 1114 alio

137 1147 285 1187 eidem
306 1147 476 1197 vicino,
501 1145 632 1197 cujus
653 1153 829 1197 pastor,
856 1157 1047 1186 suarum
1068 1146 1227 1185 ovium
1246 1145 1420 1197 pictate
1437 1151 1606 1196 motus,
1630 1156 1766 1196 roga-

137 1224 233 1257 tum
264 1218 389 1258 misit
410 1217 459 1257 P.
492 1217 753 1267 Baptistam
779 1223 828 1256 ut
855 1216 980 1266 apud
1006 1217 1135 1267 ipsos
1161 1216 1260 1256 dies
1287 1216 1483 1268 aliquot,
1514 1222 1771 1267 antequam

136 1288 369 1329 Gandiam
389 1288 578 1337 rediret,
601 1288 740 1327 vellet
761 1287 1008 1327 divertere.
1033 1287 1111 1327 Ille
1133 1292 1311 1337 autem,
1335 1299 1441 1327 cum
1461 1298 1517 1326 ea
1537 1287 1768 1338 providis-

134 1365 203 1398 set
231 1358 410 1398 Deniae
439 1369 557 1409 quae
585 1358 644 1398 ad
677 1357 940 1397 animarum
968 1357 1193 1397 auxilium
1218 1357 1374 1397 facere
1405 1356 1667 1407 judicabat,
1698 1368 1768 1397 so-

133 1430 257 1469 cium
285 1440 420 1469 suum
450 1429 621 1469 ibidem
649 1429 939 1479 relinquens,
970 1428 1047 1478 qui
1075 1428 1142 1467 eis
1170 1428 1488 1478 praedicaret,
1518 1429 1645 1467 solus
1675 1439 1767 1479 quo

132 1500 391 1540 vocabatur
421 1500 634 1539 accessit.
667 1498 781 1551 Quis
813 1498 953 1538 fuerit
980 1504 1296 1549 consequutus
1325 1498 1589 1538 animorum
1615 1499 1766 1550 profe—

133 1577 255 1622 ctUS,
285 1571 546 1622 exprimere
574 1570 710 1610 facile
735 1581 829 1610 non
856 1575 992 1609 esset.
1016 1569 1228 1621 Ipsorum
1259 1569 1543 1609 domicilium
1564 1569 1766 1620 (postha-

130 1642 238 1682 bitis
256 1641 595 1682 Gubernatoris
616 1647 660 1681 et
681 1641 879 1681 aliorum
899 1640 1129 1692 hospitiis,
1149 1651 1268 1691 quae
1290 1652 1396 1680 cum
1416 1640 1634 1691 precibus
1657 1640 1766 1680 offe-

130 1713 368 1762 rebantur)
386 1713 617 1764 hospitale
633 1723 892 1764 pauperum
911 1711 1010 1752 fuit.
1034 1710 1124 1752 Sed
1141 1718 1238 1751 tam
1258 1711 1305 1750 in
1325 1711 1397 1750 his
1419 1710 1602 1762 oppidis
1626 1723 1765 1762 quam

130 1784 177 1824 in
197 1784 296 1835 via,
320 1790 502 1824 tantum
522 1784 778 1835 spiritualis
801 1783 1137 1823 consolationis
1165 1782 1395 1834 operariis
1426 1783 1523 1822 suis
1552 1782 1767 1823 Christus

131 1855 376 1905 concessit,
401 1861 451 1895 ut
470 1855 765 1906 perlibenter,
790 1855 828 1894 si
844 1866 927 1906 per
943 1854 1134 1905 negotia
1151 1853 1409 1894 domestica
1426 1853 1600 1904 liceret,
1622 1865 1761 1905 saepe

132 1927 210 1966 illo
232 1932 387 1965 essent
407 1926 618 1966 redituri.

211 1996 461 2036 Redierunt
490 1997 646 2048 itaque
674 1995 930 2045 Gandiam‚
960 1995 1039 2035 ubi
1066 2002 1200 2035 curat
1232 1995 1480 2045 diligenter
1507 1995 1644 2034 Pater
1679 1996 1764 2035 Ba-

129 2067 270 2117 ptista
294 2073 343 2106 ut
364 2078 595 2118 pauperes
619 2079 645 2106 a
666 2066 959 2106 scholasticis
982 2066 1155 2105 nostris
1177 2066 1482 2105 christianam
1503 2065 1765 2105 doctrinam

130 2137 430 2178 edoceantur.
462 2138 708 2177 Mittuntur
729 2137 870 2177 etiam
891 2137 951 2177 ad
976 2148 1213 2187 carceres,
1237 2136 1315 2187 qui
1342 2136 1526 2176 vinctos
1553 2136 1642 2187 piis
1670 2148 1763 2176 ser·

131 2209 347 2248 monibus
379 2215 423 2248 et
450 2209 595 2248 verbo
623 2207 712 2248 Dei
739 2209 1051 2248 consolentur.
1085 2207 1171 2248 His
1199 2207 1361 2247 diebus
1390 2206 1580 2258 quidam
1605 2207 1762 2258 depre-

129 2280 301 2319 hensus
328 2279 413 2319 fuit
445 2280 523 2330 qui
551 2279 610 2319 ad
639 2290 829 2319 mauros
863 2278 1181 2329 transfugerat
1216 2284 1261 2318 et
1296 2278 1601 2318 christianam
1626 2277 1764 2318 fidem

129 2350 446 2401 abjuraverat:
469 2351 646 2389 nullum
667 2362 760 2390 non
791 2350 937 2390 movit
958 2350 1159 2401 lapidem
1189 2349 1238 2389 Ρ.
1263 2348 1477 2400 Baptista
1498 2354 1548 2388 ut
1577 2349 1706 2388 illum
1736 2361 1763 2388 a

128 2433 212 2461 sua
247 2421 441 2473 perfidia
474 2421 532 2461 ad
559 2433 723 2461 veram
752 2421 1029 2472 religionem
1055 2420 1314 2460 reduceret.
1348 2420 1464 2460 Cum
1494 2426 1650 2460 tamen
1676 2432 1762 2460 nec

128 2492 200 2532 die
217 2504 303 2532 nec
323 2498 466 2532 noctu
487 2492 544 2531 ab
566 2492 666 2543 ipso
684 2491 937 2543 secederet,
957 2497 1001 2532 et
1018 2492 1183 2532 crebro
1205 2490 1370 2531 Patres
1388 2503 1443 2531 ac
1460 2491 1652 2531 Fratres
1670 2492 1763 2531 col-

128 2563 235 2613 legii
263 2563 323 2603 ad
353 2575 458 2603 eum
486 2563 710 2611 mitteret,
740 2569 785 2603 et
816 2562 896 2614 [ut]
928 2563 1157 2603 instarent
1187 2562 1388 2602 orationi
1415 2568 1607 2612 propter
1641 2562 1762 2602 illius

127 2634 485 2674 conversionem
502 2634 715 2673 omnibus
732 2634 1000 2674 domesticis
1021 2632 1298 2684 injungeret,
1319 2644 1515 2684 cumque
1534 2644 1680 2683 usque
1701 2633 1760 2672 ad

127 2704 383 2755 patibulum
404 2705 499 2757 (ubi
527 2716 780 2756 suspensus
802 2704 902 2752 fuit)
936 2716 1176 2756 nunquam
1203 2716 1309 2744 eum
1331 2703 1608 2753 deseruerit,
1633 2703 1760 2743 dictu

127 2775 349 2815 miserum
370 2782 414 2816 et
435 2775 855 2826 extimescendum,
878 2775 1075 2827 profecit
1096 2782 1253 2815 tamen
1283 2774 1411 2824 nihfl3
1441 2781 1485 2813 et
1514 2774 1559 2813 in
1591 2773 1760 2813 duritia

127 2847 306 2896 peccati
344 2847 414 2886 sui
452 2853 663 2887 mortuus
702 2847 776 2886 ille
811 2853 895 2886 est.
938 2847 1056 2898 Quis
1093 2845 1321 2895 cognovit
1368 2856 1561 2884 sensum
1600 2845 1760 2884 Domi-

129 2917 211 2956 m'?
232 2924 320 2958 etc.
340 2917 456 2958 Tam
472 2918 629 2958 multis
650 2918 887 2958 laboribus
905 2924 948 2958 et
970 2918 1258 2958 orationibus
1281 2917 1435 2957 evinci
1454 2928 1559 2956 cum
1576 2916 1649 2956 hic
1666 2928 1760 2955 non

127 2988 349 3039 potuerit,
374 2989 463 3029 duo
485 2989 562 3029 alii
584 2989 675 3028 levi
699 3000 841 3039 opera
864 2996 907 3028 et
929 2989 1170 3039 diligentia
1193 2989 1251 3028 ad
1273 2987 1450 3028 Christi
1470 2987 1607 3028 fidem
1627 2998 1758 3027 revo-
