1987 3260
233 158 308 194 ⁴206
744 158 968 194 LITTERAE
994 167 1349 200 QUADRIMESTRES

232 254 503 305 praecipue,
541 253 647 304 quia
682 253 903 293 timebant
937 252 1218 293 Societatem
1255 259 1465 293 nostram
1499 252 1715 293 fortassis
1750 265 1857 293 cras

230 330 314 363 aut
335 323 552 374 perendie
572 324 690 363 velle
712 323 923 362 cavillari
943 328 987 362 et
1008 333 1148 373 agere
1168 322 1271 362 lites
1292 329 1457 363 contra
1487 334 1580 362 eos.
1609 322 1729 362 Hinc
1759 325 1857 363 nul-

233 396 305 434 ius
339 394 485 433 voluit
519 405 620 433 esse
656 398 876 433 executor
916 398 960 432 et
997 398 1123 432 tutor
1156 393 1458 444 pupillorum,
1491 398 1577 433 etc.
1615 393 1706 433 Sed
1740 393 1857 433 haec

231 465 385 504 omnis
412 470 664 515 tempestas
691 463 827 503 unico
854 462 1042 503 Domini
1067 462 1224 503 Nostri
1252 463 1445 503 consilio
1468 464 1684 503 cessavit.
1708 462 1858 514 Hujus

233 547 435 586 namque
465 540 508 574 et
534 533 749 585 Apostoli
775 544 952 573 memor
979 533 1095 573 dixi:
1128 533 1281 584 “ecce,
1311 539 1481 583 mater,
1508 533 1615 585 jube
1643 534 1859 586 componi
1921 530 1925 531 ⁷

235 606 413 646 litteras
447 616 553 645 cum
586 604 951 656 quibuscumque
986 605 1103 644 velis
1133 604 1375 655 clausulis,
1413 605 1702 645 continentes
1736 605 1860 656 quod

234 688 320 716 nec
342 687 429 726 ego
452 687 536 715 nec
559 675 803 726 quisquam
825 686 883 715 ex
902 681 1036 726 parte
1056 687 1158 714 mea
1179 686 1386 726 unquam
1408 680 1570 714 contra
1592 681 1636 715 te
1657 681 1735 715 aut
1755 681 1860 716 tuos

234 746 461 787 haeredes
477 757 562 796 pro
584 746 683 785 istis
700 745 1031 796 temporalibus
1049 756 1243 796 agemus
1260 745 1377 795 lites;
1398 750 1441 784 et
1457 755 1545 795 ego
1558 745 1857 796 subsignabo.

233 817 310 857 Ad
331 817 447 856 haec
468 815 678 856 Societas
700 821 860 855 nostra
881 827 967 855 nec
989 827 1037 855 se
1059 816 1287 855 immiscet
1312 827 1398 855 nec
1426 815 1688 855 immiscere
1707 821 1860 867 potest

235 888 377 936 istis„
401 886 533 926 Ultro
555 886 818 926 obtulerunt
840 886 953 925 mihi
973 897 1090 937 quae
1116 886 1255 926 latius
1283 886 1436 925 scribo
1471 885 1525 925 R.
1555 884 1604 925 P.
1640 885 1858 926 Polanco.

235 958 305 998 De
326 957 656 1008 temporalibus
678 957 801 1011 enim
822 957 881 996 ad
901 956 949 996 P.
974 957 1032 996 V.
1058 956 1261 996 scribere
1291 968 1385 996 non
1418 956 1567 996 audeo
1589 968 1674 996 nec
1696 956 1861 996 decere

234 1035 363 1080 puto.

314 1099 569 1150 Antuerpia
602 1099 836 1151 profectus
871 1110 973 1139 sum
1002 1099 1060 1139 ad
1091 1098 1383 1150 praedictum
1416 1098 1667 1138 Dominum
1700 1098 1745 1137 in
1776 1097 1861 1138 Cu-

233 1170 474 1220 lenberch,
499 1176 541 1209 et
559 1170 619 1209 ibi
640 1176 838 1221 quatuor
858 1170 1017 1209 diebus
1038 1169 1250 1219 haerens,
1274 1169 1396 1209 hunc
1422 1168 1688 1219 Dominum,
1714 1168 1767 1207 54
1785 1180 1862 1208 an-

236 1252 416 1291 norum,
441 1240 713 1281 exhortatus
735 1252 836 1279 sum
857 1251 961 1279 cum
982 1239 1069 1279 Dei
1089 1240 1241 1290 gratia
1264 1240 1323 1279 ad
1349 1240 1564 1290 meliora,
1591 1245 1634 1279 et
1656 1239 1864 1279 similiter

233 1311 423 1351 doctum
454 1311 606 1350 virum
636 1311 821 1350 circiter
850 1310 901 1349 40
927 1322 1074 1350 annos
1101 1317 1288 1360 natum,
1321 1309 1527 1361 ejusdem
1555 1310 1714 1361 templi
1740 1310 1860 1350 vica-

236 1383 376 1431 rium,
402 1388 444 1421 et
466 1381 671 1433 ejusdem
690 1393 806 1432 pene
829 1381 995 1421 aetatis
1017 1387 1061 1420 et
1082 1381 1321 1420 doctrinae
1341 1413 1348 1431 ‚
1372 1386 1556 1432 patrem
1575 1382 1865 1420 saecularem

234 1451 478 1503 ⁴cujusdam
513 1452 801 1501 monasterii3
840 1452 916 1503 qui
949 1452 1146 1491 libenter
1180 1451 1363 1503 quidem
1400 1463 1472 1490 me
1507 1451 1667 1491 audire
1704 1451 1864 1502 digna·

238 1524 406 1562 bantur
428 1529 471 1562 et
494 1523 551 1562 ad
573 1523 796 1562 exercitia
817 1522 1069 1562 voluntarii
1091 1528 1221 1562 erant
1241 1532 1249 1571 3
1282 1521 1363 1561 sed
1396 1521 1505 1561 dum
1531 1533 1618 1572 ego
1649 1521 1863 1562 offerrem

237 1605 311 1633 me
333 1593 391 1633 ad
413 1594 585 1644 aliquot
613 1593 710 1632 dies
737 1605 819 1632 seu
844 1591 1160 1632 hebdomadas
1187 1604 1482 1642 mansurum,
1511 1604 1605 1632 non
1632 1592 1864 1632 audebant

240 1676 291 1704 se
327 1664 415 1704 illis
445 1665 753 1710 committere,
790 1663 871 1703 sed
899 1664 1017 1704 velle
1053 1663 1204 1703 adhuc
1239 1662 1492 1703 Dominum
1521 1675 1655 1703 orare
1686 1669 1729 1703 et
1763 1675 1864 1703 sesc

241 1746 545 1786 praeparare,
576 1741 618 1774 et
647 1735 755 1774 data
783 1735 1129 1785 opportunitate
1158 1735 1317 1774 venire
1339 1735 1600 1774 Lovanium
1621 1740 1664 1774 et
1686 1734 1747 1773 ibi
1768 1746 1865 1774 sus-

238 1806 395 1857 cipere
424 1805 661 1845 exercitia.
698 1805 886 1845 Interim
909 1805 986 1844 diu
1008 1806 1292 1855 multumque
1320 1811 1513 1855 rogatus
1535 1816 1561 1844 a
1588 1804 1711 1844 dicto
1732 1811 1864 1856 patrc

238 1882 287 1916 -et
314 1882 461 1915 matre
490 1876 700 1915 coenobii
727 1882 775 1915 ut
804 1875 1007 1915 facerem
1042 1875 1335 1915 collationem
1364 1887 1449 1926 pro
1479 1875 1777 1926 monialibus,
1807 1887 1865 1915 ex

240 1955 470 1998 tempore,
494 1946 694 1986 Domino
726 1946 1032 1996 concedente,
1064 1946 1172 1997 feci,
1202 1946 1283 1986 sed
1311 1958 1402 1986 non
1432 1947 1530 1986 sine
1550 1945 1866 1998 praecedenti—

240 2019 328 2057 bus
350 2018 504 2057 multis
532 2018 779 2068 angustiis:
812 2029 915 2057 cum
943 2018 1065 2056 enim
1093 2017 1190 2057 fere
1214 2024 1308 2057 tres
1338 2018 1483 2057 horae
1505 2017 1563 2056 ad
1584 2029 1864 2068 praeparan-

240 2088 351 2127 dum
372 2100 444 2127 me
466 2088 577 2127 mihi
598 2094 913 2138 superessent,
938 2099 1025 2139 ego
1046 2088 1209 2128 volens
1231 2088 1404 2139 aliquid
1430 2088 1615 2127 studere
1637 2093 1716 2127 aut
1736 2099 1866 2139 prae-

241 2159 457 2199 meditari
486 2159 608 2210 quod
636 2158 844 2198 dicturus
873 2171 1042 2209 essem,
1071 2171 1237 2210 parum
1266 2166 1344 2198 aut
1375 2159 1488 2198 nihil
1515 2159 1693 2198 efficere
1721 2159 1865 2210 potui;

243 2230 307 2268 ita
330 2236 378 2268 ut
400 2235 584 2280 praeter
606 2229 756 2280 ipsum
777 2229 1031 2280 principale
1060 2229 1236 2279 thema,
1266 2229 1346 2268 vix
1374 2229 1594 2269 haberem
1616 2228 1737 2269 unde
1758 2229 1864 2269 inci-

242 2311 353 2351 pere
374 2311 572 2350 possem.
597 2299 687 2339 Sed
709 2311 813 2339 cum
830 2299 927 2351 jam
943 2300 989 2339 in
1006 2299 1113 2340 sede
1135 2300 1468 2351 incoepissem,
1492 2300 1721 2340 Dominus
1742 2299 1867 2339 dedit

241 2370 468 2421 gratiam,
493 2371 556 2409 ita
586 2376 634 2409 ut
662 2371 791 2410 multi
819 2382 1079 2410 sermonem
1106 2370 1233 2410 illum
1263 2371 1610 2421 exscripserint.
1641 2370 1728 2410 Hic
1756 2371 1868 2410 nulli

245 2447 325 2480 aut
347 2441 481 2492 pauci
503 2442 767 2481 saeculares
790 2441 994 2481 adfuere.

325 2510 534 2561 Quatuor
553 2511 707 2562 itaque
730 2511 890 2551 diebus
917 2512 963 2551 in
991 2512 1113 2551 dicto
1141 2512 1431 2552 Culenberch
1459 2512 1680 2562 haerens,
1704 2513 1868 2551 volens

249 2581 477 2632 proficisci
498 2581 857 2632 Amsterdamis,
889 2583 1017 2622 haesi
1044 2582 1265 2634 Trajecti,
1300 2589 1367 2622 est
1399 2583 1519 2622 enim
1541 2583 1708 2622 civitas
1731 2583 1864 2622 inter>

249 2651 417 2702 media,
459 2652 582 2702 apud
621 2652 966 2693 carthusienses
1000 2664 1091 2692 uno
1126 2653 1218 2703 die,
1260 2653 1504 2693 conferens
1545 2664 1649 2692 cum
1688 2652 1864 2698 Priore,

246 2724 396 2763 amico
428 2722 674 2762 Societatis
704 2729 914 2774 nostrae,
946 2724 1031 2764 etsi
1059 2724 1288 2764 neminem
1316 2736 1374 2763 ex
1402 2723 1635 2763 Societate
1663 2736 1866 2775 unquam

243 2794 453 2832 vidisset.
476 2793 527 2833 In
548 2793 635 2833 hoc
661 2795 883 2833 coenobio
902 2795 1209 2834 carthusiensi
1226 2800 1326 2834 erat
1347 2795 1491 2834 frater
1509 2793 1696 2845 quidam
1718 2806 1866 2834 sacer-

242 2864 350 2914 dos,
376 2865 451 2914 qui
474 2877 499 2903 a
521 2864 685 2915 viginti
708 2865 909 2916 quinque
938 2866 1071 2905 annis
1099 2866 1332 2905 mirabiles
1364 2873 1526 2916 raptus
1557 2877 1702 2917 usque
1731 2866 1868 2905 modo

244 2934 509 2984 frequentes
543 2935 736 2985 patitur,
776 2947 868 2975 non
903 2937 1048 2975 solum
1083 2936 1246 2986 spiritu
1280 2948 1444 2976 verum
1478 2937 1618 2976 etiam
1653 2946 1867 2988 corpore,
