<?xml version="1.0" encoding="UTF-8"?>
<!DOCTYPE html PUBLIC "-//W3C//DTD XHTML 1.0 Transitional//EN"
    "http://www.w3.org/TR/xhtml1/DTD/xhtml1-transitional.dtd">
<html xmlns="http://www.w3.org/1999/xhtml" xml:lang="en" lang="en">
 <head>
  <title>
</title>
<meta http-equiv="Content-Type" content="text/html;charset=utf-8" />
  <meta name='ocr-system' content='tesseract 3.04.00' />
  <meta name='ocr-capabilities' content='ocr_page ocr_carea ocr_par ocr_line ocrx_word'/>
</head>
<body>
  <div class='ocr_page' id='page_1' title='image "./litteraequadrime1301lain_0357.png"; bbox 0 0 1987 3260; ppageno 0'>
   <div class='ocr_carea' id='block_1_1' title="bbox 867 147 1777 186">
    <p class='ocr_par' dir='ltr' id='par_1_1' title="bbox 867 147 1777 186">
     <span class='ocr_line' id='line_1_1' title="bbox 867 147 1777 186; baseline 0.002 -2"><span class='ocrx_word' id='word_1_1' title='bbox 867 147 946 184; x_wconf 76' lang='grc' dir='ltr'>ΑΝ.</span> <span class='ocrx_word' id='word_1_2' title='bbox 979 147 1065 185; x_wconf 79' lang='grc'><strong>1551</strong></span> <span class='ocrx_word' id='word_1_3' title='bbox 1709 148 1777 186; x_wconf 81' lang='grc'>351</span> 
     </span>
    </p>
   </div>
   <div class='ocr_carea' id='block_1_2' title="bbox 144 242 1792 2984">
    <p class='ocr_par' dir='ltr' id='par_1_2' title="bbox 147 242 1782 1001">
     <span class='ocr_line' id='line_1_2' title="bbox 149 242 1779 295; baseline -0.001 -10"><span class='ocrx_word' id='word_1_4' title='bbox 149 246 371 286; x_wconf 85' lang='lat' dir='ltr'>trodureli</span> <span class='ocrx_word' id='word_1_5' title='bbox 392 246 465 284; x_wconf 88' lang='lat' dir='ltr'>nel</span> <span class='ocrx_word' id='word_1_6' title='bbox 493 255 794 295; x_wconf 88' lang='lat' dir='ltr'>componere,</span> <span class='ocrx_word' id='word_1_7' title='bbox 823 255 917 284; x_wconf 92' lang='lat' dir='ltr'>non</span> <span class='ocrx_word' id='word_1_8' title='bbox 946 242 1163 283; x_wconf 81' lang='lat' dir='ltr'>havendo</span> <span class='ocrx_word' id='word_1_9' title='bbox 1193 243 1336 283; x_wconf 89' lang='lat' dir='ltr'>molta</span> <span class='ocrx_word' id='word_1_10' title='bbox 1363 254 1477 283; x_wconf 89' lang='lat' dir='ltr'>cura</span> <span class='ocrx_word' id='word_1_11' title='bbox 1504 255 1554 283; x_wconf 87' lang='grc'><strong>56</strong></span> <span class='ocrx_word' id='word_1_12' title='bbox 1582 249 1702 284; x_wconf 85' lang='grc'><strong>111113</strong></span> <span class='ocrx_word' id='word_1_13' title='bbox 1735 244 1779 284; x_wconf 84' lang='grc'>13</span> 
     </span>
     <span class='ocr_line' id='line_1_3' title="bbox 150 313 1779 366; baseline -0.001 -11"><span class='ocrx_word' id='word_1_14' title='bbox 150 316 417 356; x_wconf 70' lang='lat' dir='ltr'>vederanno</span> <span class='ocrx_word' id='word_1_15' title='bbox 444 315 490 354; x_wconf 92' lang='lat' dir='ltr'>in</span> <span class='ocrx_word' id='word_1_16' title='bbox 519 320 681 366; x_wconf 85' lang='lat' dir='ltr'>questa</span> <span class='ocrx_word' id='word_1_17' title='bbox 710 315 872 355; x_wconf 88' lang='grc'><strong>5611013</strong></span> <span class='ocrx_word' id='word_1_18' title='bbox 908 325 934 354; x_wconf 95' lang='grc'><strong>0</strong></span> <span class='ocrx_word' id='word_1_19' title='bbox 969 325 1083 363; x_wconf 83' lang='grc'><strong>11011,</strong></span> <span class='ocrx_word' id='word_1_20' title='bbox 1107 313 1402 364; x_wconf 85' lang='lat' dir='ltr'>imperoeche</span> <span class='ocrx_word' id='word_1_21' title='bbox 1432 314 1554 353; x_wconf 89' lang='lat' dir='ltr'>nella</span> <span class='ocrx_word' id='word_1_22' title='bbox 1575 315 1779 354; x_wconf 73' lang='lat' dir='ltr'>seconcia</span> 
     </span>
     <span class='ocr_line' id='line_1_4' title="bbox 148 383 1776 437; baseline -0.001 -11"><span class='ocrx_word' id='word_1_23' title='bbox 148 387 307 426; x_wconf 64' lang='lat' dir='ltr'>scuola</span> <span class='ocrx_word' id='word_1_24' title='bbox 325 386 531 425; x_wconf 76' lang='lat' dir='ltr'>anchora</span> <span class='ocrx_word' id='word_1_25' title='bbox 548 385 587 425; x_wconf 91' lang='lat' dir='ltr'>si</span> <span class='ocrx_word' id='word_1_26' title='bbox 606 386 742 436; x_wconf 92' lang='lat' dir='ltr'>legge</span> <span class='ocrx_word' id='word_1_27' title='bbox 766 391 809 426; x_wconf 90' lang='lat' dir='ltr'>et</span> <span class='ocrx_word' id='word_1_28' title='bbox 829 385 908 437; x_wconf 80' lang='lat' dir='ltr'>piu</span> <span class='ocrx_word' id='word_1_29' title='bbox 930 389 1277 424; x_wconf 87' lang='lat' dir='ltr'>essattamente.</span> <span class='ocrx_word' id='word_1_30' title='bbox 1302 383 1464 423; x_wconf 89' lang='lat' dir='ltr'>Fanno</span> <span class='ocrx_word' id='word_1_31' title='bbox 1483 384 1593 435; x_wconf 89' lang='lat' dir='ltr'>ogni</span> <span class='ocrx_word' id='word_1_32' title='bbox 1609 385 1776 434; x_wconf 83' lang='lat' dir='ltr'>giorno</span> 
     </span>
     <span class='ocr_line' id='line_1_5' title="bbox 151 454 1778 507; baseline -0.001 -11"><span class='ocrx_word' id='word_1_33' title='bbox 151 469 241 497; x_wconf 86' lang='lat' dir='ltr'>una</span> <span class='ocrx_word' id='word_1_34' title='bbox 264 456 599 507; x_wconf 75' lang='lat' dir='ltr'>compositione</span> <span class='ocrx_word' id='word_1_35' title='bbox 620 468 760 507; x_wconf 84' lang='lat' dir='ltr'>sopra</span> <span class='ocrx_word' id='word_1_36' title='bbox 780 457 821 496; x_wconf 88' lang='grc'>16</span> <span class='ocrx_word' id='word_1_37' title='bbox 842 456 964 496; x_wconf 87' lang='grc'><strong>(16116</strong></span> <span class='ocrx_word' id='word_1_38' title='bbox 987 455 1161 505; x_wconf 85' lang='lat' dir='ltr'>regole,</span> <span class='ocrx_word' id='word_1_39' title='bbox 1192 454 1414 505; x_wconf 88' lang='lat' dir='ltr'>dandogli</span> <span class='ocrx_word' id='word_1_40' title='bbox 1440 454 1716 495; x_wconf 87' lang='lat' dir='ltr'>similmente</span> <span class='ocrx_word' id='word_1_41' title='bbox 1746 456 1778 495; x_wconf 91' lang='lat' dir='ltr'>il</span> 
     </span>
     <span class='ocr_line' id='line_1_6' title="bbox 149 524 1778 575; baseline -0.002 -8"><span class='ocrx_word' id='word_1_42' title='bbox 149 533 352 567; x_wconf 85' lang='lat' dir='ltr'>maestro</span> <span class='ocrx_word' id='word_1_43' title='bbox 384 527 635 566; x_wconf 84' lang='lat' dir='ltr'>ivocabuli</span> <span class='ocrx_word' id='word_1_44' title='bbox 662 527 793 567; x_wconf 86' lang='lat' dir='ltr'>latini</span> <span class='ocrx_word' id='word_1_45' title='bbox 827 527 912 566; x_wconf 84' lang='lat' dir='ltr'>che</span> <span class='ocrx_word' id='word_1_46' title='bbox 947 537 1041 565; x_wconf 92' lang='lat' dir='ltr'>non</span> <span class='ocrx_word' id='word_1_47' title='bbox 1075 525 1231 564; x_wconf 89' lang='lat' dir='ltr'>hanno</span> <span class='ocrx_word' id='word_1_48' title='bbox 1258 525 1332 564; x_wconf 92' lang='lat' dir='ltr'>nel</span> <span class='ocrx_word' id='word_1_49' title='bbox 1357 524 1474 564; x_wconf 91' lang='lat' dir='ltr'>libro</span> <span class='ocrx_word' id='word_1_50' title='bbox 1506 536 1606 575; x_wconf 86' lang='lat' dir='ltr'>suo,</span> <span class='ocrx_word' id='word_1_51' title='bbox 1646 526 1778 565; x_wconf 86' lang='lat' dir='ltr'>accio</span> 
     </span>
     <span class='ocr_line' id='line_1_7' title="bbox 151 595 1777 647; baseline -0.002 -10"><span class='ocrx_word' id='word_1_52' title='bbox 151 610 241 637; x_wconf 81' lang='lat' dir='ltr'>non</span> <span class='ocrx_word' id='word_1_53' title='bbox 279 597 530 637; x_wconf 85' lang='lat' dir='ltr'>attendano</span> <span class='ocrx_word' id='word_1_54' title='bbox 560 610 609 637; x_wconf 87' lang='lat' dir='ltr'>se</span> <span class='ocrx_word' id='word_1_55' title='bbox 638 609 727 637; x_wconf 91' lang='lat' dir='ltr'>non</span> <span class='ocrx_word' id='word_1_56' title='bbox 767 610 793 637; x_wconf 89' lang='lat' dir='ltr'>a</span> <span class='ocrx_word' id='word_1_57' title='bbox 820 595 1144 647; x_wconf 87' lang='lat' dir='ltr'>congiungerli</span> <span class='ocrx_word' id='word_1_58' title='bbox 1178 595 1315 645; x_wconf 86' lang='lat' dir='ltr'>bene;</span> <span class='ocrx_word' id='word_1_59' title='bbox 1353 600 1396 634; x_wconf 89' lang='lat' dir='ltr'>et</span> <span class='ocrx_word' id='word_1_60' title='bbox 1431 606 1536 635; x_wconf 87' lang='lat' dir='ltr'>esso</span> <span class='ocrx_word' id='word_1_61' title='bbox 1573 600 1777 635; x_wconf 87' lang='lat' dir='ltr'>maestro</span> 
     </span>
     <span class='ocr_line' id='line_1_8' title="bbox 150 665 1779 717; baseline -0.002 -9"><span class='ocrx_word' id='word_1_62' title='bbox 150 674 265 708; x_wconf 87' lang='lat' dir='ltr'>tutte</span> <span class='ocrx_word' id='word_1_63' title='bbox 286 669 326 708; x_wconf 88' lang='grc'>16</span> <span class='ocrx_word' id='word_1_64' title='bbox 347 668 463 708; x_wconf 74' lang='lat' dir='ltr'>vedc</span> <span class='ocrx_word' id='word_1_65' title='bbox 485 676 529 707; x_wconf 90' lang='lat' dir='ltr'>et</span> <span class='ocrx_word' id='word_1_66' title='bbox 550 668 745 708; x_wconf 74' lang='lat' dir='ltr'>emenda</span> <span class='ocrx_word' id='word_1_67' title='bbox 765 668 795 707; x_wconf 88' lang='lat' dir='ltr'>il</span> <span class='ocrx_word' id='word_1_68' title='bbox 815 667 980 717; x_wconf 83' lang='lat' dir='ltr'>giorno</span> <span class='ocrx_word' id='word_1_69' title='bbox 1001 671 1237 717; x_wconf 88' lang='lat' dir='ltr'>sequente.</span> <span class='ocrx_word' id='word_1_70' title='bbox 1260 665 1295 705; x_wconf 94' lang='lat' dir='ltr'>Il</span> <span class='ocrx_word' id='word_1_71' title='bbox 1311 665 1507 705; x_wconf 85' lang='lat' dir='ltr'>sabbato</span> <span class='ocrx_word' id='word_1_72' title='bbox 1524 677 1618 705; x_wconf 92' lang='lat' dir='ltr'>non</span> <span class='ocrx_word' id='word_1_73' title='bbox 1642 665 1678 705; x_wconf 86' lang='lat' dir='ltr'>s’</span> <span class='ocrx_word' id='word_1_74' title='bbox 1700 666 1779 705; x_wconf 93' lang='lat' dir='ltr'>im—</span> 
     </span>
     <span class='ocr_line' id='line_1_9' title="bbox 148 736 1778 789; baseline -0.001 -11"><span class='ocrx_word' id='word_1_75' title='bbox 148 750 263 789; x_wconf 85' lang='lat' dir='ltr'>para</span> <span class='ocrx_word' id='word_1_76' title='bbox 279 739 433 778; x_wconf 89' lang='lat' dir='ltr'>niente</span> <span class='ocrx_word' id='word_1_77' title='bbox 455 739 499 778; x_wconf 86' lang='lat' dir='ltr'>di</span> <span class='ocrx_word' id='word_1_78' title='bbox 521 751 691 789; x_wconf 83' lang='lat' dir='ltr'>nuovo,</span> <span class='ocrx_word' id='word_1_79' title='bbox 714 750 764 779; x_wconf 88' lang='lat' dir='ltr'>se</span> <span class='ocrx_word' id='word_1_80' title='bbox 780 750 873 778; x_wconf 93' lang='lat' dir='ltr'>non</span> <span class='ocrx_word' id='word_1_81' title='bbox 889 738 974 778; x_wconf 90' lang='lat' dir='ltr'>che</span> <span class='ocrx_word' id='word_1_82' title='bbox 991 737 1031 777; x_wconf 92' lang='lat' dir='ltr'>si</span> <span class='ocrx_word' id='word_1_83' title='bbox 1047 737 1193 776; x_wconf 87' lang='lat' dir='ltr'>recita</span> <span class='ocrx_word' id='word_1_84' title='bbox 1211 742 1329 776; x_wconf 90' lang='lat' dir='ltr'>tutto</span> <span class='ocrx_word' id='word_1_85' title='bbox 1348 737 1499 787; x_wconf 92' lang='lat' dir='ltr'>quello</span> <span class='ocrx_word' id='word_1_86' title='bbox 1517 737 1601 776; x_wconf 90' lang='lat' dir='ltr'>che</span> <span class='ocrx_word' id='word_1_87' title='bbox 1620 736 1778 776; x_wconf 85' lang='lat' dir='ltr'>hanno</span> 
     </span>
     <span class='ocr_line' id='line_1_10' title="bbox 147 806 1781 860; baseline -0.002 -11"><span class='ocrx_word' id='word_1_88' title='bbox 147 810 377 860; x_wconf 86' lang='lat' dir='ltr'>imparato</span> <span class='ocrx_word' id='word_1_89' title='bbox 400 810 442 848; x_wconf 83' lang='lat' dir='ltr'>la</span> <span class='ocrx_word' id='word_1_90' title='bbox 464 810 727 849; x_wconf 83' lang='lat' dir='ltr'>settimana.</span> <span class='ocrx_word' id='word_1_91' title='bbox 751 809 785 849; x_wconf 91' lang='lat' dir='ltr'>Il</span> <span class='ocrx_word' id='word_1_92' title='bbox 806 814 1009 849; x_wconf 84' lang='lat' dir='ltr'>maestro</span> <span class='ocrx_word' id='word_1_93' title='bbox 1038 806 1084 846; x_wconf 91' lang='grc'>(11</span> <span class='ocrx_word' id='word_1_94' title='bbox 1114 806 1265 858; x_wconf 91' lang='lat' dir='ltr'>questi</span> <span class='ocrx_word' id='word_1_95' title='bbox 1291 807 1353 846; x_wconf 88' lang='lat' dir='ltr'>ha</span> <span class='ocrx_word' id='word_1_96' title='bbox 1383 818 1496 846; x_wconf 90' lang='lat' dir='ltr'>cura</span> <span class='ocrx_word' id='word_1_97' title='bbox 1519 807 1565 847; x_wconf 90' lang='lat' dir='ltr'>di</span> <span class='ocrx_word' id='word_1_98' title='bbox 1586 812 1709 847; x_wconf 88' lang='lat' dir='ltr'>tutta</span> <span class='ocrx_word' id='word_1_99' title='bbox 1735 808 1781 847; x_wconf 91' lang='lat' dir='ltr'>la</span> 
     </span>
     <span class='ocr_line' id='line_1_11' title="bbox 148 877 1782 930; baseline -0.002 -10"><span class='ocrx_word' id='word_1_100' title='bbox 148 881 307 920; x_wconf 74' lang='lat' dir='ltr'>scuola</span> <span class='ocrx_word' id='word_1_101' title='bbox 340 886 385 919; x_wconf 85' lang='grc'>61</span> <span class='ocrx_word' id='word_1_102' title='bbox 415 880 456 919; x_wconf 90' lang='grc'>61</span> <span class='ocrx_word' id='word_1_103' title='bbox 484 888 556 920; x_wconf 76' lang='lat' dir='ltr'>sta</span> <span class='ocrx_word' id='word_1_104' title='bbox 586 887 655 920; x_wconf 87' lang='lat' dir='ltr'>tre</span> <span class='ocrx_word' id='word_1_105' title='bbox 683 879 795 920; x_wconf 89' lang='lat' dir='ltr'>hore</span> <span class='ocrx_word' id='word_1_106' title='bbox 826 892 852 919; x_wconf 96' lang='grc'><strong>0</strong></span> <span class='ocrx_word' id='word_1_107' title='bbox 883 879 961 930; x_wconf 84' lang='lat' dir='ltr'>piu</span> <span class='ocrx_word' id='word_1_108' title='bbox 989 878 1150 918; x_wconf 86' lang='lat' dir='ltr'>avanti</span> <span class='ocrx_word' id='word_1_109' title='bbox 1176 889 1334 917; x_wconf 85' lang='lat' dir='ltr'>mezzo</span> <span class='ocrx_word' id='word_1_110' title='bbox 1368 877 1536 928; x_wconf 84' lang='lat' dir='ltr'>giorno</span> <span class='ocrx_word' id='word_1_111' title='bbox 1571 883 1614 917; x_wconf 89' lang='lat' dir='ltr'>et</span> <span class='ocrx_word' id='word_1_112' title='bbox 1648 877 1782 929; x_wconf 81' lang='lat' dir='ltr'>quasi</span> 
     </span>
     <span class='ocr_line' id='line_1_12' title="bbox 149 950 513 1001; baseline -0.005 -11"><span class='ocrx_word' id='word_1_113' title='bbox 149 956 337 1001; x_wconf 85' lang='lat' dir='ltr'>quattro</span> <span class='ocrx_word' id='word_1_114' title='bbox 360 950 513 1001; x_wconf 88' lang='lat' dir='ltr'>dopoi.</span> 
     </span>
    </p>

    <p class='ocr_par' dir='ltr' id='par_1_3' title="bbox 144 1018 1788 2407">
     <span class='ocr_line' id='line_1_13' title="bbox 228 1018 1783 1071; baseline -0.002 -10"><span class='ocrx_word' id='word_1_115' title='bbox 228 1021 295 1061; x_wconf 91' lang='lat' dir='ltr'>La</span> <span class='ocrx_word' id='word_1_116' title='bbox 317 1021 522 1060; x_wconf 85' lang='lat' dir='ltr'>seconda</span> <span class='ocrx_word' id='word_1_117' title='bbox 544 1022 703 1060; x_wconf 87' lang='lat' dir='ltr'>scuola</span> <span class='ocrx_word' id='word_1_118' title='bbox 724 1020 783 1060; x_wconf 87' lang='lat' dir='ltr'>ha</span> <span class='ocrx_word' id='word_1_119' title='bbox 805 1031 897 1060; x_wconf 90' lang='lat' dir='ltr'>uno</span> <span class='ocrx_word' id='word_1_120' title='bbox 919 1020 1018 1060; x_wconf 92' lang='lat' dir='ltr'>solo</span> <span class='ocrx_word' id='word_1_121' title='bbox 1039 1026 1260 1071; x_wconf 83' lang='lat' dir='ltr'>maestro‚</span> <span class='ocrx_word' id='word_1_122' title='bbox 1284 1031 1360 1059; x_wconf 90' lang='lat' dir='ltr'>ma</span> <span class='ocrx_word' id='word_1_123' title='bbox 1382 1019 1459 1059; x_wconf 86' lang='lat' dir='ltr'>doi</span> <span class='ocrx_word' id='word_1_124' title='bbox 1480 1018 1652 1069; x_wconf 90' lang='lat' dir='ltr'>ordini,</span> <span class='ocrx_word' id='word_1_125' title='bbox 1677 1024 1721 1058; x_wconf 87' lang='lat' dir='ltr'>et</span> <span class='ocrx_word' id='word_1_126' title='bbox 1743 1019 1783 1058; x_wconf 89' lang='lat' dir='ltr'>si</span> 
     </span>
     <span class='ocr_line' id='line_1_14' title="bbox 147 1089 1782 1142; baseline -0.001 -11"><span class='ocrx_word' id='word_1_127' title='bbox 147 1093 282 1142; x_wconf 88' lang='lat' dir='ltr'>legge</span> <span class='ocrx_word' id='word_1_128' title='bbox 301 1092 347 1131; x_wconf 90' lang='lat' dir='ltr'>in</span> <span class='ocrx_word' id='word_1_129' title='bbox 369 1104 473 1131; x_wconf 82' lang='lat' dir='ltr'>essa</span> <span class='ocrx_word' id='word_1_130' title='bbox 495 1092 537 1130; x_wconf 89' lang='lat' dir='ltr'>la</span> <span class='ocrx_word' id='word_1_131' title='bbox 559 1091 871 1141; x_wconf 85' lang='lat' dir='ltr'>grammatica</span> <span class='ocrx_word' id='word_1_132' title='bbox 893 1091 938 1131; x_wconf 90' lang='lat' dir='ltr'>di</span> <span class='ocrx_word' id='word_1_133' title='bbox 959 1090 1204 1130; x_wconf 78' lang='lat' dir='ltr'>Pharaone</span> <span class='ocrx_word' id='word_1_134' title='bbox 1226 1102 1308 1142; x_wconf 89' lang='lat' dir='ltr'>per</span> <span class='ocrx_word' id='word_1_135' title='bbox 1324 1090 1389 1141; x_wconf 89' lang='lat' dir='ltr'>gli</span> <span class='ocrx_word' id='word_1_136' title='bbox 1405 1090 1484 1142; x_wconf 83' lang='lat' dir='ltr'>piu</span> <span class='ocrx_word' id='word_1_137' title='bbox 1502 1089 1654 1130; x_wconf 90' lang='lat' dir='ltr'>deboli</span> <span class='ocrx_word' id='word_1_138' title='bbox 1674 1094 1719 1129; x_wconf 90' lang='lat' dir='ltr'>et</span> <span class='ocrx_word' id='word_1_139' title='bbox 1737 1089 1782 1129; x_wconf 91' lang='grc'>13</span> 
     </span>
     <span class='ocr_line' id='line_1_15' title="bbox 148 1159 1781 1213; baseline -0.001 -12"><span class='ocrx_word' id='word_1_140' title='bbox 148 1163 296 1213; x_wconf 83' lang='lat' dir='ltr'>prima</span> <span class='ocrx_word' id='word_1_141' title='bbox 318 1168 450 1213; x_wconf 82' lang='lat' dir='ltr'>parte</span> <span class='ocrx_word' id='word_1_142' title='bbox 472 1162 591 1201; x_wconf 79' lang='lat' dir='ltr'>della</span> <span class='ocrx_word' id='word_1_143' title='bbox 613 1161 923 1212; x_wconf 88' lang='lat' dir='ltr'>grammatica</span> <span class='ocrx_word' id='word_1_144' title='bbox 945 1161 991 1201; x_wconf 87' lang='lat' dir='ltr'>di</span> <span class='ocrx_word' id='word_1_145' title='bbox 1017 1160 1346 1212; x_wconf 88' lang='lat' dir='ltr'>Despauterio‚</span> <span class='ocrx_word' id='word_1_146' title='bbox 1378 1161 1479 1200; x_wconf 85' lang='grc'><strong>6106</strong></span> <span class='ocrx_word' id='word_1_147' title='bbox 1510 1161 1566 1200; x_wconf 78' lang='lat' dir='ltr'>de</span> <span class='ocrx_word' id='word_1_148' title='bbox 1595 1159 1781 1211; x_wconf 72' lang='lat' dir='ltr'>generi-</span> 
     </span>
     <span class='ocr_line' id='line_1_16' title="bbox 149 1231 1782 1282; baseline 0.001 -12"><span class='ocrx_word' id='word_1_149' title='bbox 149 1234 234 1272; x_wconf 78' lang='lat' dir='ltr'>lms</span> <span class='ocrx_word' id='word_1_150' title='bbox 268 1232 526 1279; x_wconf 75' lang='lat' dir='ltr'>uomsunm,</span> <span class='ocrx_word' id='word_1_151' title='bbox 562 1232 978 1282; x_wconf 69' lang='lat' dir='ltr'>decll&#39;watz&#39;om&#39;bns,</span> <span class='ocrx_word' id='word_1_152' title='bbox 1013 1237 1124 1282; x_wconf 84' lang='lat' dir='ltr'>etc.,</span> <span class='ocrx_word' id='word_1_153' title='bbox 1161 1232 1313 1271; x_wconf 87' lang='lat' dir='ltr'>insino</span> <span class='ocrx_word' id='word_1_154' title='bbox 1348 1232 1439 1271; x_wconf 89' lang='lat' dir='ltr'>alla</span> <span class='ocrx_word' id='word_1_155' title='bbox 1478 1231 1668 1282; x_wconf 80' lang='lat' dir='ltr'>syntaxi</span> <span class='ocrx_word' id='word_1_156' title='bbox 1700 1242 1782 1282; x_wconf 87' lang='lat' dir='ltr'>per</span> 
     </span>
     <span class='ocr_line' id='line_1_17' title="bbox 146 1301 1780 1354; baseline -0.001 -12"><span class='ocrx_word' id='word_1_157' title='bbox 146 1310 277 1353; x_wconf 85' lang='lat' dir='ltr'>tutte,</span> <span class='ocrx_word' id='word_1_158' title='bbox 297 1309 342 1342; x_wconf 90' lang='lat' dir='ltr'>et</span> <span class='ocrx_word' id='word_1_159' title='bbox 358 1303 556 1354; x_wconf 75' lang='lat' dir='ltr'>qualche</span> <span class='ocrx_word' id='word_1_160' title='bbox 572 1309 727 1353; x_wconf 80' lang='lat' dir='ltr'>tempo</span> <span class='ocrx_word' id='word_1_161' title='bbox 744 1303 984 1343; x_wconf 78' lang='lat' dir='ltr'>Ludovico</span> <span class='ocrx_word' id='word_1_162' title='bbox 999 1303 1146 1343; x_wconf 84' lang='lat' dir='ltr'>Vives</span> <span class='ocrx_word' id='word_1_163' title='bbox 1157 1303 1211 1342; x_wconf 83' lang='lat' dir='ltr'>de</span> <span class='ocrx_word' id='word_1_164' title='bbox 1227 1302 1565 1342; x_wconf 51' lang='lat' dir='ltr'>exercitatione</span> <span class='ocrx_word' id='word_1_165' title='bbox 1582 1301 1780 1353; x_wconf 77' lang='lat' dir='ltr'>linguae</span> 
     </span>
     <span class='ocr_line' id='line_1_18' title="bbox 145 1372 1780 1426; baseline 0 -13"><span class='ocrx_word' id='word_1_166' title='bbox 145 1373 341 1424; x_wconf 74' lang='lat' dir='ltr'>latinae,</span> <span class='ocrx_word' id='word_1_167' title='bbox 362 1380 406 1413; x_wconf 91' lang='lat' dir='ltr'>et</span> <span class='ocrx_word' id='word_1_168' title='bbox 428 1385 509 1424; x_wconf 91' lang='lat' dir='ltr'>per</span> <span class='ocrx_word' id='word_1_169' title='bbox 531 1374 562 1413; x_wconf 91' lang='lat' dir='ltr'>li</span> <span class='ocrx_word' id='word_1_170' title='bbox 583 1372 748 1424; x_wconf 87' lang='lat' dir='ltr'>majori</span> <span class='ocrx_word' id='word_1_171' title='bbox 768 1379 1145 1426; x_wconf 85' lang='lat' dir='ltr'>separatamente</span> <span class='ocrx_word' id='word_1_172' title='bbox 1162 1374 1193 1413; x_wconf 91' lang='lat' dir='ltr'>il</span> <span class='ocrx_word' id='word_1_173' title='bbox 1208 1374 1326 1413; x_wconf 88' lang='lat' dir='ltr'>libro</span> <span class='ocrx_word' id='word_1_174' title='bbox 1349 1374 1404 1413; x_wconf 74' lang='lat' dir='ltr'>cle</span> <span class='ocrx_word' id='word_1_175' title='bbox 1424 1377 1524 1413; x_wconf 85' lang='lat' dir='ltr'>octo</span> <span class='ocrx_word' id='word_1_176' title='bbox 1547 1372 1780 1413; x_wconf 70' lang='lat' dir='ltr'>orationis</span> 
     </span>
     <span class='ocr_line' id='line_1_19' title="bbox 145 1443 1782 1496; baseline 0 -13"><span class='ocrx_word' id='word_1_177' title='bbox 145 1444 356 1494; x_wconf 66' lang='lat' dir='ltr'>partium</span> <span class='ocrx_word' id='word_1_178' title='bbox 377 1444 725 1484; x_wconf 74' lang='lat' dir='ltr'>coustrttctl&#39;one</span> <span class='ocrx_word' id='word_1_179' title='bbox 756 1444 872 1484; x_wconf 89' lang='lat' dir='ltr'>fatto</span> <span class='ocrx_word' id='word_1_180' title='bbox 898 1456 980 1496; x_wconf 89' lang='lat' dir='ltr'>per</span> <span class='ocrx_word' id='word_1_181' title='bbox 1007 1444 1223 1492; x_wconf 88' lang='lat' dir='ltr'>Erasmo,</span> <span class='ocrx_word' id='word_1_182' title='bbox 1255 1450 1299 1484; x_wconf 89' lang='lat' dir='ltr'>et</span> <span class='ocrx_word' id='word_1_183' title='bbox 1322 1456 1415 1484; x_wconf 90' lang='lat' dir='ltr'>una</span> <span class='ocrx_word' id='word_1_184' title='bbox 1443 1444 1633 1484; x_wconf 88' lang='lat' dir='ltr'>lettione</span> <span class='ocrx_word' id='word_1_185' title='bbox 1664 1443 1782 1483; x_wconf 87' lang='lat' dir='ltr'>delle</span> 
     </span>
     <span class='ocr_line' id='line_1_20' title="bbox 154 1513 1783 1566; baseline -0.001 -11"><span class='ocrx_word' id='word_1_186' title='bbox 154 1515 346 1566; x_wconf 90' lang='lat' dir='ltr'>epistole</span> <span class='ocrx_word' id='word_1_187' title='bbox 367 1514 423 1554; x_wconf 88' lang='lat' dir='ltr'>de</span> <span class='ocrx_word' id='word_1_188' title='bbox 448 1515 619 1565; x_wconf 88' lang='lat' dir='ltr'>Tullio,</span> <span class='ocrx_word' id='word_1_189' title='bbox 644 1521 688 1555; x_wconf 87' lang='lat' dir='ltr'>et</span> <span class='ocrx_word' id='word_1_190' title='bbox 716 1515 957 1565; x_wconf 88' lang='lat' dir='ltr'>Terentio,</span> <span class='ocrx_word' id='word_1_191' title='bbox 988 1527 1014 1554; x_wconf 97' lang='grc'><strong>0</strong></span> <span class='ocrx_word' id='word_1_192' title='bbox 1043 1515 1209 1565; x_wconf 91' lang='lat' dir='ltr'>egloge</span> <span class='ocrx_word' id='word_1_193' title='bbox 1244 1514 1300 1554; x_wconf 86' lang='lat' dir='ltr'>de</span> <span class='ocrx_word' id='word_1_194' title='bbox 1329 1514 1547 1565; x_wconf 80' lang='lat' dir='ltr'>Virgilio,</span> <span class='ocrx_word' id='word_1_195' title='bbox 1585 1513 1714 1554; x_wconf 89' lang='lat' dir='ltr'>Hora</span> <span class='ocrx_word' id='word_1_196' title='bbox 1743 1514 1783 1553; x_wconf 89' lang='lat' dir='ltr'>si</span> 
     </span>
     <span class='ocr_line' id='line_1_21' title="bbox 144 1585 1783 1637; baseline -0.001 -12"><span class='ocrx_word' id='word_1_197' title='bbox 144 1587 347 1636; x_wconf 90' lang='lat' dir='ltr'>leggono</span> <span class='ocrx_word' id='word_1_198' title='bbox 368 1591 569 1636; x_wconf 86' lang='lat' dir='ltr'>quattro:</span> <span class='ocrx_word' id='word_1_199' title='bbox 593 1585 853 1636; x_wconf 88' lang='lat' dir='ltr'>Pharaone,</span> <span class='ocrx_word' id='word_1_200' title='bbox 877 1585 1207 1637; x_wconf 83' lang='lat' dir='ltr'>Despauterio‚</span> <span class='ocrx_word' id='word_1_201' title='bbox 1231 1586 1259 1624; x_wconf 90' lang='lat' dir='ltr'>l&#39;</span> <span class='ocrx_word' id='word_1_202' title='bbox 1287 1585 1482 1636; x_wconf 88' lang='lat' dir='ltr'>epistole</span> <span class='ocrx_word' id='word_1_203' title='bbox 1504 1585 1550 1625; x_wconf 88' lang='lat' dir='ltr'>di</span> <span class='ocrx_word' id='word_1_204' title='bbox 1570 1585 1722 1625; x_wconf 93' lang='lat' dir='ltr'>Tullio</span> <span class='ocrx_word' id='word_1_205' title='bbox 1739 1591 1783 1624; x_wconf 90' lang='lat' dir='ltr'>et</span> 
     </span>
     <span class='ocr_line' id='line_1_22' title="bbox 146 1655 1783 1707; baseline -0.001 -10"><span class='ocrx_word' id='word_1_206' title='bbox 146 1655 362 1697; x_wconf 88' lang='lat' dir='ltr'>Terentio</span> <span class='ocrx_word' id='word_1_207' title='bbox 385 1657 495 1706; x_wconf 92' lang='lat' dir='ltr'>ogni</span> <span class='ocrx_word' id='word_1_208' title='bbox 515 1657 698 1707; x_wconf 84' lang='lat' dir='ltr'>giorno,</span> <span class='ocrx_word' id='word_1_209' title='bbox 723 1662 767 1696; x_wconf 91' lang='lat' dir='ltr'>et</span> <span class='ocrx_word' id='word_1_210' title='bbox 786 1657 852 1707; x_wconf 92' lang='lat' dir='ltr'>gli</span> <span class='ocrx_word' id='word_1_211' title='bbox 874 1657 1080 1697; x_wconf 90' lang='lat' dir='ltr'>scuolari</span> <span class='ocrx_word' id='word_1_212' title='bbox 1107 1655 1274 1707; x_wconf 88' lang='lat' dir='ltr'>majori</span> <span class='ocrx_word' id='word_1_213' title='bbox 1303 1657 1547 1707; x_wconf 87' lang='lat' dir='ltr'>imparano</span> <span class='ocrx_word' id='word_1_214' title='bbox 1577 1656 1609 1696; x_wconf 92' lang='lat' dir='ltr'>li</span> <span class='ocrx_word' id='word_1_215' title='bbox 1631 1661 1700 1696; x_wconf 86' lang='lat' dir='ltr'>tre</span> <span class='ocrx_word' id='word_1_216' title='bbox 1721 1656 1783 1696; x_wconf 90' lang='lat' dir='ltr'>ul-</span> 
     </span>
     <span class='ocr_line' id='line_1_23' title="bbox 146 1726 1783 1779; baseline 0 -12"><span class='ocrx_word' id='word_1_217' title='bbox 146 1727 244 1767; x_wconf 89' lang='lat' dir='ltr'>timi</span> <span class='ocrx_word' id='word_1_218' title='bbox 265 1739 291 1766; x_wconf 86' lang='lat' dir='ltr'>a</span> <span class='ocrx_word' id='word_1_219' title='bbox 312 1733 480 1767; x_wconf 88' lang='lat' dir='ltr'>mente:</span> <span class='ocrx_word' id='word_1_220' title='bbox 502 1728 591 1767; x_wconf 88' lang='lat' dir='ltr'>ben</span> <span class='ocrx_word' id='word_1_221' title='bbox 609 1731 633 1767; x_wconf 81' lang='lat' dir='ltr'>e</span> <span class='ocrx_word' id='word_1_222' title='bbox 654 1740 768 1768; x_wconf 82' lang='lat' dir='ltr'>vero</span> <span class='ocrx_word' id='word_1_223' title='bbox 792 1728 878 1768; x_wconf 92' lang='lat' dir='ltr'>che</span> <span class='ocrx_word' id='word_1_224' title='bbox 900 1739 1018 1779; x_wconf 87' lang='lat' dir='ltr'>poco</span> <span class='ocrx_word' id='word_1_225' title='bbox 1040 1728 1078 1767; x_wconf 90' lang='lat' dir='ltr'>si</span> <span class='ocrx_word' id='word_1_226' title='bbox 1099 1728 1249 1779; x_wconf 87' lang='lat' dir='ltr'>legge.</span> <span class='ocrx_word' id='word_1_227' title='bbox 1275 1727 1350 1768; x_wconf 89' lang='lat' dir='ltr'>Gli</span> <span class='ocrx_word' id='word_1_228' title='bbox 1370 1727 1451 1778; x_wconf 82' lang='lat' dir='ltr'>piu</span> <span class='ocrx_word' id='word_1_229' title='bbox 1472 1726 1623 1767; x_wconf 86' lang='lat' dir='ltr'>deboli</span> <span class='ocrx_word' id='word_1_230' title='bbox 1640 1727 1783 1778; x_wconf 89' lang='lat' dir='ltr'>impa-</span> 
     </span>
     <span class='ocr_line' id='line_1_24' title="bbox 148 1799 1782 1850; baseline 0 -12"><span class='ocrx_word' id='word_1_231' title='bbox 148 1810 263 1838; x_wconf 85' lang='lat' dir='ltr'>rano</span> <span class='ocrx_word' id='word_1_232' title='bbox 287 1800 382 1839; x_wconf 88' lang='lat' dir='ltr'>sole</span> <span class='ocrx_word' id='word_1_233' title='bbox 404 1800 444 1838; x_wconf 88' lang='lat' dir='ltr'>le</span> <span class='ocrx_word' id='word_1_234' title='bbox 467 1799 553 1839; x_wconf 89' lang='lat' dir='ltr'>due</span> <span class='ocrx_word' id='word_1_235' title='bbox 574 1799 746 1850; x_wconf 89' lang='lat' dir='ltr'>prime,</span> <span class='ocrx_word' id='word_1_236' title='bbox 771 1806 815 1839; x_wconf 85' lang='lat' dir='ltr'>et</span> <span class='ocrx_word' id='word_1_237' title='bbox 843 1805 959 1839; x_wconf 87' lang='lat' dir='ltr'>tutte</span> <span class='ocrx_word' id='word_1_238' title='bbox 986 1799 1026 1839; x_wconf 93' lang='lat' dir='ltr'>si</span> <span class='ocrx_word' id='word_1_239' title='bbox 1054 1800 1263 1839; x_wconf 88' lang='lat' dir='ltr'>recitano</span> <span class='ocrx_word' id='word_1_240' title='bbox 1293 1799 1324 1838; x_wconf 91' lang='lat' dir='ltr'>il</span> <span class='ocrx_word' id='word_1_241' title='bbox 1350 1799 1518 1850; x_wconf 91' lang='lat' dir='ltr'>giorno</span> <span class='ocrx_word' id='word_1_242' title='bbox 1546 1804 1782 1850; x_wconf 84' lang='lat' dir='ltr'>sequent-e,</span> 
     </span>
     <span class='ocr_line' id='line_1_25' title="bbox 148 1869 1787 1921; baseline -0.001 -12"><span class='ocrx_word' id='word_1_243' title='bbox 148 1870 287 1921; x_wconf 84' lang='lat' dir='ltr'>dopoi</span> <span class='ocrx_word' id='word_1_244' title='bbox 309 1870 394 1909; x_wconf 89' lang='lat' dir='ltr'>che</span> <span class='ocrx_word' id='word_1_245' title='bbox 417 1870 457 1909; x_wconf 92' lang='lat' dir='ltr'>si</span> <span class='ocrx_word' id='word_1_246' title='bbox 478 1881 591 1910; x_wconf 90' lang='lat' dir='ltr'>sono</span> <span class='ocrx_word' id='word_1_247' title='bbox 614 1871 736 1910; x_wconf 87' lang='lat' dir='ltr'>lette.</span> <span class='ocrx_word' id='word_1_248' title='bbox 762 1869 940 1910; x_wconf 83' lang='lat' dir='ltr'>Avanti</span> <span class='ocrx_word' id='word_1_249' title='bbox 962 1869 1046 1910; x_wconf 91' lang='lat' dir='ltr'>che</span> <span class='ocrx_word' id='word_1_250' title='bbox 1067 1870 1094 1909; x_wconf 89' lang='lat' dir='ltr'>l&#39;</span> <span class='ocrx_word' id='word_1_251' title='bbox 1116 1871 1234 1910; x_wconf 87' lang='lat' dir='ltr'>altre</span> <span class='ocrx_word' id='word_1_252' title='bbox 1255 1869 1294 1909; x_wconf 91' lang='lat' dir='ltr'>si</span> <span class='ocrx_word' id='word_1_253' title='bbox 1318 1870 1521 1921; x_wconf 87' lang='lat' dir='ltr'>leggano</span> <span class='ocrx_word' id='word_1_254' title='bbox 1539 1875 1584 1909; x_wconf 89' lang='lat' dir='ltr'>et</span> <span class='ocrx_word' id='word_1_255' title='bbox 1601 1869 1739 1920; x_wconf 87' lang='lat' dir='ltr'>dopoi</span> <span class='ocrx_word' id='word_1_256' title='bbox 1755 1869 1787 1908; x_wconf 92' lang='lat' dir='ltr'>il</span> 
     </span>
     <span class='ocr_line' id='line_1_26' title="bbox 148 1940 1785 1991; baseline -0.001 -11"><span class='ocrx_word' id='word_1_257' title='bbox 148 1940 334 1991; x_wconf 90' lang='lat' dir='ltr'>recitar,</span> <span class='ocrx_word' id='word_1_258' title='bbox 365 1941 394 1980; x_wconf 91' lang='lat' dir='ltr'>il</span> <span class='ocrx_word' id='word_1_259' title='bbox 422 1947 626 1981; x_wconf 84' lang='lat' dir='ltr'>maestro</span> <span class='ocrx_word' id='word_1_260' title='bbox 658 1941 689 1980; x_wconf 93' lang='lat' dir='ltr'>li</span> <span class='ocrx_word' id='word_1_261' title='bbox 716 1940 762 1980; x_wconf 87' lang='lat' dir='ltr'>fa</span> <span class='ocrx_word' id='word_1_262' title='bbox 790 1941 1026 1981; x_wconf 88' lang='lat' dir='ltr'>dichiarar</span> <span class='ocrx_word' id='word_1_263' title='bbox 1060 1952 1086 1980; x_wconf 89' lang='lat' dir='ltr'>a</span> <span class='ocrx_word' id='word_1_264' title='bbox 1115 1941 1207 1980; x_wconf 89' lang='lat' dir='ltr'>essi</span> <span class='ocrx_word' id='word_1_265' title='bbox 1233 1941 1462 1991; x_wconf 88' lang='lat' dir='ltr'>scuolari,</span> <span class='ocrx_word' id='word_1_266' title='bbox 1495 1946 1540 1980; x_wconf 89' lang='lat' dir='ltr'>et</span> <span class='ocrx_word' id='word_1_267' title='bbox 1569 1940 1636 1991; x_wconf 88' lang='lat' dir='ltr'>gli</span> <span class='ocrx_word' id='word_1_268' title='bbox 1664 1951 1785 1980; x_wconf 89' lang='grc'><strong>6553-</strong></span> 
     </span>
     <span class='ocr_line' id='line_1_27' title="bbox 149 2011 1784 2063; baseline -0.001 -12"><span class='ocrx_word' id='word_1_269' title='bbox 149 2012 289 2063; x_wconf 83' lang='grc'><strong>1111113,</strong></span> <span class='ocrx_word' id='word_1_270' title='bbox 315 2012 569 2052; x_wconf 81' lang='lat' dir='ltr'>riducendo</span> <span class='ocrx_word' id='word_1_271' title='bbox 593 2012 607 2051; x_wconf 92' lang='lat' dir='ltr'>i</span> <span class='ocrx_word' id='word_1_272' title='bbox 627 2012 753 2051; x_wconf 87' lang='lat' dir='ltr'>modi</span> <span class='ocrx_word' id='word_1_273' title='bbox 775 2012 820 2051; x_wconf 86' lang='lat' dir='ltr'>di</span> <span class='ocrx_word' id='word_1_274' title='bbox 841 2012 1000 2063; x_wconf 87' lang='lat' dir='ltr'>parlar</span> <span class='ocrx_word' id='word_1_275' title='bbox 1022 2017 1066 2051; x_wconf 90' lang='lat' dir='ltr'>et</span> <span class='ocrx_word' id='word_1_276' title='bbox 1088 2011 1199 2062; x_wconf 88' lang='lat' dir='ltr'>ogni</span> <span class='ocrx_word' id='word_1_277' title='bbox 1226 2023 1345 2051; x_wconf 87' lang='lat' dir='ltr'>voce</span> <span class='ocrx_word' id='word_1_278' title='bbox 1375 2012 1467 2051; x_wconf 91' lang='lat' dir='ltr'>alla</span> <span class='ocrx_word' id='word_1_279' title='bbox 1494 2023 1580 2051; x_wconf 90' lang='lat' dir='ltr'>sua</span> <span class='ocrx_word' id='word_1_280' title='bbox 1606 2011 1784 2061; x_wconf 89' lang='lat' dir='ltr'>regola.</span> 
     </span>
     <span class='ocr_line' id='line_1_28' title="bbox 151 2081 1786 2134; baseline 0 -13"><span class='ocrx_word' id='word_1_281' title='bbox 151 2083 273 2133; x_wconf 79' lang='lat' dir='ltr'>Ogni</span> <span class='ocrx_word' id='word_1_282' title='bbox 295 2083 456 2123; x_wconf 83' lang='lat' dir='ltr'>ordine</span> <span class='ocrx_word' id='word_1_283' title='bbox 476 2083 536 2122; x_wconf 90' lang='lat' dir='ltr'>ha</span> <span class='ocrx_word' id='word_1_284' title='bbox 559 2083 590 2122; x_wconf 91' lang='lat' dir='ltr'>il</span> <span class='ocrx_word' id='word_1_285' title='bbox 608 2094 692 2122; x_wconf 89' lang='lat' dir='ltr'>suo</span> <span class='ocrx_word' id='word_1_286' title='bbox 713 2082 857 2122; x_wconf 90' lang='lat' dir='ltr'>latino</span> <span class='ocrx_word' id='word_1_287' title='bbox 880 2082 990 2133; x_wconf 89' lang='lat' dir='ltr'>ogni</span> <span class='ocrx_word' id='word_1_288' title='bbox 1012 2093 1206 2134; x_wconf 87' lang='lat' dir='ltr'>vespro,</span> <span class='ocrx_word' id='word_1_289' title='bbox 1231 2087 1276 2122; x_wconf 90' lang='lat' dir='ltr'>et</span> <span class='ocrx_word' id='word_1_290' title='bbox 1296 2082 1341 2122; x_wconf 90' lang='lat' dir='ltr'>la</span> <span class='ocrx_word' id='word_1_291' title='bbox 1371 2093 1478 2121; x_wconf 91' lang='lat' dir='ltr'>sera</span> <span class='ocrx_word' id='word_1_292' title='bbox 1499 2081 1541 2121; x_wconf 83' lang='lat' dir='ltr'>d’</span> <span class='ocrx_word' id='word_1_293' title='bbox 1562 2082 1593 2121; x_wconf 90' lang='lat' dir='ltr'>il</span> <span class='ocrx_word' id='word_1_294' title='bbox 1619 2082 1786 2132; x_wconf 88' lang='lat' dir='ltr'>giorno</span> 
     </span>
     <span class='ocr_line' id='line_1_29' title="bbox 149 2151 1787 2205; baseline -0.002 -11"><span class='ocrx_word' id='word_1_295' title='bbox 149 2160 369 2205; x_wconf 86' lang='lat' dir='ltr'>sequente</span> <span class='ocrx_word' id='word_1_296' title='bbox 390 2154 421 2193; x_wconf 90' lang='lat' dir='ltr'>il</span> <span class='ocrx_word' id='word_1_297' title='bbox 442 2160 645 2193; x_wconf 87' lang='lat' dir='ltr'>maestro</span> <span class='ocrx_word' id='word_1_298' title='bbox 667 2153 785 2193; x_wconf 83' lang='lat' dir='ltr'>vede</span> <span class='ocrx_word' id='word_1_299' title='bbox 806 2153 912 2193; x_wconf 88' lang='lat' dir='ltr'>tutti</span> <span class='ocrx_word' id='word_1_300' title='bbox 934 2152 1074 2204; x_wconf 86' lang='lat' dir='ltr'>quelli</span> <span class='ocrx_word' id='word_1_301' title='bbox 1095 2152 1202 2192; x_wconf 86' lang='lat' dir='ltr'>delli</span> <span class='ocrx_word' id='word_1_302' title='bbox 1230 2152 1422 2204; x_wconf 89' lang='lat' dir='ltr'>piccoli;</span> <span class='ocrx_word' id='word_1_303' title='bbox 1447 2152 1503 2192; x_wconf 88' lang='grc'>(16</span> <span class='ocrx_word' id='word_1_304' title='bbox 1530 2152 1595 2202; x_wconf 88' lang='lat' dir='ltr'>gli</span> <span class='ocrx_word' id='word_1_305' title='bbox 1621 2151 1787 2203; x_wconf 91' lang='lat' dir='ltr'>majori</span> 
     </span>
     <span class='ocr_line' id='line_1_30' title="bbox 150 2223 1788 2276; baseline -0.001 -12"><span class='ocrx_word' id='word_1_306' title='bbox 150 2237 257 2275; x_wconf 86' lang='lat' dir='ltr'>non,</span> <span class='ocrx_word' id='word_1_307' title='bbox 281 2225 452 2276; x_wconf 86' lang='lat' dir='ltr'>perche</span> <span class='ocrx_word' id='word_1_308' title='bbox 477 2225 611 2264; x_wconf 86' lang='lat' dir='ltr'>basta</span> <span class='ocrx_word' id='word_1_309' title='bbox 634 2224 719 2264; x_wconf 89' lang='lat' dir='ltr'>che</span> <span class='ocrx_word' id='word_1_310' title='bbox 741 2224 808 2264; x_wconf 88' lang='lat' dir='ltr'>sei</span> <span class='ocrx_word' id='word_1_311' title='bbox 830 2235 856 2263; x_wconf 97' lang='lat' dir='ltr'>o</span> <span class='ocrx_word' id='word_1_312' title='bbox 878 2229 997 2263; x_wconf 90' lang='lat' dir='ltr'>sette</span> <span class='ocrx_word' id='word_1_313' title='bbox 1018 2224 1062 2263; x_wconf 95' lang='lat' dir='ltr'>lo</span> <span class='ocrx_word' id='word_1_314' title='bbox 1085 2224 1254 2274; x_wconf 87' lang='lat' dir='ltr'>legano</span> <span class='ocrx_word' id='word_1_315' title='bbox 1276 2223 1370 2262; x_wconf 90' lang='lat' dir='ltr'>alta</span> <span class='ocrx_word' id='word_1_316' title='bbox 1392 2234 1530 2273; x_wconf 88' lang='lat' dir='ltr'>voce,</span> <span class='ocrx_word' id='word_1_317' title='bbox 1561 2228 1605 2262; x_wconf 89' lang='lat' dir='ltr'>et</span> <span class='ocrx_word' id='word_1_318' title='bbox 1633 2234 1788 2262; x_wconf 91' lang='lat' dir='ltr'>emen-</span> 
     </span>
     <span class='ocr_line' id='line_1_31' title="bbox 151 2293 1785 2347; baseline -0.002 -12"><span class='ocrx_word' id='word_1_319' title='bbox 151 2295 305 2335; x_wconf 81' lang='lat' dir='ltr'>dando</span> <span class='ocrx_word' id='word_1_320' title='bbox 326 2296 489 2347; x_wconf 83' lang='lat' dir='ltr'>questi,</span> <span class='ocrx_word' id='word_1_321' title='bbox 521 2296 584 2343; x_wconf 80' lang='lat' dir='ltr'>gli</span> <span class='ocrx_word' id='word_1_322' title='bbox 608 2295 713 2336; x_wconf 83' lang='lat' dir='ltr'>altri</span> <span class='ocrx_word' id='word_1_323' title='bbox 740 2296 767 2335; x_wconf 94' lang='lat' dir='ltr'>l&#39;</span> <span class='ocrx_word' id='word_1_324' title='bbox 800 2294 1061 2335; x_wconf 86' lang='lat' dir='ltr'>emendano</span> <span class='ocrx_word' id='word_1_325' title='bbox 1093 2294 1152 2334; x_wconf 88' lang='lat' dir='ltr'>da</span> <span class='ocrx_word' id='word_1_326' title='bbox 1180 2306 1264 2334; x_wconf 89' lang='lat' dir='ltr'>sua</span> <span class='ocrx_word' id='word_1_327' title='bbox 1290 2300 1440 2345; x_wconf 90' lang='lat' dir='ltr'>posta.</span> <span class='ocrx_word' id='word_1_328' title='bbox 1471 2293 1600 2333; x_wconf 88' lang='lat' dir='ltr'>Hora</span> <span class='ocrx_word' id='word_1_329' title='bbox 1628 2297 1785 2333; x_wconf 78' lang='lat' dir='ltr'>tamen</span> 
     </span>
     <span class='ocr_line' id='line_1_32' title="bbox 152 2366 900 2407; baseline 0 -1"><span class='ocrx_word' id='word_1_330' title='bbox 152 2366 256 2406; x_wconf 90' lang='lat' dir='ltr'>tutti</span> <span class='ocrx_word' id='word_1_331' title='bbox 277 2367 316 2406; x_wconf 92' lang='lat' dir='ltr'>si</span> <span class='ocrx_word' id='word_1_332' title='bbox 336 2366 519 2406; x_wconf 84' lang='lat' dir='ltr'>vedono</span> <span class='ocrx_word' id='word_1_333' title='bbox 543 2367 584 2406; x_wconf 88' lang='grc'>(1’</span> <span class='ocrx_word' id='word_1_334' title='bbox 609 2378 702 2406; x_wconf 87' lang='grc'><strong>11110</strong></span> <span class='ocrx_word' id='word_1_335' title='bbox 724 2367 771 2406; x_wconf 89' lang='grc'>111</span> <span class='ocrx_word' id='word_1_336' title='bbox 792 2378 900 2407; x_wconf 86' lang='lat' dir='ltr'>uno.</span> 
     </span>
    </p>

    <p class='ocr_par' dir='ltr' id='par_1_4' title="bbox 151 2435 1792 2984">
     <span class='ocr_line' id='line_1_33' title="bbox 233 2435 1787 2477; baseline -0.001 -1"><span class='ocrx_word' id='word_1_337' title='bbox 233 2437 325 2476; x_wconf 87' lang='lat' dir='ltr'>Era</span> <span class='ocrx_word' id='word_1_338' title='bbox 355 2437 562 2477; x_wconf 87' lang='lat' dir='ltr'>anchora</span> <span class='ocrx_word' id='word_1_339' title='bbox 593 2444 801 2477; x_wconf 91' lang='lat' dir='ltr'>costume</span> <span class='ocrx_word' id='word_1_340' title='bbox 829 2437 914 2477; x_wconf 89' lang='grc'><strong>6116</strong></span> <span class='ocrx_word' id='word_1_341' title='bbox 941 2437 973 2477; x_wconf 86' lang='grc'>11</span> <span class='ocrx_word' id='word_1_342' title='bbox 999 2442 1202 2477; x_wconf 88' lang='lat' dir='ltr'>maestro</span> <span class='ocrx_word' id='word_1_343' title='bbox 1231 2435 1364 2476; x_wconf 87' lang='lat' dir='ltr'>desse</span> <span class='ocrx_word' id='word_1_344' title='bbox 1400 2436 1478 2476; x_wconf 91' lang='lat' dir='ltr'>alli</span> <span class='ocrx_word' id='word_1_345' title='bbox 1506 2435 1712 2476; x_wconf 88' lang='lat' dir='ltr'>scuolari</span> <span class='ocrx_word' id='word_1_346' title='bbox 1744 2436 1787 2474; x_wconf 89' lang='grc'>13</span> 
     </span>
     <span class='ocr_line' id='line_1_34' title="bbox 153 2506 1789 2559; baseline -0.002 -11"><span class='ocrx_word' id='word_1_347' title='bbox 153 2520 237 2548; x_wconf 81' lang='lat' dir='ltr'>sua</span> <span class='ocrx_word' id='word_1_348' title='bbox 265 2508 599 2559; x_wconf 83' lang='lat' dir='ltr'>compositione</span> <span class='ocrx_word' id='word_1_349' title='bbox 626 2519 708 2559; x_wconf 89' lang='lat' dir='ltr'>per</span> <span class='ocrx_word' id='word_1_350' title='bbox 737 2507 823 2548; x_wconf 93' lang='lat' dir='ltr'>che</span> <span class='ocrx_word' id='word_1_351' title='bbox 852 2507 1169 2548; x_wconf 89' lang='lat' dir='ltr'>conferessino</span> <span class='ocrx_word' id='word_1_352' title='bbox 1198 2508 1242 2546; x_wconf 91' lang='lat' dir='ltr'>la</span> <span class='ocrx_word' id='word_1_353' title='bbox 1272 2518 1356 2546; x_wconf 90' lang='lat' dir='ltr'>sua</span> <span class='ocrx_word' id='word_1_354' title='bbox 1388 2518 1475 2546; x_wconf 91' lang='lat' dir='ltr'>con</span> <span class='ocrx_word' id='word_1_355' title='bbox 1503 2506 1680 2557; x_wconf 89' lang='lat' dir='ltr'>quella,</span> <span class='ocrx_word' id='word_1_356' title='bbox 1712 2517 1789 2545; x_wconf 89' lang='lat' dir='ltr'>ma</span> 
     </span>
     <span class='ocr_line' id='line_1_35' title="bbox 151 2576 1789 2630; baseline -0.001 -12"><span class='ocrx_word' id='word_1_357' title='bbox 151 2579 231 2629; x_wconf 80' lang='lat' dir='ltr'>gia</span> <span class='ocrx_word' id='word_1_358' title='bbox 251 2590 345 2618; x_wconf 94' lang='lat' dir='ltr'>non</span> <span class='ocrx_word' id='word_1_359' title='bbox 365 2579 403 2618; x_wconf 91' lang='lat' dir='ltr'>si</span> <span class='ocrx_word' id='word_1_360' title='bbox 425 2590 633 2618; x_wconf 80' lang='lat' dir='ltr'>osserva.</span> <span class='ocrx_word' id='word_1_361' title='bbox 658 2579 794 2619; x_wconf 85' lang='lat' dir='ltr'>Letta</span> <span class='ocrx_word' id='word_1_362' title='bbox 815 2579 1128 2630; x_wconf 90' lang='lat' dir='ltr'>qualsivoglia</span> <span class='ocrx_word' id='word_1_363' title='bbox 1159 2578 1361 2627; x_wconf 88' lang='lat' dir='ltr'>lettione‚</span> <span class='ocrx_word' id='word_1_364' title='bbox 1386 2577 1425 2617; x_wconf 92' lang='lat' dir='ltr'>si</span> <span class='ocrx_word' id='word_1_365' title='bbox 1454 2576 1501 2616; x_wconf 91' lang='lat' dir='ltr'>fa</span> <span class='ocrx_word' id='word_1_366' title='bbox 1524 2577 1698 2628; x_wconf 90' lang='lat' dir='ltr'>ripeter</span> <span class='ocrx_word' id='word_1_367' title='bbox 1719 2588 1789 2616; x_wconf 92' lang='lat' dir='ltr'>su-</span> 
     </span>
     <span class='ocr_line' id='line_1_36' title="bbox 155 2648 1790 2701; baseline -0.001 -12"><span class='ocrx_word' id='word_1_368' title='bbox 155 2651 249 2690; x_wconf 86' lang='lat' dir='ltr'>bito</span> <span class='ocrx_word' id='word_1_369' title='bbox 286 2662 312 2689; x_wconf 89' lang='lat' dir='ltr'>a</span> <span class='ocrx_word' id='word_1_370' title='bbox 342 2650 451 2690; x_wconf 88' lang='lat' dir='ltr'>duoi</span> <span class='ocrx_word' id='word_1_371' title='bbox 480 2663 504 2689; x_wconf 97' lang='grc'><strong>0</strong></span> <span class='ocrx_word' id='word_1_372' title='bbox 542 2656 612 2689; x_wconf 91' lang='grc'>116</span> <span class='ocrx_word' id='word_1_373' title='bbox 639 2650 844 2690; x_wconf 88' lang='lat' dir='ltr'>scuolari</span> <span class='ocrx_word' id='word_1_374' title='bbox 872 2662 962 2690; x_wconf 92' lang='lat' dir='ltr'>con</span> <span class='ocrx_word' id='word_1_375' title='bbox 987 2650 1033 2690; x_wconf 91' lang='lat' dir='ltr'>la</span> <span class='ocrx_word' id='word_1_376' title='bbox 1063 2649 1329 2701; x_wconf 88' lang='lat' dir='ltr'>ripetitione</span> <span class='ocrx_word' id='word_1_377' title='bbox 1357 2648 1442 2688; x_wconf 89' lang='lat' dir='ltr'>che</span> <span class='ocrx_word' id='word_1_378' title='bbox 1470 2648 1501 2687; x_wconf 92' lang='grc'>11</span> <span class='ocrx_word' id='word_1_379' title='bbox 1530 2648 1696 2698; x_wconf 89' lang='lat' dir='ltr'>giorno</span> <span class='ocrx_word' id='word_1_380' title='bbox 1725 2659 1790 2687; x_wconf 95' lang='grc'><strong>56-</strong></span> 
     </span>
     <span class='ocr_line' id='line_1_37' title="bbox 154 2718 1786 2771; baseline -0.002 -11"><span class='ocrx_word' id='word_1_381' title='bbox 154 2726 322 2771; x_wconf 89' lang='lat' dir='ltr'>quente</span> <span class='ocrx_word' id='word_1_382' title='bbox 351 2721 391 2760; x_wconf 90' lang='lat' dir='ltr'>si</span> <span class='ocrx_word' id='word_1_383' title='bbox 410 2721 471 2760; x_wconf 87' lang='lat' dir='ltr'>ha</span> <span class='ocrx_word' id='word_1_384' title='bbox 493 2721 553 2761; x_wconf 83' lang='grc'>(13</span> <span class='ocrx_word' id='word_1_385' title='bbox 576 2720 646 2760; x_wconf 86' lang='lat' dir='ltr'>far</span> <span class='ocrx_word' id='word_1_386' title='bbox 676 2721 837 2761; x_wconf 87' lang='lat' dir='ltr'>avanti</span> <span class='ocrx_word' id='word_1_387' title='bbox 863 2720 949 2760; x_wconf 90' lang='lat' dir='ltr'>che</span> <span class='ocrx_word' id='word_1_388' title='bbox 977 2721 1138 2771; x_wconf 90' lang='lat' dir='ltr'>legger</span> <span class='ocrx_word' id='word_1_389' title='bbox 1166 2720 1196 2760; x_wconf 90' lang='lat' dir='ltr'>l’</span> <span class='ocrx_word' id='word_1_390' title='bbox 1223 2720 1343 2760; x_wconf 87' lang='lat' dir='ltr'>altra</span> <span class='ocrx_word' id='word_1_391' title='bbox 1378 2730 1510 2758; x_wconf 87' lang='lat' dir='ltr'>come</span> <span class='ocrx_word' id='word_1_392' title='bbox 1537 2718 1786 2758; x_wconf 88' lang='lat' dir='ltr'>habbiamo</span> 
     </span>
     <span class='ocr_line' id='line_1_38' title="bbox 156 2787 1791 2842; baseline -0.002 -12"><span class='ocrx_word' id='word_1_393' title='bbox 156 2791 294 2831; x_wconf 85' lang='lat' dir='ltr'>detto.</span> <span class='ocrx_word' id='word_1_394' title='bbox 331 2790 592 2842; x_wconf 87' lang='lat' dir='ltr'>Disputano</span> <span class='ocrx_word' id='word_1_395' title='bbox 627 2791 737 2842; x_wconf 91' lang='lat' dir='ltr'>ogni</span> <span class='ocrx_word' id='word_1_396' title='bbox 770 2791 968 2831; x_wconf 88' lang='lat' dir='ltr'>mattina</span> <span class='ocrx_word' id='word_1_397' title='bbox 995 2790 1137 2841; x_wconf 90' lang='lat' dir='ltr'>dopoi</span> <span class='ocrx_word' id='word_1_398' title='bbox 1164 2791 1209 2830; x_wconf 89' lang='lat' dir='ltr'>la</span> <span class='ocrx_word' id='word_1_399' title='bbox 1236 2790 1427 2829; x_wconf 90' lang='lat' dir='ltr'>lettione</span> <span class='ocrx_word' id='word_1_400' title='bbox 1455 2800 1537 2840; x_wconf 90' lang='lat' dir='ltr'>per</span> <span class='ocrx_word' id='word_1_401' title='bbox 1566 2789 1717 2839; x_wconf 89' lang='lat' dir='ltr'>spatio</span> <span class='ocrx_word' id='word_1_402' title='bbox 1746 2787 1791 2828; x_wconf 87' lang='lat' dir='ltr'>di</span> 
     </span>
     <span class='ocr_line' id='line_1_39' title="bbox 158 2859 1790 2913; baseline -0.001 -13"><span class='ocrx_word' id='word_1_403' title='bbox 158 2873 315 2901; x_wconf 86' lang='lat' dir='ltr'>mezza</span> <span class='ocrx_word' id='word_1_404' title='bbox 337 2862 453 2902; x_wconf 85' lang='lat' dir='ltr'>hora</span> <span class='ocrx_word' id='word_1_405' title='bbox 473 2874 499 2902; x_wconf 96' lang='lat' dir='ltr'>o</span> <span class='ocrx_word' id='word_1_406' title='bbox 522 2863 662 2913; x_wconf 87' lang='lat' dir='ltr'>circa,</span> <span class='ocrx_word' id='word_1_407' title='bbox 687 2868 732 2902; x_wconf 90' lang='lat' dir='ltr'>et</span> <span class='ocrx_word' id='word_1_408' title='bbox 752 2867 870 2902; x_wconf 86' lang='lat' dir='ltr'>tutto</span> <span class='ocrx_word' id='word_1_409' title='bbox 891 2862 922 2902; x_wconf 91' lang='lat' dir='ltr'>il</span> <span class='ocrx_word' id='word_1_410' title='bbox 943 2862 1140 2902; x_wconf 88' lang='lat' dir='ltr'>sabbato</span> <span class='ocrx_word' id='word_1_411' title='bbox 1164 2861 1284 2912; x_wconf 86' lang='lat' dir='ltr'>dopo</span> <span class='ocrx_word' id='word_1_412' title='bbox 1313 2872 1471 2900; x_wconf 86' lang='lat' dir='ltr'>mezzo</span> <span class='ocrx_word' id='word_1_413' title='bbox 1499 2860 1681 2910; x_wconf 90' lang='lat' dir='ltr'>giorno.</span> <span class='ocrx_word' id='word_1_414' title='bbox 1720 2859 1790 2900; x_wconf 88' lang='lat' dir='ltr'>La</span> 
     </span>
     <span class='ocr_line' id='line_1_40' title="bbox 159 2931 1792 2984; baseline -0.001 -13"><span class='ocrx_word' id='word_1_415' title='bbox 159 2932 355 2973; x_wconf 87' lang='lat' dir='ltr'>mattina</span> <span class='ocrx_word' id='word_1_416' title='bbox 376 2933 449 2973; x_wconf 89' lang='lat' dir='ltr'>del</span> <span class='ocrx_word' id='word_1_417' title='bbox 469 2934 664 2973; x_wconf 89' lang='lat' dir='ltr'>sabbato</span> <span class='ocrx_word' id='word_1_418' title='bbox 685 2934 899 2984; x_wconf 87' lang='lat' dir='ltr'>ripetono</span> <span class='ocrx_word' id='word_1_419' title='bbox 921 2939 1035 2974; x_wconf 87' lang='lat' dir='ltr'>tutte</span> <span class='ocrx_word' id='word_1_420' title='bbox 1057 2933 1098 2973; x_wconf 92' lang='lat' dir='ltr'>le</span> <span class='ocrx_word' id='word_1_421' title='bbox 1119 2931 1298 2972; x_wconf 90' lang='lat' dir='ltr'>lettioni</span> <span class='ocrx_word' id='word_1_422' title='bbox 1320 2931 1439 2971; x_wconf 88' lang='lat' dir='ltr'>della</span> <span class='ocrx_word' id='word_1_423' title='bbox 1467 2931 1718 2971; x_wconf 88' lang='lat' dir='ltr'>settimana</span> <span class='ocrx_word' id='word_1_424' title='bbox 1748 2936 1792 2970; x_wconf 89' lang='lat' dir='ltr'>et</span> 
     </span>
    </p>
   </div>
  </div>
 </body>
</html>
