1987 3260
271 170 344 207 ⁴260
780 171 1005 208 LITTERAE
1032 178 1387 214 QUADmMESTREs

274 274 390 317 rent,
430 267 665 306 affirmans
693 267 1026 317 rempublicam
1060 267 1363 307 christianam
1397 279 1618 318 magnam
1650 269 1895 309 utilitatem

272 337 380 377 inde
400 344 744 388 reportaturam
761 369 767 385 ‚
793 337 915 387 quod
936 337 1121 388 quidem
1139 338 1197 377 ad
1217 337 1302 378 has
1318 339 1548 378 nundinas
1574 339 1758 390 plurimi
1789 352 1893 380 con-

275 408 419 448 fluunt
436 419 493 447 ex
516 416 611 447 tota
632 407 875 458 Hispania.
899 408 947 447 P.
971 407 1163 457 Doctor‚
1194 409 1409 459 precibus
1430 416 1476 450 et
1509 409 1767 450 rationibus
1788 422 1893 450 con-

271 478 444 524 victus,
468 490 561 517 non
582 477 729 529 potuit
755 489 928 528 negare
955 478 1076 529 quod
1097 478 1171 518 ille
1192 485 1287 518 tam
1307 479 1382 530 pio
1404 479 1572 520 affectu
1594 486 1890 531 poposcerat:

271 550 469 589 mittitur
491 559 601 598 ergo
623 548 671 588 P.
697 548 905 599 Baptista
927 554 970 588 et
992 550 1109 588 alter
1131 561 1236 589 cum
1257 561 1331 599 eo,
1356 562 1410 589 ea
1432 556 1588 590 tamen
1610 551 1889 601 conditione,

220 651 227 656 .
271 626 321 660 ut
342 626 446 671 post
468 619 731 669 quindecim
752 618 850 659 dies
871 619 1028 658 statim
1049 619 1237 659 domum
1258 619 1483 670 redirent3
1507 627 1607 661 erat
1635 621 1757 661 enim
1785 628 1892 661 tunc

269 691 393 730 domi
415 695 602 729 nostrae
619 689 813 740 penuria
831 689 1127 729 sacerdotum
1145 697 1187 729 et
1204 690 1308 730 finis
1325 689 1516 741 J'ubilaei
1532 692 1890 742 propinquabat,

270 772 359 812 quo
388 760 588 800 maxime
618 771 733 811 opus
761 766 861 799 erat
891 760 1026 811 copia
1053 760 1363 800 sacerdotum.
1394 761 1561 801 Postea
1588 762 1893 811 cognovimus

268 842 368 871 rem
389 843 492 870 esse
514 843 627 870 sane
644 831 835 881 dignam
856 831 1163 871 admiratione
1183 831 1343 871 videre
1364 837 1551 882 gentem
1566 832 1690 872 illam
1712 833 1890 884 methy—

267 913 522 948 mnensem,
564 907 736 952 quanto
776 902 962 953 pietatis
1003 913 1057 942 ac
1097 902 1358 942 devotionis
1394 902 1563 942 affectu
1598 914 1797 943 accensa
1834 904 1893 943 sit

268 984 499 1024 quamque
522 978 755 1011 commota
778 984 836 1011 ex
863 973 1156 1012 sermonibus
1183 972 1443 1023 Baptistae;
1472 973 1739 1024 frequenter
1765 985 1890 1013 nam-

267 1055 356 1094 que
378 1043 617 1094 praedicat
631 1043 678 1082 in
699 1044 869 1093 platea,
890 1043 935 1082 in
953 1055 1042 1094 qua
1060 1044 1379 1091 nummularii,
1399 1056 1515 1094 quos
1532 1040 1803 1095 campsores
1818 1044 1892 1084 vel

266 1114 552 1165 banquarios
572 1125 913 1164 nuncupamus,
938 1126 1048 1154 suas
1067 1120 1287 1154 exercent
1303 1115 1661 1165 negotiationes,
1680 1115 1758 1154 ubi
1775 1126 1889 1155 sem-

264 1197 347 1236 per
369 1186 484 1225 solet
518 1197 621 1225 esse
650 1185 855 1224 maxima
882 1185 1017 1225 turba
1045 1185 1284 1225 hominum
1312 1185 1641 1236 cujuscumque
1670 1191 1818 1225 status
1846 1191 1890 1226 et

263 1256 556 1305 conditionis,
592 1256 867 1307 praesertim
898 1262 1226 1307 mercatorum,
1251 1269 1308 1296 ex
1330 1256 1660 1296 diversissimis
1691 1257 1888 1307 plerum-

265 1339 352 1378 que
383 1327 663 1367 nationibus.
702 1327 762 1366 Hi
791 1327 849 1366 ad
879 1339 1041 1367 vocem
1072 1327 1300 1367 sermonis
1332 1327 1380 1367 P.
1413 1327 1676 1378 Baptistae,
1709 1327 1890 1367 cunctis

264 1398 484 1448 negotiis,
512 1398 850 1445 contractibUS,
875 1398 1032 1437 litibus
1061 1404 1104 1437 et
1126 1397 1285 1437 officiis
1306 1398 1596 1448 intermissis,
1621 1404 1885 1445 accurrunt,

264 1477 310 1508 et
339 1480 511 1519 magno
541 1469 722 1508 silentio
751 1474 890 1519 atque
914 1469 1167 1508 attentione
1190 1468 1382 1508 audiunt
1412 1469 1759 1520 praedicantem
1789 1480 1887 1508 ver-

269 1541 374 1579 bum
402 1539 512 1587 Dei,
545 1539 680 1590 idque
714 1551 807 1578 non
834 1551 941 1579 raro
971 1551 1076 1579 cum
1104 1540 1209 1579 altis
1236 1540 1447 1590 suspiriis
1475 1546 1518 1579 et
1546 1539 1799 1579 abundanti
1827 1540 1887 1579 la-

263 1611 565 1661 chrymarum
584 1610 820 1650 effusione.
848 1610 1030 1650 Primae
1048 1611 1261 1650 concioni
1278 1610 1463 1650 habitae
1487 1610 1609 1661 apud
1636 1610 1737 1649 illos
1760 1621 1888 1649 num-

265 1682 487 1721 mularios
511 1681 657 1720 adfuit
679 1681 974 1732 vicepraetor
995 1681 1362 1732 methymnensis
1378 1681 1476 1731 qui,
1507 1680 1713 1720 nondum
1736 1680 1887 1720 adhuc

261 1752 388 1791 finito
407 1763 634 1801 sermone,
656 1752 903 1802 alloquitur
921 1752 1099 1791 socium
1114 1751 1162 1790 P.
1182 1752 1434 1802 Baptistae,
1455 1751 1762 1802 admonetque
1783 1763 1887 1791 eum

263 1828 309 1861 ut
328 1821 483 1872 jubeat
508 1822 886 1862 concionatorem
915 1822 972 1861 ab
999 1822 1218 1861 inchoato
1249 1833 1462 1861 sermone
1491 1822 1734 1871 desistere,
1765 1833 1884 1861 asse-

266 1905 434 1933 verans
456 1895 608 1933 locum
629 1893 757 1932 illum
778 1893 965 1932 minime
988 1893 1201 1932 idoneum
1225 1904 1327 1933 esse
1349 1893 1545 1944 publicis
1567 1893 1882 1941 concionibus,

259 1964 446 2014 insuper
483 1962 706 2013 adjiciens
743 1974 908 2003 ansam
946 1963 1158 2014 praeberi
1185 1962 1364 2003 furibus
1399 1963 1678 2014 surripiendi
1714 1963 1881 2003 aliena.

256 2033 348 2073 Sed
375 2034 411 2072 si
434 2034 545 2073 velit
574 2033 767 2073 verbum
794 2033 879 2073 Dei
909 2034 1216 2083 annunciare,
1251 2039 1348 2083 eat,
1370 2034 1535 2085 inquit,
1569 2034 1613 2073 in
1642 2034 1880 2074 ecclesias.

259 2104 358 2143 Hoc
380 2104 571 2143 audiens
587 2104 834 2154 religiosus
863 2104 1051 2155 quidam
1073 2104 1248 2144 ordinis
1269 2103 1380 2144 Divi
1402 2104 1668 2155 Augustini,
1690 2116 1880 2155 praeve-

256 2175 388 2214 niens
404 2174 753 2225 responsionem
769 2174 927 2214 fratris
943 2175 1104 2223 nostri,
1126 2175 1362 2214 contendit
1380 2175 1425 2214 in
1446 2186 1499 2214 eo
1517 2176 1619 2214 loco
1636 2175 1882 2215 ecclesiam

256 2256 373 2295 esse,
397 2256 503 2284 cum
535 2245 595 2284 ibi
625 2246 682 2285 sit
711 2251 806 2285 tam
833 2257 1082 2285 numerosa
1113 2246 1357 2286 multitudo
1391 2245 1593 2285 fidelium
1621 2246 1667 2285 in
1695 2246 1881 2286 nomine

255 2315 365 2367 Jesu
389 2322 693 2366 congregata,
718 2327 773 2355 ac
800 2315 996 2367 proinde
1023 2316 1281 2355 rectissime
1315 2316 1491 2356 factum
1518 2327 1619 2355 esse
1647 2316 1770 2367 quod
1798 2316 1876 2355 ibi-

255 2385 359 2424 dem
375 2397 570 2436 regnum
591 2385 679 2425 Dei
694 2386 875 2437 publice
892 2386 1202 2437 praedicetur;
1222 2387 1498 2437 praesertim
1517 2398 1622 2426 cum
1638 2387 1875 2437 templum,

253 2456 587 2506 quantumlibet
616 2457 835 2507 amplum,
865 2468 1017 2507 capax
1039 2469 1139 2496 esse
1167 2468 1261 2497 non
1282 2457 1428 2507 possit
1449 2464 1606 2497 tantae
1630 2457 1876 2497 multitudi-

252 2526 338 2566 nis:
368 2538 461 2565 non
490 2526 732 2566 defuerunt
760 2527 837 2578 qui
859 2527 980 2566 illico
1009 2533 1317 2577 exsurgerent
1345 2527 1573 2567 adversus
1593 2533 1874 2578 praetorem,

253 2602 410 2648 partes
433 2597 651 2635 monachi
672 2596 984 2636 defendentes.
1005 2597 1201 2637 Factum
1222 2603 1291 2637 est
1311 2598 1499 2638 tandem
1516 2604 1578 2647 ut,
1598 2597 1814 2648 imposito
1837 2598 1877 2637 ei

251 2667 448 2713 silentio,
473 2666 683 2717 placidus
704 2673 852 2706 totam
876 2667 1057 2707 audiret
1079 2668 1371 2717 concionem;
1390 2674 1552 2719 postea
1572 2679 1683 2707 vero
1701 2678 1759 2707 ne
1776 2679 1876 2707 ver-

250 2738 359 2776 bum
382 2737 567 2787 quidem
590 2737 645 2776 de
674 2737 762 2776 hac
783 2749 832 2776 re
854 2737 1063 2788 proferre
1084 2738 1214 2777 visus
1242 2744 1324 2778 est.
1358 2738 1549 2778 Praeter
1579 2738 1665 2778 has
1696 2739 1873 2778 concio—

250 2819 348 2857 nes,
372 2807 532 2847 diebus
553 2819 736 2858 quoque
758 2806 1003 2847 dominicis
1030 2819 1085 2847 ac
1112 2808 1243 2848 festis
1270 2808 1571 2859 praedicabat
1600 2808 1646 2848 in
1667 2809 1876 2848 ecclesiis

252 2877 506 2927 potissimis
533 2877 630 2928 ejus
657 2877 833 2928 oppidi,
858 2889 1000 2928 quae,
1025 2878 1112 2917 etsi
1135 2879 1316 2929 amplae
1339 2878 1588 2919 admodum
1609 2879 1870 2925 videantur,

250 2954 407 2986 tantus
432 2954 586 2986 tamen
608 2953 708 2987 erat
729 2959 985 2987 concursus
1007 2954 1069 2996 ut,
1094 2954 1339 2999 postquam
1357 2949 1402 2988 in
1417 2955 1690 2999 suggestum
1713 2960 1872 2989 ascen-
