1987 3260
227 177 301 214 (586
743 174 968 210 LITTERAE
993 181 1349 215 QUADRIMESTRES

232 275 291 314 tis
313 284 339 312 a
360 272 563 313 Doctore
585 271 660 310 illo
682 270 861 320 habita,
887 269 985 320 qui,
1018 274 1067 308 ut
1099 269 1236 318 solet,
1270 268 1440 308 acriter
1468 278 1524 306 ac
1551 277 1750 306 nervose
1781 278 1857 306 res

230 349 419 384 nostras
440 353 600 382 coram
621 340 743 380 omni
766 340 997 379 auditorio
1019 344 1195 378 tutatus
1217 344 1308 388 est,
1332 338 1532 389 ingenue
1552 336 1718 387 fatens,
1737 348 1858 388 quae

233 414 431 454 hominis
448 419 516 453 est
537 411 778 462 modestia,
797 421 846 450 se
864 410 1034 450 calceis
1052 409 1250 449 Adriani
1267 407 1576 448 dissolvendis
1597 406 1854 458 indignum,

233 492 370 537 atque
391 485 436 524 id
459 483 706 523 occasione
727 480 922 532 injuriae
944 491 1091 531 nuper
1111 480 1287 530 illatae,
1321 479 1377 519 ob
1406 490 1545 530 quam
1571 478 1858 528 singularem

233 555 366 606 hujus
387 555 455 594 rei
474 559 691 594 auctores
712 552 1027 592 calamitatem
1047 562 1236 591 manere
1266 550 1530 601 suspicatur
1559 547 1585 586 ¹.
1617 549 1706 588 Tot
1734 559 1857 588 com-

231 626 528 666 municarunt
547 624 632 664 sub
653 623 793 663 finem
808 622 979 662 Missae
996 627 1044 662 ut
1061 622 1152 661 tria
1168 621 1335 672 pocula
1355 621 1452 660 vini
1468 620 1697 660 exhausta
1718 619 1810 658 sint
1825 618 1855 669 ²,
1886 663 1889 667 ¹

232 709 337 736 cum
352 703 508 736 tamen
528 695 714 735 nonnisi
734 704 904 733 novem
920 698 998 732 aut
1015 692 1189 742 decem,
1207 691 1506 742 praecedenti
1523 690 1596 730 die
1613 688 1856 739 confessis,

232 768 486 808 indicatum
507 770 644 806 esset.
662 764 720 805 Et
737 764 861 815 quod
880 762 1092 803 miraculi
1111 763 1215 802 loco
1238 761 1399 801 haberi
1421 766 1592 812 posset,
1613 770 1859 799 consecra—

232 839 299 878 vit
320 838 457 878 Pater
479 837 595 876 citra
618 834 798 875 numeri
819 833 1049 874 delectum
1068 832 1227 872 nescio
1250 837 1361 883 quot
1381 831 1573 880 hostias,
1598 830 1787 881 quibus,
1812 836 1862 869 ut

233 915 425 949 eventus
446 907 621 957 docuit,
645 917 729 946 nec
750 905 959 957 pluribus
980 916 1065 944 nec
1094 902 1393 955 paucioribus
1424 913 1540 953 opus
1567 901 1721 941 fuerit.
1755 900 1860 940 Hoc

230 979 450 1020 nimirum
479 984 548 1018 est
583 976 706 1029 quod
739 975 968 1016 dubitanti
1002 974 1387 1026 superfuturaene
1419 984 1479 1012 an
1513 971 1758 1011 defuturae
1794 982 1860 1010 es-

233 1056 355 1099 sent,
386 1051 510 1089 intus
538 1047 894 1098 suggerebatur:
923 1046 993 1086 Tu
1020 1056 1212 1084 securus
1241 1049 1360 1094 esto,
1390 1043 1449 1083 ad
1476 1041 1860 1094 perpendiculum

228 1133 321 1173 ego
343 1121 453 1160 novi
474 1120 551 1172 qui
571 1125 774 1170 quotque
795 1128 867 1157 me
889 1115 1123 1167 gustaturi
1144 1115 1254 1154 sint.

314 1193 415 1231 Huc
433 1190 613 1231 accedit
631 1189 752 1241 quod
767 1189 884 1228 duae
901 1187 1071 1227 viduae
1087 1185 1469 1237 Antuerpienses‚
1484 1184 1636 1224 Patris
1653 1195 1858 1234 sorores,

232 1265 280 1303 in
297 1263 393 1303 dies
411 1261 823 1310 communicantes,
844 1258 997 1299 omnia
1015 1269 1098 1297 sua
1115 1257 1161 1296 in
1177 1267 1434 1308 pauperum
1451 1254 1658 1294 subsidia
1678 1254 1861 1305 Deique

234 1335 406 1375 cultum
429 1338 691 1383 erogantes,
716 1330 824 1370 solis
844 1329 1031 1381 pietatis
1053 1327 1271 1379 operibus
1291 1327 1495 1366 intentae
1514 1356 1521 1374 ,
1546 1325 1746 1376 denique
1767 1336 1859 1364 mo-

234 1405 463 1446 nasticam
485 1403 637 1454 potius
659 1413 798 1453 quam
819 1400 1109 1439 saecularem
1128 1398 1274 1437 vitam
1296 1396 1532 1445 ducenteS‚
1553 1395 1758 1446 supremi
1773 1407 1861 1435 nu-

234 1476 370 1516 minis
388 1475 588 1524 stimulo,
609 1473 667 1513 ob
682 1472 857 1512 nullam
873 1476 1049 1510 certam
1067 1480 1273 1519 causam,
1294 1468 1374 1507 sed
1394 1467 1655 1507 futurorum
1670 1477 1864 1517 prorsus

234 1548 447 1598 ignarae,
474 1546 563 1584 huc
591 1544 813 1584 advolare
841 1547 1034 1581 coactae
1062 1546 1188 1590 sunt,
1213 1552 1268 1579 ac
1294 1546 1391 1578 tum
1413 1538 1554 1578 solari
1582 1544 1681 1577 tum
1709 1537 1866 1577 lunari

236 1619 307 1658 die
330 1616 597 1657 venerabile
620 1625 790 1665 corpus
812 1612 985 1653 Christi
1005 1624 1097 1651 una
1118 1611 1361 1650 nobiscum
1382 1609 1715 1660 degustarunt,
1741 1619 1797 1647 ac
1818 1608 1864 1648 in

236 1689 437 1729 Domino
467 1687 677 1737 gavisae,
701 1697 750 1724 se
778 1684 965 1723 domum
987 1683 1050 1722 ita
1078 1686 1372 1732 receperunt.

315 1759 466 1799 Mater
496 1756 509 1774 ·”’
536 1756 635 1808 ejus
658 1755 921 1806 hospitalis,
953 1753 1030 1793 ubi
1057 1753 1173 1792 haec
1200 1751 1470 1791 solemnitas
1501 1750 1742 1789 celebrata
1778 1754 1862 1797 est,

234 1830 446 1882 graviter
479 1841 504 1868 a
532 1828 688 1868 multis
708 1826 943 1866 mensibus
965 1824 1265 1873 decumbens,
1289 1823 1415 1862 vires
1437 1821 1763 1861 Eucharistiae
1795 1831 1864 1860 sa-

236 1906 475 1942 cramento
493 1898 704 1946 munivit,
724 1908 842 1948 quae
858 1895 990 1936 nobis
1005 1894 1156 1945 magis
1172 1893 1415 1944 magisque
1431 1904 1614 1943 semper
1637 1891 1862 1942 afficitur,

237 1973 354 2014 adeo
384 1978 433 2011 ut
467 1977 563 2010 tota
606 1968 792 2013 civitas,
830 1966 878 2006 fit
919 1966 1040 2005 enim
1079 1965 1240 2004 mulier
1278 1963 1399 2014 apud
1445 1974 1606 2002 omnes
1645 1962 1861 2012 maximi,

235 2056 329 2085 non
371 2043 485 2083 satis
524 2041 715 2081 miretur
755 2037 1008 2090 quomodO,
1051 2047 1156 2075 cum
1196 2042 1333 2074 antea
1373 2033 1716 2085 sapientissima
1747 2031 1864 2083 judi-

236 2121 343 2155 cata
373 2114 450 2162 sit,
476 2112 571 2163 jam
599 2123 625 2150 a
656 2108 905 2149 Societatis
931 2107 1152 2147 fratribus
1179 2106 1339 2145 seduci
1369 2117 1416 2144 se
1440 2104 1695 2155 permittat.
1728 2103 1865 2143 Hanc

240 2186 361 2225 enim
398 2195 535 2234 saepe
573 2180 844 2230 admodum,
881 2177 1155 2230 praesertim
1181 2188 1239 2216 ex
1266 2188 1355 2227 quo
1383 2182 1479 2215 tam
1511 2175 1770 2226 periculose
1802 2175 1864 2213 la-

240 2258 397 2303 borat,
440 2254 633 2293 visitare
672 2250 915 2290 consuevit
955 2248 1111 2298 Pater,
1154 2248 1273 2286 sicut
1312 2252 1356 2286 et
1396 2246 1537 2285 alium
1574 2245 1752 2285 bonum
1798 2256 1864 2284 se-

242 2338 347 2367 nem
379 2325 636 2370 hominem,
675 2321 804 2372 cujus
832 2320 1009 2360 duobus
1039 2318 1172 2358 annis
1202 2317 1516 2357 confessarius
1549 2315 1756 2365 exstitit,
1790 2315 1867 2354 cui

239 2409 346 2437 cum
384 2395 673 2436 familiariter
712 2393 767 2432 de
803 2403 941 2432 cruce
975 2389 1163 2430 Domini
1197 2388 1463 2440 nuperrime
1502 2386 1863 2438 colloqueretur,

240 2469 308 2508 sic
342 2466 563 2507 divinitus
599 2464 862 2503 ordinatum
896 2467 965 2501 est
992 2466 1062 2510 ut,
1100 2459 1362 2509 confessus,
1398 2457 1560 2509 paucis
1594 2462 1699 2508 post
1734 2456 1864 2496 horis

297 2641 305 2660 ¹
347 2639 528 2666 Doctorem
542 2637 639 2669 hune,
656 2636 694 2662 de
710 2642 773 2669 quo
788 2635 836 2662 ita
851 2634 999 2668 loquitur
1022 2632 1160 2668 Sylvius
1182 2639 1222 2658 ac
1244 2632 1269 2658 si
1296 2631 1445 2665 Ignatio,
1470 2629 1678 2664 proindeque
1704 2628 1864 2662 Polanco,

244 2688 436 2714 notissimus
451 2689 549 2718 esset,
566 2684 739 2711 Ruardum
753 2682 888 2716 Tapper
902 2682 1002 2709 fuisse
1018 2681 1091 2715 quis
1106 2679 1344 2717 facileffcredet.
1361 2678 1524 2704 Attamen
1537 2676 1714 2707 Polancus,
1731 2674 1865 2706 Clzron„

244 2740 267 2761 t.
284 2742 323 2766 ῐῐ,
339 2741 415 2768 pag.
431 2733 498 2766 539,
521 2740 552 2758 n.
573 2731 640 2764 1104,
666 2731 704 2757 de
729 2737 767 2756 eo
788 2733 962 2763 tamquam
985 2729 1047 2756 sibi
1071 2728 1185 2761 ignoto
1209 2726 1274 2753 ait:
1299 2725 1518 2752 “concionem
1540 2723 1686 2750 habente
1712 2721 1867 2749 Doctore

245 2782 425 2814 quodcum„

299 2829 312 2847 Ξ
349 2827 451 2854 Forte
467 2834 545 2853 usus
561 2826 617 2852 illo
632 2829 783 2859 tempore
797 2823 941 2851 Lovanii
957 2823 1088 2850 ferebat
1102 2826 1155 2855 ut,
1172 2828 1234 2855 quo
1250 2821 1382 2847 facilius
1406 2825 1540 2846 sacram
1554 2816 1703 2844 hostiam
1723 2813 1868 2849 degluti-

247 2878 338 2907 rent,
356 2875 423 2901 vini
440 2874 581 2900 haustus
596 2871 921 2899 communicantibus
936 2870 1124 2896 offerretur.

300 2923 313 2940 3
350 2922 516 2949 Polancus
540 2921 572 2947 in
593 2928 670 2946 mss.
691 2919 795 2946 habet
819 2917 1003 2951 Mr.,quod
1026 2924 1101 2949 nos,
1126 2923 1320 2950 perperam¹
1338 2919 1373 2942 ut
1389 2914 1442 2940 hic
1465 2916 1625 2947 apparet,
1649 2908 1865 2943 interpretati

247 2978 371 3001 sumus,
388 2970 464 2996 dum
478 2969 559 2996 illud
576 2976 657 3002 opus
673 2967 845 2997 edidimus,
860 2965 1043 2998 Magister.
1057 2964 1144 2991 Vide
1160 2963 1294 2995 Cltron„
1309 2964 1328 2990 l.
1345 2970 1371 2990 c.
