1987 3260
915 177 994 214 AN.
1027 176 1116 214 1550
1757 177 1831 213 303

198 283 272 314 cto
295 275 505 324 saeculo,
529 285 651 313 anno
673 273 915 313 millesimo
937 272 1307 324 quingentesimo
1328 271 1730 323 quinquagesimo,
1755 272 1826 312 die

200 345 486 386 Inventionis
506 343 707 384 Sanctae
728 343 905 394 Crucis,
929 343 1118 383 domum
1147 341 1435 394 probationis
1455 340 1702 382 Societatis
1717 342 1824 394 Jesu

203 416 446 456 Messanae
468 415 683 465 intravit3
710 415 748 454 is
769 420 938 463 autem,
963 420 1010 454 ut
1032 414 1110 464 qui
1135 413 1351 453 bravium
1373 419 1744 463 consequuturus
1769 414 1826 453 ci-

199 487 374 527 tissime
395 493 618 535 curreret,
634 486 705 525 die
727 486 923 537 septima
939 484 1142 535 Augusti
1159 483 1295 535 hujus
1316 483 1425 523 anni
1447 495 1505 522 ex
1526 484 1614 523 hoc
1637 485 1827 523 saeculo

200 557 394 597 feliciter
429 557 487 596 ad
522 558 697 606 coelos,
735 563 783 596 ut
811 556 884 607 pie
912 555 1162 605 credimus,
1200 554 1463 605 emigravit.
1499 553 1631 594 Unde
1658 554 1770 594 mihi
1801 566 1827 593 a

203 628 252 667 R.
272 626 320 667 P.
341 626 605 678 Superiore,
627 626 757 678 cujus
777 626 1039 678 praeceptis
1062 625 1335 665 satisfacere
1357 630 1552 675 oportet,
1573 623 1829 676 injunctum

199 704 269 738 est
291 703 340 738 ut
362 709 447 737 vos
469 697 524 737 de
545 696 643 748 ejus
665 703 812 737 morte
834 708 1017 748 quoque
1039 696 1173 736 modo
1195 696 1242 735 in
1262 695 1360 735 vita
1391 706 1492 735 sese
1513 695 1711 746 gesserit
1733 707 1828 735 cer-

200 770 342 809 tiores
363 768 589 819 facerem,
623 780 728 808 cum
749 774 813 818 ut,
837 767 995 808 audita
1017 766 1360 817 aedificatione,
1384 767 1503 806 sicut
1524 767 1666 818 vulgo
1686 767 1830 818 loqui·

199 851 317 890 mur,
340 840 659 891 bonorumque
681 851 863 879 morum
885 850 940 878 ac
961 838 1147 890 pietatis
1169 837 1414 889 exemplis,
1438 849 1556 888 quae
1579 838 1676 888 ipse
1698 843 1743 876 et
1764 838 1828 877 vi«

201 923 314 951 vens
335 917 380 950 et
400 911 602 950 moriens
624 910 823 950 caeteris
846 909 1070 949 imitanda
1092 909 1318 960 praebuit,
1340 920 1446 948 eum
1466 908 1709 948 nobiscum
1732 909 1829 948 imi-

197 982 287 1021 tari
307 982 559 1031 conemini,
583 988 680 1021 tum
700 986 749 1020 ut
770 979 986 1030 Domino,
1011 980 1089 1031 qui
1115 985 1184 1019 tot
1215 980 1367 1031 ipsum
1388 979 1533 1019 animi
1559 978 1743 1019 dotibus
1773 991 1828 1017 ac

197 1052 484 1092 ornamentis
507 1052 688 1101 ditavit,
713 1051 1000 1091 immortales
1020 1051 1201 1101 gratias
1223 1050 1392 1100 agatis.

280 1123 364 1162 Hic
380 1123 538 1173 igitur,
562 1123 805 1173 ingressus
822 1122 1026 1172 domum,
1045 1127 1288 1172 tantopere
1306 1121 1352 1160 in
1369 1121 1534 1172 spiritu
1551 1120 1748 1171 profecit
1765 1120 1828 1170 (ut

195 1195 308 1234 nihil
330 1194 516 1233 interim
532 1193 686 1233 dicam
708 1198 933 1244 quantum
951 1205 977 1232 a
998 1192 1162 1232 studiis
1182 1192 1385 1232 fructum
1406 1192 1639 1240 retulerit,
1663 1191 1708 1231 in
1732 1193 1827 1243 qui-

197 1266 282 1305 bus
305 1270 485 1304 tantum
506 1264 639 1303 brevi
660 1263 923 1314 profecerat
945 1269 1008 1313 ut,
1039 1269 1083 1302 et
1110 1274 1280 1313 graece
1302 1269 1345 1303 et
1367 1263 1508 1303 latine
1530 1262 1830 1303 mediocriter

197 1336 385 1383 doctus,
409 1334 618 1385 privatos
635 1333 731 1384 jam
752 1334 943 1373 haberet
964 1333 1236 1385 discipulos,
1263 1334 1427 1385 quibus
1448 1344 1731 1384 graecarum
1761 1333 1829 1372 lit-

197 1416 404 1446 terarum
426 1405 740 1444 institutiones
761 1405 1046 1455 exponeret),
1069 1410 1265 1455 tantum,
1286 1405 1489 1455 inquam,
1516 1404 1665 1444 crevit
1693 1404 1740 1443 in
1770 1416 1826 1443 eo

196 1476 387 1528 spiritus
409 1475 597 1526 Christi,
621 1481 670 1515 ut
690 1487 783 1515 non
799 1476 951 1514 solum
972 1475 1050 1526 qui
1072 1481 1176 1525 post
1198 1487 1316 1524 eum,
1337 1475 1417 1514 sed
1439 1475 1581 1515 etiam
1604 1475 1681 1526 qui
1702 1480 1827 1524 ante,

196 1547 382 1588 domum
399 1552 626 1587 venerant
644 1546 886 1596 (venerant
908 1551 1063 1585 autem
1085 1545 1224 1595 octo),
1243 1546 1522 1596 humilitate,
1547 1544 1830 1595 obedientia,

200 1618 496 1670 simplicitate
518 1629 573 1657 ac
594 1618 692 1657 zelo
715 1629 796 1657 seu
812 1616 998 1656 fervore
1016 1616 1259 1656 charitatis
1276 1617 1415 1667 longo
1434 1617 1680 1656 intervallo
1698 1628 1829 1667 prae-

201 1689 404 1729 verterit.
430 1688 550 1728 Nam
568 1694 616 1728 ut
638 1687 812 1739 aliquid
833 1700 891 1727 ex
913 1687 1068 1727 multis
1090 1677 1145 1727 de
1167 1686 1266 1738 ejus
1287 1687 1544 1727 humilitate
1567 1686 1741 1735 dicam,
1765 1687 1830 1726 ita

198 1771 380 1811 semper
416 1760 474 1799 ab
510 1759 723 1798 omnibus
758 1758 933 1809 despici
967 1758 1134 1808 voluit,
1173 1758 1410 1798 contemni
1439 1770 1494 1798 ac
1515 1757 1758 1809 vilipendi,
1783 1764 1832 1797 ut

197 1831 308 1870 nulli
329 1830 405 1870 alii
434 1831 501 1870 rei
523 1830 822 1881 acquiescere
844 1841 981 1880 posse
1003 1829 1264 1880 videretur3
1289 1840 1486 1880 cumque
1509 1829 1566 1869 ab
1589 1829 1742 1880 aliquo
1764 1829 1832 1868 vi—

197 1907 505 1953 tuperaretur,
540 1909 637 1940 tum
667 1912 716 1940 se
753 1901 943 1940 multum
974 1900 1236 1951 compendii
1263 1907 1308 1940 et
1337 1900 1635 1940 emolumenti
1665 1899 1833 1939 fecisse

197 1973 405 2023 putabat.

277 2042 454 2083 Verum
499 2042 740 2081 enimvero
786 2032 956 2081 multos
996 2053 1099 2082 esse
1139 2041 1271 2092 novi,
1308 2041 1445 2092 idque
1492 2041 1830 2092 experimento,

199 2114 277 2165 qui
304 2114 467 2153 volunt
493 2112 679 2163 quidem
714 2112 770 2151 ab
805 2112 907 2151 aliis
945 2112 1290 2163 quodammodo
1324 2111 1503 2162 sperni,
1534 2112 1613 2151 ubi
1642 2123 1756 2151 vero
1787 2110 1832 2151 id

201 2184 397 2234 contigit
416 2216 423 2233 ,
466 2195 608 2234 aegre
646 2182 813 2231 ferunt,
855 2189 993 2233 atque
1032 2182 1095 2222 ita
1135 2183 1250 2222 tacti
1277 2188 1458 2222 montes
1478 2214 1486 2232 ,
1520 2188 1569 2222 ut
1605 2183 1834 2233 propheta

200 2256 422 2306 loquitur,
459 2254 689 2304 fumigant
722 2265 805 2304 per
840 2253 1199 2305 impatientiam;
1234 2253 1343 2305 quin
1370 2260 1413 2293 et
1451 2252 1561 2293 illud
1594 2252 1833 2293 hominum

198 2338 348 2375 genus
382 2325 622 2375 cognitum
654 2324 788 2364 nobis
820 2329 1208 2376 perspectumque
1243 2331 1340 2374 est,
1376 2324 1453 2375 qui
1490 2336 1538 2363 se
1574 2324 1730 2375 palam
1766 2325 1832 2364 vi-

200 2402 436 2448 tuperant,
481 2396 670 2446 culpant
708 2395 981 2446 iniquosque
1017 2402 1254 2444 asserunt,
1278 2394 1382 2445 sed,
1406 2395 1482 2434 ubi
1517 2406 1677 2434 eorum
1708 2395 1832 2434 dicta

199 2468 391 2507 alterius
438 2466 592 2506 verbis
631 2466 1016 2517 comprobantur,
1049 2466 1228 2516 seipsos
1261 2466 1417 2506 multis
1451 2465 1834 2505 excusationibus

199 2538 447 2578 defendere
477 2537 699 2577 nituntur.
723 2536 786 2576 At
809 2537 947 2588 longe
975 2537 1061 2576 iste
1091 2537 1148 2576 ab
1179 2537 1267 2577 hoc
1296 2536 1537 2576 hominum
1566 2547 1738 2587 genere
1769 2536 1834 2575 di·

199 2616 322 2648 stare
364 2616 588 2659 perpetuo
632 2607 795 2657 voluit3
837 2619 945 2647 nam
994 2607 1249 2658 vilipensus
1297 2608 1558 2659 nulliusque
1606 2607 1827 2646 momenti

193 2679 448 2729 judicatus,
488 2690 542 2718 eo
570 2690 618 2718 se
653 2677 879 2718 dedecore
901 2678 1092 2729 dignum
1134 2685 1177 2718 et
1212 2679 1367 2718 animo
1402 2678 1631 2718 sentiebat
1670 2684 1715 2717 et
1750 2678 1834 2717 lin-

199 2837 340 2869 solebat,
357 2837 482 2864 circum
506 2837 608 2864 ducta
633 2838 795 2865 conclusit
820 2838 1003 2870 Polancus,
1028 2842 1062 2865 ut
1087 2846 1106 2865 a
1131 2838 1280 2865 librariis
1304 2839 1335 2865 in
1359 2837 1567 2872 apographis
1583 2837 1624 2864 ad
1648 2836 1833 2864 Societatis

200 2884 314 2910 domos
330 2885 506 2911 mittendis
520 2885 889 2918 praetermitterentur.
913 2886 957 2912 At
982 2893 1021 2911 ne
1046 2885 1214 2912 sententia
1239 2893 1358 2912 manca
1383 2885 1470 2912 foret
1494 2892 1527 2911 et
1551 2890 1587 2911 ut
1611 2885 1763 2911 omnibus
1788 2885 1834 2912 in-

202 2935 393 2958 notesceret
409 2932 562 2965 quisnam
578 2932 777 2966 hicjuvenis
790 2937 893 2965 esset,
911 2933 949 2959 dc
966 2940 1029 2966 quo
1051 2933 1182 2964 agitur,
1205 2933 1276 2966 ejus
1298 2940 1434 2963 nomen,
1451 2934 1493 2959 ab
1521 2932 1718 2959 Alexandro
1744 2933 1832 2958 cclw

204 2982 283 3012 tum,
300 2978 354 3006 hic
369 2979 510 3006 inseruit
525 2979 686 3006 scribens:
703 2979 860 3013 Joannes
876 2980 1050 3006 Antonius
1067 2979 1213 3013 Apulus,
