1987 3260
243 175 313 212 ‘286
746 175 970 212 L1TTERAE
998 186 1355 218 QUADRIMESTRES

241 271 305 311 cti
325 271 507 322 precari
525 271 759 321 debemus,
780 271 995 310 extrudat
1011 276 1060 310 ut
1076 272 1317 322 operarios
1333 283 1441 312 suos
1456 273 1502 311 in
1518 272 1706 312 vineam
1722 273 1859 313 istam

242 341 496 391 desertam,
528 353 666 392 super
697 353 837 391 quam
872 341 941 391 (ut
973 341 1121 381 Isaias
1148 342 1315 393 inquit)
1342 343 1600 383 ascendunt
1626 355 1794 395 vepres
1825 349 1868 384 et

244 412 419 463 spinae,
444 413 549 463 quia
571 424 666 451 11011
691 417 893 463 putatur,
918 423 1012 452 non
1032 411 1218 463 foditur,
1242 413 1437 453 diruitur
1458 412 1556 464 ejus
1573 414 1792 465 maceria,
1814 420 1862 454 ut

243 483 303 522 sit
323 483 570 522 haereticis
592 483 637 522 in
659 482 969 533 direptionem
990 488 1034 522 et
1055 484 1453 524 conculcationem
1476 483 1502 522 ¹.

324 552 415 593 Sed
443 553 613 592 nostris
645 553 801 593 verbis
836 553 1185 604 commendare,
1210 554 1350 593 immo
1379 554 1620 605 deplorare
1641 561 1710 595 ter
1732 555 1865 595 mise-

243 635 345 663 ram
366 623 666 663 Germaniam
687 635 779 663 non
800 635 1046 663 necessum
1066 629 1154 674 est,
1184 636 1258 664 res
1280 625 1381 676 ipsa
1402 630 1598 666 testatur
1622 638 1713 678 quo
1737 626 1867 666 deve-

243 694 448 733 nerimus
470 693 617 733 relicti
639 705 665 732 a
687 693 841 744 bonis,
876 694 1087 745 oppressi
1119 706 1145 733 a
1175 695 1331 744 malis,
1363 695 1483 746 pleni
1518 696 1766 745 scandalis,
1791 696 1864 736 de-

244 764 325 804 diti
346 764 498 812 sectis,
525 763 767 804 obcaecati
788 764 1039 814 erroribUS,
1065 765 1272 815 corrupti
1293 765 1457 805 studiis
1480 766 1629 806 omnis
1657 766 1864 817 impieta-

245 835 317 874 tis.
341 834 400 874 Ut
421 835 597 874 nullum
618 834 981 883 misericordiae,
1013 835 1269 884 charitatis,
1303 837 1646 887 compassionis
1668 837 1869 878 officium

244 905 466 945 collocari
486 916 624 956 posse
652 905 817 945 iustius
849 905 1085 957 videatur,
1123 918 1263 957 quam
1297 907 1344 946 111
1377 907 1716 948 sublevandam
1748 908 1869 948 hanc

244 988 385 1016 unam
410 977 647 1016 nationem
674 976 881 1016 omnium
909 976 1280 1028 afflictissimam,
1305 978 1614 1018 miserrimam
1645 979 1869 1031 deprava-

244 1048 577 1099 tissimamque.
598 1047 797 1098 Excitet,
818 1059 1007 1099 quaeso,
1026 1047 1155 1088 Deus
1171 1049 1311 1089 totius
1329 1050 1680 1101 consolationis,
1701 1051 1869 1091 excitet

246 1118 456 1169 spiritum
478 1129 613 1158 suum
632 1119 941 1170 principalem
961 1119 1008 1158 in
1034 1119 1233 1159 fratrum
1263 1126 1530 1160 nostrorum
1560 1121 1791 1171 cordibus,
1821 1127 1870 1161 ut

244 1188 523 1229 Germaniae
545 1194 750 1239 nostrae,
778 1189 908 1229 cuius
934 1189 1119 1229 inutiles
1146 1190 1283 1240 plane
1311 1190 1435 1230 servi
1457 1202 1635 1242 sumus,
1658 1191 1871 1242 germani

244 1260 309 1300 illi
335 1260 536 1299 cultores
567 1260 731 1299 adesse
760 1260 907 1300 velint
935 1266 980 1300 et
1012 1261 1215 1312 possint,
1248 1261 1436 1301 effusuri
1456 1262 1595 1302 etiam
1619 1262 1702 1312 (uti
1722 1262 1869 1312 decet)

241 1331 519 1382 sanguinem
536 1343 675 1382 saepe
692 1343 777 1382 pro
794 1330 1007 1371 Ecclesia
1025 1330 1208 1372 Christi.
1232 1331 1343 1372 Oret
1359 1344 1444 1384 pro
1462 1333 1595 1373 nobis
1612 1332 1776 1373 R.daP.
1797 1333 1866 1381 T.‚

245 1402 319 1442 cui
340 1402 643 1442 Germaniam
678 1402 830 1453 magis
858 1413 997 1453 quam
1024 1413 1109 1442 nos
1136 1403 1262 1454 ipsos
1289 1403 1335 1442 in
1366 1403 1551 1443 Christo
1578 1403 1869 1444 commenda—

246 1478 341 1512 tam
362 1484 462 1512 esse
483 1473 700 1523 velimus,
725 1473 764 1513 si
790 1473 915 1524 loqui
942 1485 1001 1513 ex
1034 1474 1189 1513 animo
1212 1474 1450 1524 debemus,
1475 1486 1755 1526 quamquam
1775 1486 1869 1514 non

246 1543 398 1593 ignari
434 1555 544 1594 prae
576 1543 774 1583 caeteris
802 1544 1028 1594 omnibus,
1065 1544 1141 1595 qui
1169 1544 1216 1583 in
1237 1545 1324 1584 hac
1349 1544 1581 1585 Societate
1601 1550 1865 1594 versantur,

246 1624 384 1664 egere
405 1625 490 1653 nos
506 1614 755 1664 plurimum
774 1614 949 1654 sanctis
969 1614 1060 1654 tuis
1077 1614 1291 1665 precibus
1308 1614 1654 1667 sacrificiisque.

324 1684 595 1734 Ingolstadii
614 1690 849 1735 postremo
871 1684 1047 1735 Aprilis
1069 1684 1155 1734 die,
1180 1691 1283 1736 post
1306 1685 1541 1725 Christum
1563 1692 1723 1726 natum
1744 1698 1866 1726 anno

252 1754 365 1794 1551.

325 1824 680 1875 Indignissimus
701 1825 822 1865 filius
846 1830 889 1864 et
910 1836 1074 1865 servus
1095 1825 1141 1865 in
1162 1825 1362 1866 Christo.

1222 1987 1404 2027 PETRUs
1425 1987 1653 2028 CANISIUS.

326 2322 691 2373 Sztperscrzptzo.
751 2286 864 2363 HJEIS.
926 2322 1027 2363 R.d0
1048 2322 1176 2363 Patri
1202 2329 1361 2363 nostro
1383 2323 1429 2363 in
1457 2323 1643 2364 Christo
1665 2323 1866 2364 Domino

246 2392 519 2443 Praeposito
541 2392 790 2433 Societatis
810 2393 934 2445 Jesu.

325 2463 387 2502 Et
407 2463 616 2513 sommis
639 2463 860 2514 Plzz'le‘ppc'
884 2463 976 2504 Viti
993 2475 1153 2513 mmm,
1173 2464 1220 2503 in
1242 2465 1484 2516 superiori
1495 2469 1712 2505 extrema
1729 2476 1864 2516 (μιαν-

242 2537 319 2573 tae
334 2533 547 2584 paginae
568 2545 671 2573 ora:
692 2534 806 2574 1551.

324 2603 470 2654 Quad.
495 2604 794 2655 Ingolstadio,
819 2605 993 2656 Aprile,
1018 2605 1412 2646 Canisio,—Fatte
1429 2612 1544 2646 tutte
1566 2611 1610 2646 et
1630 2606 1863 2647 mandate.

324 2675 385 2714 Et
407 2675 520 2714 alsa:
542 2675 686 2726 post.⁰
714 2675 899 2727 Aprilis.

298 2835 308 2854 ¹
349 2835 439 2867 Quae
456 2835 626 2869 hueusque
642 2835 727 2862 dixit
742 2834 898 2862 Canisius
918 2834 957 2861 de
983 2834 1241 2868 lngolstadiensi
1265 2835 1460 2869 Academia,
1485 2842 1506 2862 a
1526 2835 1640 2862 verbis
1659 2843 1776 2870 nempe
1800 2835 1868 2863 illis

247 2882 374 2909 Christ!
389 2883 507 2915 gratia
522 2890 600 2908 snm
623 2890 684 2916 ego
692 2883 785 2917 J'am,
807 2882 906 2909 lineis
920 2882 1084 2909 conclusit
1101 2882 1265 2909 Polancus
1281 2882 1376 2916 quasi
1391 2890 1411 2909 a
1426 2882 1592 2913 librariis,
1609 2882 1686 2910 dum
1701 2883 1763 2910 has
1777 2887 1868 2910 tran-

246 2930 432 2957 scriberent
458 2929 605 2959 litteras,
633 2929 865 2956 transilienda.
888 2928 1018 2956 Extant
1043 2932 1156 2956 tamen
1180 2929 1213 2956 in
1237 2930 1362 2956 nostris
1385 2929 1511 2956 duobus
1536 2930 1757 2964 transumptis
1781 2937 1865 2964 quae

245 2984 349 3011 supra
365 2976 713 3004 commemoravimus.
