1987 3260
242 160 311 196 402
747 162 972 198 Ll'l‘TERAE
999 173 1353 205 QUADRIMESTRES

241 255 365 296 Petri
386 256 444 296 ad
464 256 664 296 Vincula
685 269 794 297 suas
816 258 1070 298 celebravit
1088 259 1319 309 primitias
1338 260 1385 299 in
1411 266 1572 301 nostra
1601 263 1858 313 parochiali

241 327 438 366 ecclesia
460 338 564 366 cum
583 338 756 378 magna
776 328 934 378 populi
962 327 1298 369 aedificatione.
1327 329 1485 370 Multis
1506 332 1741 383 explicare
1760 345 1857 373 non

240 408 423 447 possem
440 403 640 448 quantae
656 397 1000 438 effunderentur
1019 399 1258 451 lacrymae
1274 401 1634 454 audirenturque
1655 404 1855 455 suspiria

239 473 282 507 et
303 468 515 518 gemitus.
540 468 713 519 Magna
728 468 812 508 fuit
826 470 985 520 populi
1005 470 1264 522 frequentia
1285 478 1329 511 et
1350 471 1551 524 devotio,
1575 474 1640 513 ita
1660 479 1710 514 ut
1729 486 1859 514 num-

238 550 377 590 quam
417 540 616 580 antehac
655 546 833 582 tantam
875 541 923 580 in
966 541 1135 592 populo
1180 541 1477 581 devotionem
1516 546 1855 595 conspexerim:

239 622 398 651 omnes
420 611 478 651 ad
500 612 785 652 offerendum
805 612 1142 663 properabant;
1165 612 1251 651 etsi
1272 611 1330 651 ad
1353 612 1637 653 offertorium
1653 626 1746 655 non
1766 622 1857 655 sta—

238 693 407 729 remus,
432 684 575 722 multa
597 689 751 722 tamen
773 682 1109 733 offerebantur,
1133 681 1215 722 sed
1238 682 1392 722 omnia
1412 685 1590 734 pastori
1610 690 1769 725 nostro
1792 698 1858 725 re—

234 752 465 803 liquimus,
491 753 566 804 qui
586 753 685 793 sine
706 759 866 793 nostro
883 752 1015 804 jussu
1033 754 1278 794 ecclesiam
1295 754 1463 806 tapetis
1480 760 1524 794 et
1540 755 1682 795 ramis
1700 757 1855 795 ornari

234 822 423 863 fecerat.
455 823 677 874 Magnum
706 824 847 863 etiam
876 835 1122 864 numerum
1147 825 1593 864 communicantium
1613 824 1661 865 P.
1686 825 1848 865 Arnol-

235 893 321 933 dus
350 894 395 933 in
417 905 502 933 sua
528 894 678 945 prima
703 894 847 934 Missa
876 894 1057 946 habuit,
1090 895 1239 947 qualis
1271 900 1408 935 antea
1437 907 1690 947 numquam
1726 897 1858 936 Visus

232 964 336 1014 fuit,
369 964 683 1005 studiosorum
712 964 1078 1016 adolescentum,
1112 977 1218 1006 cum
1248 978 1420 1017 magna
1454 967 1612 1018 populi
1643 966 1855 1007 aedifica-

232 1036 373 1075 tione.

312 1105 420 1145 Post
449 1106 546 1146 dies
568 1118 680 1146 vero
709 1107 882 1157 aliquot
908 1106 956 1146 Ρ.
988 1107 1229 1147 Arnoldus
1255 1107 1457 1159 incoepit
1487 1107 1648 1147 audire
1677 1108 1856 1148 confes-

232 1176 387 1216 siones
422 1176 719 1227 studentium,
757 1182 815 1227 et,
854 1177 901 1216 in
934 1177 1097 1228 vigilia
1123 1177 1472 1229 Assumptionis
1493 1179 1605 1218 ΒΜ
1623 1179 1854 1230 Virginis,

231 1259 375 1298 usque
409 1247 467 1286 ad
497 1247 700 1287 medium
733 1249 882 1288 noctis
917 1249 1285 1289 confessionibus
1320 1249 1562 1290 audiendis
1598 1256 1856 1301 occupatus

228 1317 313 1358 fuit
341 1330 511 1369 magno
540 1331 646 1358 cum
673 1319 848 1370 fructu,
873 1319 1092 1370 quoniam
1113 1332 1171 1359 ex
1193 1320 1305 1371 ipsis
1326 1326 1420 1360 tres
1443 1320 1762 1361 adolescentes
1793 1321 1852 1360 ad

228 1389 436 1429 ordinem
458 1389 502 1429 S.
527 1390 576 1429 P.
600 1389 637 1429 F
641 1390 844 1430 rancisci
864 1390 1151 1439 intrandum,
1176 1391 1235 1430 ad
1256 1391 1498 1431 inferiores
1520 1398 1676 1442 partes
1700 1390 1725 1442 ¹,
1749 1403 1849 1443 pro-

233 1460 340 1499 secti
361 1466 481 1499 sunt.

306 1531 447 1571 Hisce
475 1531 634 1571 diebus
663 1543 689 1570 a
717 1532 993 1582 quibusdam
1020 1533 1215 1571 multum
1240 1538 1433 1582 rogatus
1460 1532 1525 1571 fui
1553 1539 1602 1572 ut
1632 1532 1689 1572 ad
1717 1544 1851 1584 quos-

231 1602 338 1641 dam
363 1602 704 1653 proficiscerer,
741 1603 800 1642 ad
828 1603 1079 1643 multorum
1110 1604 1420 1643 conscientias
1444 1602 1699 1654 juvandas,
1733 1615 1850 1655 quae

229 1673 348 1712 male
370 1679 615 1713 contentae
637 1679 789 1723 erant,
819 1679 863 1713 et
885 1673 943 1713 ad
972 1673 1063 1713 alia
1090 1674 1233 1713 multa
1260 1674 1526 1713 necessaria
1555 1674 1743 1724 negotia
1775 1686 1851 1714 ex-

224 1744 467 1794 pedienda.
491 1744 731 1784 Consensu
752 1750 797 1784 et
817 1756 958 1784 suasu
978 1743 1028 1783 P.
1051 1744 1247 1784 Arnoldi
1269 1745 1502 1795 profectus
1520 1756 1635 1795 sum,
1655 1750 1699 1784 et
1720 1744 1850 1784 Deus

226 1814 437 1865 Optimus
458 1815 711 1860 Maximus,
745 1826 828 1854 sua
857 1815 1034 1866 gratia,
1065 1816 1208 1855 multa
1236 1815 1357 1854 bona
1388 1821 1606 1866 operatus
1634 1821 1717 1855 est.
1741 1815 1845 1866 Ipso

226 1885 347 1925 enim
373 1885 445 1925 die
475 1885 634 1925 Sancti
662 1886 903 1926 Laurentii
930 1885 1153 1937 Martyris
1184 1886 1230 1925 in
1252 1886 1454 1937 quodam
1483 1898 1622 1937 pago,
1659 1887 1845 1926 nomine

224 1955 422 2007 Alphen,
446 1956 493 1995 in
514 1957 712 1996 ecclesia
740 1956 1113 1996 exhortationem
1140 1956 1281 1996 habui
1309 1968 1413 1996 cum
1441 1968 1614 2007 magna
1643 1957 1848 1996 omnium

225 2025 558 2077 aedificatione,
582 2027 629 2066 in
650 2039 740 2078 qua
761 2026 1084 2067 exhortatione
1106 2028 1351 2078 plusquam
1368 2027 1695 2078 quadringenti
1716 2039 1843 2078 prae-

223 2103 378 2137 sentes
413 2103 568 2146 erant;
606 2103 766 2148 postea
800 2098 1050 2149 plurimum
1080 2098 1317 2137 instabant
1345 2103 1394 2136 ut
1421 2096 1492 2136 die
1520 2098 1665 2136 altero
1693 2097 1846 2136 adhuc

223 2180 362 2208 unam
384 2168 757 2208 exhortationem
778 2168 950 2208 habere
971 2168 1151 2215 vellem3
1176 2167 1257 2207 sed
1279 2168 1499 2219 temporis
1517 2167 1734 2217 angustia
1751 2179 1841 2207 non

223 2239 497 2289 patiebatur.
521 2238 711 2278 Plurimi
732 2245 949 2289 parentes
969 2250 1078 2278 suos
1108 2238 1221 2277 mihi
1245 2238 1500 2277 offerebant
1527 2237 1645 2277 filios
1677 2243 1724 2277 ut
1753 2249 1847 2277 me-

224 2321 329 2348 cum
350 2321 429 2348 eos
451 2310 683 2359 ducerem,
702 2309 796 2358 sed,
815 2309 1033 2359 quoniam
1052 2309 1192 2360 aliqui
1211 2320 1384 2348 annum
1402 2308 1449 2347 14
1465 2314 1509 2347 et
1530 2308 1576 2348 15
1592 2308 1720 2359 prius
1739 2319 1844 2358 age-

222 2380 333 2418 bant
354 2379 383 2429 ‘·',
411 2379 600 2429 permisi
622 2391 700 2418 eos
722 2380 844 2429 apud
871 2385 1088 2430 parentes
1115 2378 1267 2418 adhuc
1299 2379 1344 2418 in
1372 2378 1560 2429 studiis,
1590 2377 1670 2418 sed
1697 2378 1844 2418 tribus

223 2449 608 2499 adolescentibus,
628 2449 914 2488 naturalibus
930 2449 1044 2488 bene
1057 2449 1171 2489 bene
1188 2448 1201 2466 ³
1219 2449 1470 2500 dispositis.
1490 2448 1594 2488 dedi
1611 2449 1843 2488 licentiam

224 2520 282 2560 ad
297 2531 382 2559 nos
398 2520 613 2559 veniendi
629 2520 755 2559 circa
771 2519 983 2559 Natalem
999 2520 1200 2571 Domini,
1221 2521 1441 2571 quoniam
1459 2520 1592 2559 aliter
1607 2519 1705 2559 fieri
1722 2531 1843 2558 com>

222 2590 355 2630 mode
376 2602 468 2630 non
488 2597 684 2641 poterat.
709 2590 854 2630 Multa
876 2591 1015 2630 etiam
1037 2602 1141 2630 cum
1162 2597 1350 2641 pastore
1372 2590 1506 2641 hujus
1527 2590 1638 2641 pagi
1658 2590 1746 2639 egi,
1767 2591 1843 2640 qui

276 2774 285 2792 ¹
326 2773 411 2806 Quid
427 2781 487 2807 per
501 2774 584 2800 haec
600 2773 705 2799 verba
723 2773 767 2798 ad
780 2772 969 2806 inferiores
982 2775 1106 2806 partes
1120 2772 1328 2805 significetur
1343 2773 1518 2805 nescimus;
1535 2772 1711 2806 opinamur
1725 2777 1838 2800 autem

221 2821 306 2846 'nunc
321 2828 394 2847 esse
407 2828 549 2853 sensum,
566 2821 710 2853 scilicet,
728 2824 798 2846 tres
813 2820 887 2846 illos
903 2819 1134 2846 adolescentes
1150 2820 1191 2846 ad
1208 2819 1452 2846 Franciscanos
1466 2820 1656 2853 perrexisse
1672 2827 1710 2846 eo
1725 2820 1838 2847 animo

218 2873 252 2894 ut
270 2868 300 2893 in
314 2867 506 2894 inferiorem
521 2868 664 2901 gradum
672 2867 835 2901 fratrum
851 2867 1022 2893 laicorum
1038 2867 1171 2893 admitti
1188 2869 1408 2900 postularent.

272 2915 285 2933 2
324 2915 456 2941 Annum
472 2915 635 2941 decimum
650 2919 807 2948 quartum
820 2918 877 2940 aut
893 2914 1058 2940 decimum
1072 2914 1225 2946 quintum
1240 2915 1398 2946 nondum,
1416 2915 1467 2940 rel
1484 2914 1551 2946 vix,
1568 2914 1771 2947 attigerant?

272 2962 284 2980 5
322 2961 386 2994 Sic,
404 2965 436 2987 ct
453 2961 538 2988 forte
555 2962 748 2994 aequivalet
765 2962 821 2986 sat
843 2961 937 2987 bene.
