1987 3260
208 185 282 223 586
720 182 946 219 LITTERAE
973 191 1327 224 QUADR1MESTRES

867 664 1195 718 CXXXVII

281 928 329 964 l).
352 927 673 963 Maximilianus
695 937 719 963 a
740 925 921 973 Capella

330 992 449 1028 Patri
468 991 637 1038 Ignatio
659 991 710 1028 de
731 991 918 1038 Loyola.

376 1056 632 1103 Methymna
653 1055 820 1103 Campi,
842 1055 888 1091 29
906 1054 1074 1102 Aprilis
1103 1054 1194 1092 1552
1212 1055 1236 1090 ¹.

978 1225 1074 1301 Iffls

292 1407 556 1446 Admodum
578 1406 676 1446 R.de
703 1407 749 1446 in
770 1406 908 1447 Chro.
933 1406 1093 1446 Pater:

294 1477 458 1517 Gratia
480 1484 524 1517 et
543 1489 638 1528 pax
657 1478 768 1530 Jesu
799 1477 971 1517 Christi
998 1476 1187 1516 Domini
1215 1474 1372 1514 Nostri
1399 1479 1443 1513 et
1474 1471 1839 1512 communicatio

213 1547 374 1587 Sancti
395 1547 594 1599 Spiritus
615 1549 674 1588 sit
696 1560 878 1599 semper
899 1548 1155 1587 nobiscum.
1180 1546 1345 1586 Amen.

292 1618 387 1668 Illa,
412 1630 531 1669 quae
558 1620 648 1658 hoc
680 1625 879 1670 quatuor
910 1618 1140 1658 mensium
1166 1616 1413 1656 intervallo
1439 1613 1651 1666 proxime
1679 1612 1838 1663 elapso

213 1688 440 1739 benignus
462 1688 691 1729 Dominus
712 1701 794 1740 per
815 1689 1125 1729 ministerium
1143 1689 1309 1727 horum
1327 1685 1624 1726 minimorum
1641 1683 1838 1723 filiorum

212 1766 395 1799 tuorum
419 1759 637 1809 dignatus
659 1767 727 1799 est
751 1760 951 1811 operari,
975 1765 1081 1798 sunt
1098 1770 1152 1797 ea
1175 1769 1293 1808 quae
1314 1768 1436 1796 nunc
1450 1754 1546 1806 jam
1567 1753 1834 1794 recensebo.

291 1829 521 1880 Imprimis
543 1830 698 1881 itaque
721 1836 769 1870 ut
799 1843 825 1870 a
847 1829 1149 1870 concionibus
1177 1828 1329 1867 Patris
1357 1825 1572 1877 Magistri
1601 1824 1839 1875 Baptistae

211 1911 394 1939 sumam
429 1901 625 1951 initium,
659 1901 715 1940 ab
744 1913 797 1940 eo
827 1907 1036 1951 tempore
1072 1911 1163 1951 quo
1192 1899 1290 1950 ipse
1319 1898 1365 1937 in
1393 1897 1481 1936 hac
1515 1896 1628 1935 urbe
1662 1894 1837 1945 Methy-

211 1971 393 2010 mnensi
415 1971 685 2010 concionari
707 1971 872 2022 coepit,
898 1977 966 2010 est
983 1970 1159 2021 fuitque
1181 1980 1363 2019 semper
1380 1967 1462 2007 toti
1482 1966 1651 2018 populo
1673 1965 1838 2016 gratis-

212 2042 357 2081 simus
388 2048 431 2081 et
461 2042 508 2081 in
541 2053 713 2092 magna
749 2042 1017 2081 reverentia
1053 2052 1234 2080 summo
1265 2051 1371 2079 cum
1402 2049 1561 2078 amore
1591 2035 1839 2087 conjuncta

214 2112 339 2162 apud
374 2123 534 2151 omnes
567 2112 768 2163 habitus,
805 2112 1042 2163 ipsiusque
1070 2111 1350 2150 documenta
1379 2115 1516 2159 atque
1544 2107 1758 2156 consilia,
1791 2112 1840 2145 ut

215 2182 497 2222 suavissima
519 2194 573 2222 ac
596 2183 918 2233 saluberrima,
937 2182 1123 2234 plurimi
1145 2186 1402 2232 sequuntur
1423 2186 1467 2219 et
1497 2179 1836 2228 amplexantur.

215 2253 428 2304 Hincque
449 2253 626 2293 factum
647 2260 716 2293 est
737 2259 786 2293 ut
812 2265 895 2304 per
916 2253 1015 2304 ejus
1043 2252 1292 2292 conciones
1323 2257 1461 2302 atque
1490 2248 1840 2289 exhortationes

213 2335 307 2362 non
327 2324 465 2374 pauci
486 2324 785 2363 immodicum
802 2324 1004 2364 vestium
1022 2324 1196 2363 cultum
1216 2328 1259 2362 et
1277 2321 1551 2361 dissolutam
1567 2320 1691 2359 Vitae
1708 2318 1838 2358 lasci-

214 2394 360 2444 viam,
392 2394 558 2444 quibus
585 2400 723 2434 antea
752 2394 1042 2444 diffluebant,
1074 2405 1178 2433 cum
1205 2403 1378 2442 magna
1413 2390 1617 2430 omnium
1643 2389 1839 2429 admira-

214 2464 337 2503 tione
358 2471 401 2503 et
424 2463 749 2504 aedificatione
779 2465 1068 2505 deseruerint
1090 2475 1144 2503 ac
1175 2463 1221 2502 in
1241 2462 1498 2502 modestiae
1519 2466 1563 2500 et
1583 2467 1838 2510 temperan-

214 2535 304 2573 tiae
327 2535 548 2575 virtutem
568 2536 706 2586 longe
728 2535 913 2575 felicius
934 2534 1278 2575 commutarint.
1311 2533 1367 2572 Et
1389 2532 1510 2572 hanc
1532 2530 1717 2582 quidem
1745 2541 1840 2569 mu-

215 2605 438 2644 tationem
458 2606 680 2645 dexterae
702 2606 890 2646 Excelsi
917 2605 1214 2657 peculiariter
1235 2604 1408 2643 factam
1435 2602 1650 2641 novimus
1678 2601 1724 2640 in
1745 2600 1839 2651 qui-

214 2675 408 2715 busdam
442 2677 684 2727 matronis,
725 2677 912 2727 generis
940 2668 1182 2716 nobilitate
1212 2680 1256 2714 et
1296 2673 1566 2713 divitiarum
1605 2670 1841 2722 opulentia

216 2746 368 2796 claris,
402 2759 519 2797 quae
554 2759 646 2786 non
678 2753 863 2787 tantum
892 2747 950 2786 ob
979 2746 1207 2797 ejusmodi
1243 2745 1514 2784 deliciarum
1541 2748 1585 2782 et
1619 2741 1841 2782 mollioris

271 2881 280 2899 ¹
319 2881 563 2916 Autographae
580 2884 719 2910 litterae
739 2884 770 2910 in
786 2884 865 2910 folio
882 2882 1084 2910 198.—A1iud
1100 2889 1165 2908 non
1181 2885 1269 2912 sunt.
1286 2886 1321 2906 ut
1335 2880 1461 2913 legenti
1476 2882 1571 2912 patet
1583 2899 1589 2911 ,
1603 2885 1703 2911 quam
1719 2880 1839 2904 ornata

217 2932 249 2953 et
269 2929 405 2961 elegans
429 2930 536 2957 latina
560 2931 671 2957 versio
696 2931 890 2958 litterarum
914 2930 1034 2957 fratris
1058 2929 1150 2956 Petri
1177 2928 1367 2961 Sevillano‚
1393 2933 1476 2960 quas
1498 2932 1599 2959 supra
1614 2932 1644 2951 n.
1671 2922 1839 2955 CXXXV,

217 2983 295 3009 pag.
310 2976 360 3001 577
375 2977 535 3003 dedimus.
