1987 3260
235 224 305 261 666
742 222 969 258 LITTERAE
995 231 1351 261 QUADmMESTRES

316 319 465 370 Hujus
486 317 832 368 condiscipulus
853 316 1055 368 quidam,
1080 327 1220 367 eques
1240 317 1423 367 nobilis,
1446 317 1633 356 natione
1655 317 1857 356 catham-

236 402 340 441 nus,
365 390 438 430 cui
459 401 625 429 nomen
651 394 720 428 est
736 388 901 427 Petrus
917 387 1143 437 Gabreta,
1167 387 1402 427 multoties
1421 398 1506 427 nos
1523 386 1789 427 sollicitavit
1808 394 1859 428 ut

238 461 541 512 reciperetur,
565 459 837 499 adolescens
867 457 1118 507 modestus,
1149 458 1263 497 satis
1290 463 1471 508 acutus,
1500 457 1794 497 verecundus
1814 464 1858 499 et

243 531 440 582 quietus,
464 541 519 569 ac
537 528 712 580 judicio
738 534 997 580 praestans.
1020 527 1259 568 Hactenus
1285 540 1384 568 rem
1412 528 1674 568 distulimus
1704 527 1858 579 explo÷

238 606 398 641 rantes
420 612 479 640 an
501 606 650 639 mater
671 599 817 650 ipsius
838 599 976 638 vellet
996 604 1045 638 ut
1066 604 1275 638 maneret
1295 598 1342 638 in
1362 598 1568 649 Collegio
1587 598 1856 645 Gandiensi,

237 683 342 711 cum
368 676 675 721 praeceptore
710 681 811 719 suo,
842 668 1230 720 quemadmodum
1258 668 1355 718 agit
1376 668 1643 718 Valentiae;
1677 680 1794 719 quae
1820 669 1859 708 si

235 741 459 781 reluctari
479 746 672 792 perstat,
696 745 741 780 et
761 740 836 779 ille
856 740 1120 790 ingressum
1135 739 1375 789 religionis
1395 744 1546 789 urget,
1566 744 1615 778 ut
1634 739 1860 779 hactenus

236 812 361 861 fecit,
384 811 573 851 tandem
593 810 844 861 recipietur
868 809 892 849 ¹.

314 881 450 922 Alius
473 881 613 921 etiam
634 881 801 921 horum
822 881 1183 932 condiscipulus,
1209 880 1422 920 acumine
1443 879 1618 930 ingenii
1646 884 1691 919 et
1712 879 1860 919 erudi«

236 953 362 992 tione
383 964 612 1003 superans
632 951 984 1002 quatuordecim
1008 962 1171 1001 annos,
1196 951 1364 1002 quibus
1384 950 1590 990 nondum
1616 955 1754 990 natus
1774 956 1858 999 est,

237 1023 465 1074 singulari
486 1023 689 1074 quadam
715 1023 945 1062 modestia
965 1034 1051 1062 nos
1081 1028 1218 1073 urget
1239 1029 1287 1061 ut
1309 1023 1474 1061 saltem
1501 1033 1606 1061 cum
1627 1026 1858 1072 quartum-

236 1094 467 1133 decimum
501 1093 710 1143 attigerit
738 1105 932 1143 annum,
965 1104 1068 1132 eum
1098 1093 1144 1132 in
1175 1097 1389 1132 nostrum
1418 1091 1648 1143 gremium
1668 1091 1859 1142 recipia-

236 1176 360 1215 mus3
379 1169 423 1204 et
444 1175 551 1203 cum
571 1164 775 1215 aliquam
797 1164 852 1203 de
874 1163 964 1203 hoc
986 1163 1252 1214 conceperit
1275 1174 1419 1214 spem,
1442 1163 1514 1202 bis
1534 1162 1580 1201 in
1603 1162 1674 1202 die
1694 1173 1780 1201 nos
1796 1161 1861 1200 vi·-

236 1236 310 1286 sit,
342 1240 392 1274 ut
407 1234 477 1274 sui
492 1246 587 1274 non
611 1234 957 1284 obliviscamur,
978 1234 1087 1274 dum
1116 1233 1227 1273 illud
1251 1240 1432 1284 tempus
1448 1238 1545 1272 tam
1570 1232 1707 1272 avide
1730 1243 1862 1283 prae-

237 1306 451 1345 stolatus.

315 1376 610 1416 Adolescens
630 1376 819 1426 quidam
841 1376 1099 1423 catalanu5‚
1123 1375 1387 1415 Monserrat
1407 1375 1593 1415 nomine
1614 1374 1643 1423 ²,
1670 1374 1864 1414 robusto

238 1458 452 1498 corpore,
491 1446 698 1497 ingenio,
725 1445 900 1497 judicio
929 1458 985 1485 ac
1014 1446 1272 1485 eruditione
1299 1451 1569 1497 praestans,
1600 1445 1860 1494 theologUS,

237 1517 346 1556 dum
368 1523 530 1567 ageret
552 1517 791 1567 exercitia,
820 1516 1058 1556 constituit
1086 1528 1158 1556 me
1180 1517 1313 1567 sequi
1342 1516 1449 1556 hinc
1472 1514 1860 1566 proficiscentem.

237 1588 337 1627 Erit
358 1587 435 1626 hic
465 1587 672 1627 decimus
704 1593 896 1638 quartus
923 1593 1003 1626 aut
1031 1587 1239 1626 decimus
1264 1587 1451 1638 quintus
1479 1586 1739 1636 theologus,
1769 1585 1860 1635 qui,

237 1658 429 1697 absente
458 1657 596 1697 Patre
631 1657 832 1705 Mirone,
871 1657 929 1696 ad
959 1669 1043 1696 nos
1073 1664 1385 1696 accesserunt.
1424 1656 1569 1696 Abest
1605 1662 1759 1695 autem
1789 1655 1864 1694 ille

235 1728 381 1768 ferme
403 1740 591 1767 annum.

315 1799 447 1838 Alios
468 1799 809 1849 praetermitto,
835 1799 911 1849 qui
938 1798 1119 1848 ingredi
1141 1799 1388 1838 voluerunt
1417 1804 1460 1837 et
1481 1805 1530 1837 ut
1559 1808 1857 1847 assequeren*

235 1875 309 1908 tur
330 1869 486 1908 conati
508 1875 635 1919 sunt3
669 1869 750 1908 sed
770 1881 828 1908 ex
849 1869 1004 1908 multis
1025 1869 1231 1919 potiores
1253 1869 1479 1919 eligimus.
1506 1868 1685 1908 Cedant
1707 1868 1861 1907 omnia

236 1940 279 1978 in
303 1939 501 1989 gloriam
522 1939 747 1979 authoris.

316 2009 493 2061 Scripsi
514 2010 630 2049 alias
652 2015 855 2060 emptam
885 2009 1027 2049 fuisse
1055 2022 1080 2048 a
1109 2010 1244 2049 nobis
1276 2010 1477 2059 domum,
1509 2009 1554 2049 in
1577 2022 1666 2061 qua
1696 2008 1862 2059 ageba-

238 2092 355 2131 mus,
380 2080 504 2120 mille
527 2080 709 2120 ducatis
737 2080 890 2119 minus
914 2080 1277 2131 quinquaginta;
1311 2080 1432 2119 hanc
1454 2080 1590 2119 modo
1619 2079 1857 2125 solvimus

239 2150 348 2189 hinc
370 2150 476 2190 inde
498 2150 704 2201 acceptis
726 2150 1046 2201 eleemosynis
1072 2149 1467 2201 Archiepiscopus
1494 2149 1757 2189 numeravit
1777 2154 1862 2188 ter«

294 2351 302 2369 ¹
343 2350 402 2377 “El
419 2354 492 2377 otro
507 2350 742 2377 hermano'sue
761 2351 906 2377 lambien
927 2351 966 2377 de
990 2350 1119 2384 grande
1135 2351 1295 2384 ejemplo,
1312 2350 1459 2377 llamado
1474 2349 1548 2376 Don
1564 2350 1672 2376 Pedro
1688 2350 1727 2376 de
1744 2348 1865 2376 Gabre-

238 2405 287 2423 ra.
302 2405 364 2432 que
379 2400 537 2424 entonces
553 2405 593 2424 en
608 2399 643 2424 la
659 2397 845 2431 Compania
860 2405 895 2424 se
910 2399 958 2424 les
974 2398 1129 2431 quedaba
1151 2398 1181 2424 el
1205 2396 1281 2423 Don
1298 2398 1382 2424 alos
1398 2405 1459 2431 que
1482 2398 1512 2424 le
1529 2397 1644 2424 tenian
1666 2404 1707 2423 en
1721 2397 1750 2423 el
1766 2396 1863 2430 siglo.

240 2444 310 2470 Era
331 2447 402 2471 este
419 2445 590 2470 caballero
606 2444 674 2479 hijo
690 2444 728 2471 de
746 2446 795 2471 los
810 2444 999 2471 Vizcondes
1025 2445 1063 2471 de
1089 2444 1213 2477 Cabra,
1237 2451 1317 2471 casa
1340 2444 1530 2470 nobilisima
1546 2451 1584 2470 en
1601 2443 1786 2477 Cataluna,
1802 2450 1865 2477 que

240 2491 382 2524 despues
397 2498 432 2517 se
446 2491 625 2525 incorporo
641 2499 681 2517 en
696 2492 729 2518 la
746 2492 799 2518 del
814 2492 1007 2518 Almirante
1025 2492 1063 2518 de
1080 2491 1236 2524 Castilla,
1252 2498 1345 2518 mozo
1361 2492 1458 2517 noble
1474 2499 1513 2517 en
1529 2491 1631 2525 linaje
1646 2499 1667 2526 y
1681 2492 1754 2517 mas
1768 2491 1865 2517 noble

239 2540 254 2563 c·
271 2538 403 2565 illustre
419 2545 479 2572 por
495 2546 532 2565 su
546 2538 675 2571 grande
692 2539 835 2572 religion
852 2546 871 2572 y
887 2538 1020 2572 virtud;
1038 2546 1099 2572 que
1116 2539 1259 2572 despues
1275 2539 1304 2564 el
1320 2539 1383 2565 ano
1399 2538 1437 2564 de
1455 2538 1538 2571 1558,
1560 2539 1580 2564 a
1601 2539 1651 2564 los
1665 2537 1699 2564 24
1714 2538 1752 2564 de
1768 2536 1867 2564 Octu÷

239 2585 309 2617 bre,
324 2584 379 2611 sue
394 2585 514 2611 martir
529 2585 567 2611 de
586 2586 619 2612 la
635 2585 786 2619 caridad,
801 2586 973 2612 sirviendo
990 2587 1009 2612 a
1024 2586 1073 2612 los
1089 2585 1270 2619 apestados
1284 2592 1324 2611 en
1340 2586 1370 2611 el
1392 2584 1530 2618 Colegio
1545 2584 1584 2611 de
1598 2583 1726 2611 Murcia
1737 2606 1743 2617 ,
1759 2584 1865 2611 donde

240 2638 299 2657 cra
313 2631 479 2664 Ministro,
496 2632 640 2666 dejando
660 2633 951 2659 extraordinarios
966 2633 1128 2667 ejemplos
1146 2633 1184 2659 de
1199 2631 1315 2659 virtud
1340 2640 1378 2658 en
1402 2639 1441 2659 su
1464 2636 1604 2665 muerte,
1629 2639 1670 2658 no
1692 2632 1730 2658 de
1750 2639 1865 2658 menor

240 2677 437 2705 edificacion
453 2679 491 2704 de
508 2679 557 2705 los
572 2686 635 2712 que
651 2678 754 2706 habia
768 2679 888 2713 dejado
904 2687 943 2706 en
958 2687 995 2706 su
1010 2680 1108 2711 vida,
1130 2687 1190 2713 por
1215 2679 1321 2705 haber
1345 2679 1484 2712 querido
1509 2679 1683 2705 dedicasse
1707 2678 1809 2705 hasta
1832 2679 1865 2704 la

240 2728 369 2751 muerte
385 2727 404 2752 a
419 2725 530 2752 servir
545 2727 565 2752 a
580 2733 636 2752 sus
650 2726 831 2753 hermanos
845 2735 867 2761 y
882 2727 1045 2761 prOjimos
1061 2727 1091 2753 el
1107 2734 1169 2760 que
1190 2726 1293 2753 habia
1307 2734 1328 2761 y
1343 2726 1483 2760 pudiera
1505 2733 1559 2752 ser
1582 2725 1718 2752 servido
1733 2732 1752 2759 y
1767 2732 1865 2758 rega-

240 2771 317 2797 ]ado
332 2770 371 2797 de
387 2771 527 2798 muchos
543 2779 584 2798 en
599 2772 629 2798 el
644 2772 783 2806 mund0;
800 2780 880 2806 pero
901 2774 1053 2800 acertoIo
1068 2780 1108 2799 en
1123 2776 1220 2799 tener
1234 2779 1295 2806 por
1316 2779 1435 2805 mayor
1458 2773 1575 2806 regalo
1594 2780 1616 2807 y
1631 2772 1739 2798 honra
1753 2772 1784 2798 el
1799 2778 1865 2797 ser-

240 2818 294 2843 vir
310 2825 349 2843 en
363 2818 395 2844 la
409 2825 489 2844 casa
504 2818 543 2844 de
559 2818 641 2845 Dios
656 2826 717 2852 que
733 2826 774 2846 no
789 2826 844 2846 ser
858 2820 995 2846 servido
1011 2820 1107 2846 fuera
1122 2820 1222 2846 della.
1233 2840 1247 2852 „
1262 2818 1424 2845 Historia
1440 2819 1482 2845 de
1497 2819 1531 2845 la
1540 2819 1740 2853 sundacion
1751 2825 1776 2852 y
1787 2821 1866 2852 pro-

241 2871 361 2894 gresos
374 2864 430 2890 del
454 2865 585 2898 Colegio
600 2866 642 2891 de
658 2866 691 2892 la
709 2866 899 2899 Compmiia
915 2867 957 2892 de
970 2866 1077 2899 Jcsus
1100 2867 1141 2893 de
1164 2866 1234 2892 San
1256 2865 1363 2892 Pablo
1377 2866 1420 2893 de
1444 2865 1607 2893 Valent-ia
1621 2886 1628 2897 ,
1649 2865 1778 2892 escrita
1797 2864 1861 2891 [ιῆο

242 2912 283 2935 ale
298 2911 391 2943 1712,
407 2918 434 2937 e.
451 2912 494 2938 11.

294 2959 307 2976 “-’
346 2957 384 2984 P.
406 2958 575 2985 Antonius
589 2958 790 2986 Monserrat.
805 2959 838 2986 Is
852 2967 917 2993 pau
938 2967 956 2986 o
975 2964 1052 2994 post
1076 2959 1284 2987 Societatem
1297 2960 1470 2993 ingressus
1494 2964 1545 2986 est
1570 2962 1603 2985 et
1627 2959 1775 2986 novitius
1790 2957 1863 2991 fuit,

242 3004 303 3029 sub
320 3002 354 3028 P.
370 3002 551 3031 Francisco
568 3006 607 3031 de
624 3005 736 3040 Borja,
755 3005 923 3039 Septimar
954 3007 991 3032 is.
1006 3006 1092 3033 Vide
1110 3006 1233 3033 Cartas
1248 3007 1288 3033 de
1306 3006 1377 3033 San
1393 3006 1555 3039 Ignacio,
1569 3009 1591 3032 t.
1608 3013 1642 3039 v,
1656 3005 1792 3039 passim.
