1987 3260
892 191 977 228 ΑΝ.
1007 190 1098 227 1552
1741 191 1811 227 749

259 290 359 330 Non
391 297 458 330 est
493 288 883 340 praetereundum
917 286 1040 339 quod
1074 286 1383 337 subsequitur.
1421 286 1537 327 Cum
1573 286 1807 326 dominico

181 359 382 411 quodam
399 361 472 400 die
489 359 880 399 communicasset
896 357 943 397 in
958 357 1186 397 fractione
1202 357 1338 408 panis
1353 362 1478 396 totus
1494 356 1569 396 hic
1592 358 1807 408 populus,

182 431 305 481 apud
337 441 424 470 nos
457 441 570 470 vero
599 428 930 481 quadringenti
963 428 1162 478 incolae,
1200 432 1249 467 ut
1282 438 1444 467 omnes
1469 438 1561 466 uno
1590 427 1663 467 die
1693 426 1808 478 jubi-

184 502 334 541 laeum
354 506 614 550 sumerent,
638 511 774 551 quem
801 499 872 539 his
894 498 1055 539 diebus
1081 497 1297 538 Summus
1324 496 1540 537 Pontifex
1570 508 1809 538 concesse-

184 577 276 622 rat,
314 582 405 622 qua
433 571 574 611 etiarn
602 570 657 610 de
684 581 827 610 causa
854 581 937 622 per
964 575 1109 609 totam
1142 568 1439 620 praelapsam
1469 568 1811 608 hebdomadam

184 648 368 682 nostros
403 641 681 682 Sacerdotes
716 642 762 682 in
789 640 1030 682 audiendis
1058 639 1428 680 confessionibus
1457 638 1662 690 impendi
1691 645 1736 679 et
1766 639 1813 679 in

187 714 271 752 line
307 712 627 752 hebdomadae
661 724 744 764 per
779 718 926 752 totam
959 711 1100 751 etiam
1134 715 1322 750 noctem
1355 709 1554 760 vigilare
1591 710 1810 762 oportuit,

186 783 451 833 praevaluit
474 782 764 823 consuetudo
785 782 942 834 populi
962 788 1012 822 ut
1039 781 1250 832 sequenti
1271 780 1344 821 die
1366 781 1658 831 agitarentur
1675 781 1812 829 tauri,

185 863 227 894 ct
249 854 450 905 equites,
474 854 778 894 arundinibus
798 853 906 893 hinc
927 852 1033 892 inde
1053 851 1294 903 proJectis,
1324 851 1633 901 colluderent,
1664 852 1710 891 in
1736 851 1817 891 ho—

186 937 345 965 norem
368 924 528 965 Sancti
548 924 732 978 Jacobi;
756 929 802 964 et
818 923 935 964 haec
952 923 1107 963 omnia
1125 922 1279 974 quoad
1294 922 1462 962 festum
1478 921 1630 962 Divae
1647 921 1814 962 Annae

185 996 412 1037 duratura
431 1010 438 1036 :
463 995 592 1047 cujus
613 996 682 1036 rei
701 995 903 1035 maxime
923 994 1147 1045 poenituit
1168 993 1331 1034 Patres
1352 998 1538 1033 nostros
1555 1005 1612 1034 ac
1626 993 1813 1043 fratreS,

185 1078 238 1106 co
264 1068 514 1118 praecipue
535 1066 658 1118 quod
681 1064 988 1117 praecedente
1010 1064 1082 1105 die
1099 1063 1301 1115 jubilaeo
1322 1064 1508 1104 fuerunt
1528 1063 1625 1104 fere
1654 1075 1818 1104 omnes

186 1152 210 1176 a
233 1137 439 1188 peccatis
460 1137 621 1188 erepti.
645 1137 977 1178 Convenerunt
1003 1135 1187 1175 demum
1216 1140 1413 1186 quatuor
1442 1135 1606 1175 Patres
1628 1140 1678 1175 ut
1706 1135 1817 1175 totis

186 1208 361 1248 viribus
383 1214 666 1247 conarentur
687 1207 961 1247 exercitium
981 1206 1091 1245 illud
1112 1206 1351 1257 impedire,
1376 1212 1662 1257 acceptaque
1685 1218 1712 1246 a
1735 1206 1814 1246 mi-

184 1279 330 1319 nistro
351 1279 516 1319 domus
538 1278 822 1327 obedientia,
847 1283 1047 1329 quatuor
1076 1289 1135 1316 ex
1155 1276 1244 1316 illis
1276 1276 1322 1316 in
1348 1278 1551 1328 plateam
1581 1289 1630 1317 se
1659 1277 1815 1317 confe-

186 1356 316 1401 runt,
354 1361 550 1402 quorum
585 1349 761 1400 primus
792 1354 836 1388 et
863 1348 1073 1397 ultimus,
1106 1348 1242 1387 nudis
1273 1348 1504 1399 capitibus
1533 1354 1577 1387 et
1607 1348 1817 1399 pedibus,

186 1426 375 1471 guttura
396 1420 583 1460 funibus
601 1419 917 1469 circumdant;
941 1424 985 1458 et
1006 1419 1184 1470 primus
1205 1418 1459 1469 imaginem
1480 1418 1654 1459 Christi
1671 1419 1817 1458 cruci-

188 1492 266 1531 fixi
300 1491 502 1541 ferebat,
541 1490 877 1542 magnitudinis
912 1501 1006 1530 non
1041 1489 1267 1540 exiguae3
1304 1489 1491 1529 ultimus
1525 1501 1639 1529 vero
1677 1495 1819 1540 caput

188 1563 386 1602 hominis
407 1562 600 1613 mortui3
624 1560 887 1601 intermedii
907 1572 1021 1601 vero
1043 1560 1132 1600 duo
1154 1560 1279 1600 nuda
1301 1566 1435 1611 terga
1456 1560 1591 1600 nudis
1611 1560 1819 1600 brachiis

188 1633 512 1673 verberabant.
536 1632 859 1673 Pervenerunt
888 1632 1043 1683 itaque
1073 1631 1120 1671 in
1150 1632 1353 1682 plateam
1385 1642 1490 1670 cum
1519 1630 1696 1682 primus
1723 1637 1818 1671 tau-

188 1717 267 1744 rus
294 1704 499 1755 agitatus
520 1704 672 1744 fuerat
698 1709 742 1744 et
763 1704 994 1752 inclusus,
1029 1709 1073 1742 et
1100 1714 1153 1741 ea
1177 1701 1232 1741 de
1255 1713 1397 1741 causa
1416 1700 1511 1752 jam
1534 1713 1694 1742 omnes
1715 1714 1820 1742 con-

188 1782 415 1816 venerant
442 1781 537 1815 tam
570 1775 752 1815 incolae
787 1785 928 1825 quam
961 1773 1193 1823 extranei;
1230 1773 1322 1824 qui,
1347 1784 1451 1812 cum
1481 1779 1668 1812 nostros
1696 1773 1820 1813 vide-

190 1853 291 1886 rent
312 1847 507 1891 intrare,
532 1846 753 1886 commoti
773 1856 934 1885 omnes
956 1849 1211 1895 coeperunt
1240 1843 1425 1894 magnis
1454 1844 1650 1883 vocibus
1675 1849 1720 1883 et
1744 1854 1823 1893 ge-

190 1918 375 1957 mitibus
414 1917 784 1957 misericordiam
822 1917 1144 1965 conclamare;
1186 1921 1230 1955 et
1268 1926 1387 1954 unus
1427 1926 1486 1954 ex
1524 1921 1724 1966 quatuor
1762 1914 1823 1954 ibi

191 1989 344 2039 coepit
372 1988 666 2037 concionari,
700 1987 1073 2037 intrantibusque
1108 1985 1298 2036 reliquis
1328 1986 1528 2037 primum
1563 1985 1741 2035 vicum,
1779 1992 1823 2026 et

190 2059 375 2110 magnis
396 2058 589 2098 vocibus
611 2056 985 2097 misericordiam
1007 2056 1396 2106 acclamantibus,
1428 2055 1700 2107 compunxit
1730 2055 1822 2096 Do-

191 2130 342 2169 minus
378 2141 458 2168 cor
487 2127 729 2179 cujusdam
759 2127 1011 2178 aethiopis,
1043 2133 1088 2166 et
1114 2126 1271 2166 statim
1299 2127 1393 2176 ille,
1428 2126 1592 2166 iisdem
1626 2126 1824 2167 vocibus

192 2202 445 2252 implorans
468 2200 741 2249 Dominum,
765 2211 791 2239 a
813 2198 951 2238 Patre
972 2198 1157 2250 petebat
1189 2197 1263 2237 cui
1295 2197 1608 2247 confiteretur,
1643 2197 1824 2238 eodem-

192 2284 279 2323 que
300 2273 407 2323 igne
429 2271 653 2319 concitus,
678 2277 749 2310 ter
771 2276 995 2321 quaterve
1017 2268 1276 2318 Collegium
1296 2274 1508 2308 nostrum
1536 2269 1649 2308 adiit
1675 2269 1824 2309 donec

194 2342 505 2383 confiteretur.
531 2341 647 2382 Cum
678 2341 841 2392 reliqui
868 2340 1008 2380 etiam
1029 2340 1233 2391 plateam
1260 2339 1536 2389 intrassent,
1569 2339 1824 2380 innovatae

193 2420 299 2454 sunt
324 2424 466 2453 voces
495 2419 538 2452 et
568 2412 830 2463 lacrymae,
866 2416 1272 2462 perveneruntque
1303 2410 1362 2449 ad
1403 2410 1556 2450 locum
1591 2410 1745 2461 illum,
1778 2411 1825 2450 in

193 2497 281 2535 quo
304 2484 459 2524 Duces
481 2490 629 2533 erant,
653 2488 698 2522 et
721 2482 965 2522 multitudo
988 2481 1206 2532 equitum,
1232 2466 1281 2520 et·
1296 2481 1507 2520 tabulata
1526 2481 1822 2533 clericorum,

194 2556 345 2607 ibique
376 2555 680 2595 concionatus
712 2560 779 2593 est
808 2553 922 2593 alter
950 2563 1009 2591 ex
1036 2551 1257 2591 fratribus
1285 2562 1390 2591 cum
1416 2562 1588 2602 magno
1618 2551 1822 2602 fervore,

195 2626 540 2677 insurgentibus
562 2625 725 2665 crebro
747 2623 889 2663 totius
916 2622 1221 2663 multitudinis
1253 2622 1534 2662 clamoribus
1562 2623 1821 2664 misericor-

194 2698 318 2737 diam
354 2696 658 2747 implorantis.
690 2694 1063 2746 Lacrymabatur
1091 2693 1231 2733 etiam
1256 2692 1403 2733 Ducis
1431 2705 1551 2734 uxor
1586 2705 1692 2734 cum
1722 2695 1825 2735 reli-

195 2769 312 2819 quis,
339 2778 455 2818 quae
479 2767 689 2815 aderant,
715 2765 929 2805 dominis.
953 2763 1079 2804 Gens
1107 2764 1317 2815 tandem,
1351 2765 1558 2804 tabulata
1587 2765 1822 2817 deserens,

196 2839 416 2878 comitata
452 2844 518 2877 est
554 2838 655 2876 illos
688 2836 746 2876 ad
776 2847 860 2875 nos
889 2835 1154 2884 redeunteS‚
1184 2834 1340 2874 multis
1381 2835 1604 2886 lacrymis
1634 2836 1822 2887 ingemi-

196 2909 408 2960 natisque
443 2908 724 2948 clamoribus
760 2905 1129 2946 misericordiam
1164 2905 1441 2956 efflagitans.
1483 2905 1825 2947 Praecedentes

197 2987 350 3020 autem
386 2978 722 3019 multitudinem
767 2978 857 3017 duo
889 2976 1083 3027 juvenes
1119 2976 1177 3016 ad
1210 2983 1396 3016 nostros
1423 2985 1736 3028 pervenerunt
1777 2986 1826 3019 ut
