1987 3260
255 191 325 228 ‘266
766 191 991 227 LITTERAE
1017 201 1372 233 QUADRtMESTREs

261 287 484 338 venirent,
515 286 776 335 christiani,
806 286 948 336 pestis
979 286 1156 325 solebat
1184 286 1464 336 postliminio
1493 286 1731 325 civitatem
1762 286 1883 326 hanc

257 358 431 398 adoriri
453 370 508 398 ac
538 363 727 397 vastare
755 356 1070 406 atrocissime;
1096 356 1260 396 horum
1288 357 1479 396 Parrum
1509 356 1713 396 adventu
1741 357 1884 396 credi-

257 440 360 468 mus
380 428 635 479 depulsam.

335 499 422 539 Hic
445 510 558 538 vero
581 498 758 537 fructus
780 509 873 537 non
903 498 947 537 in
972 504 1131 537 nostro
1161 499 1309 537 solum
1339 499 1509 549 templo
1537 497 1773 549 provenit,
1806 497 1886 537 sed

257 570 315 609 ad
336 570 599 620 exemplum
619 575 830 608 nostrum
852 569 899 608 in
921 569 1133 608 omnibus
1160 568 1255 608 fere
1283 569 1491 608 ecclesiis
1519 568 1797 608 confitentur
1827 580 1882 609 ac

257 640 615 690 communicant,
636 640 673 678 si
686 651 778 678 non
791 639 984 689 singulis
999 639 1256 688 dominicis,
1277 645 1402 678 certe
1421 639 1466 678 in
1482 639 1611 679 festis
1628 639 1880 690 primariis.

255 710 370 751 Sunt
385 710 651 761 frequentes
671 711 917 760 generales
939 710 1269 760 confessiones,
1291 710 1337 749 in
1359 709 1524 761 quibus
1548 721 1779 749 summum
1797 709 1887 749 fru-

257 788 380 820 ctum
400 781 682 831 experimur,
702 781 765 820 ita
787 787 835 820 ut
858 781 935 820 vix
959 781 1097 819 homo
1119 780 1242 820 idem
1263 785 1549 830 agnoscatur
1571 786 1676 831 post
1693 790 1887 830 genera—

255 854 344 891 lem
365 851 705 891 confessionem
725 857 769 891 et
790 862 967 902 paucas
984 851 1349 891 communiones.
1369 850 1501 890 Adeo
1518 856 1643 890 totus
1661 851 1778 890 alius
1801 856 1883 890 est.

256 923 393 962 Faxit
415 921 629 962 Christus
649 928 698 961 ut
718 922 874 973 plures
905 922 1158 961 habeamus
1187 921 1427 972 operarios
1449 920 1763 971 confessores3
1788 932 1886 972 spe-

256 1005 413 1033 ramus
434 992 532 1032 fore
554 999 602 1032 ut
623 1005 715 1032 non
737 993 795 1032 ad
815 992 894 1032 300
915 999 1095 1033 tantum
1118 1004 1336 1032 numerus
1363 998 1608 1032 excrescat
1635 992 1889 1032 communi-

256 1064 480 1113 cantium,
505 1064 582 1115 qui
603 1075 823 1103 numerus
844 1063 930 1103 fuit
952 1063 1022 1103 his
1043 1062 1301 1113 Natalitiis,
1324 1062 1471 1114 major
1494 1068 1619 1102 certe
1643 1073 1781 1114 quam
1804 1074 1888 1113 pro

255 1146 448 1174 numero
469 1134 786 1184 sacerdotum,
810 1135 887 1185 qui
907 1134 982 1174 hic
1002 1134 1027 1172 4
1047 1140 1227 1174 tantum
1248 1145 1426 1182 sumus,
1460 1133 1540 1173 sed
1568 1133 1889 1173 incredibilem

256 1205 505 1257 quamdam
540 1216 784 1256 speramus
815 1205 997 1256 copiam
1033 1217 1087 1244 ac
1116 1205 1485 1255 magnitudinem
1512 1203 1813 1254 benignitatis
1841 1210 1887 1243 et

255 1276 436 1326 gratiae
456 1275 646 1315 Domini
667 1276 713 1315 in
734 1276 821 1315 hac
844 1276 1048 1315 civitate.
1074 1275 1201 1315 Haec
1223 1275 1319 1315 sere
1346 1281 1451 1315 sunt
1479 1286 1598 1326 quae
1630 1274 1685 1315 de
1716 1273 1883 1314 benefi-

255 1347 338 1386 ciis
374 1346 561 1386 Domini
595 1347 641 1386 in
678 1347 765 1386 hac
795 1346 1162 1397 congregatione
1193 1346 1391 1386 dicenda
1423 1351 1722 1386 succurrunt:
1761 1356 1885 1384 nunc

255 1429 368 1457 vero
390 1418 611 1457 nonnulla
633 1418 863 1468 attingam
884 1429 1017 1469 quae,
1041 1417 1128 1457 etsi
1143 1417 1190 1457 in
1205 1417 1524 1468 superioribus
1544 1416 1886 1464 contineantur,

255 1494 411 1528 tamen
439 1488 709 1528 nominatim
747 1494 1111 1528 commemorata
1141 1486 1363 1538 majorem
1394 1487 1439 1526 in
1467 1487 1654 1527 modum
1682 1486 1888 1526 animum

258 1559 316 1598 ad
337 1559 423 1598 Dei
445 1559 645 1609 gloriam
668 1559 867 1609 erigunt.

336 1630 417 1669 Est
438 1630 511 1669 vir
540 1630 729 1681 quidam
754 1629 940 1679 nobilis,
974 1629 1051 1680 qui
1075 1628 1171 1680 jam
1199 1628 1251 1668 20
1279 1628 1375 1668 fere
1403 1640 1551 1668 annos
1579 1628 1887 1668 concubinam

256 1701 380 1740 dorni
414 1701 640 1740 habuerat
668 1701 875 1751 impune,
909 1700 1138 1739 obstinate
1159 1706 1298 1751 atque
1320 1699 1435 1739 adeo
1458 1698 1636 1744 abiecte
1656 1698 1881 1750 perditus;

257 1772 332 1811 hic
353 1771 440 1811 Dei
461 1772 615 1822 gratia
635 1772 835 1822 primum
856 1776 924 1811 est
946 1783 1000 1810 eo
1022 1771 1294 1821 perductus,
1319 1777 1366 1810 ut
1390 1771 1515 1810 illam
1536 1781 1730 1810 uxorem
1751 1769 1885 1809 duce-

255 1848 340 1888 ret,
360 1841 525 1881 dehinc
547 1842 606 1881 ad
628 1843 894 1892 generalem
916 1841 1272 1890 confessionem;
1291 1852 1414 1881 nunc
1435 1841 1700 1892 frequenter
1718 1846 1762 1880 et
1779 1851 1886 1880 con-

255 1913 408 1952 fitetur
430 1918 473 1951 et
495 1913 822 1959 communicat,
843 1918 967 1952 totus
989 1919 1033 1951 et
1053 1912 1195 1951 animi
1217 1918 1260 1951 et
1282 1912 1439 1952 vultus
1461 1911 1695 1951 hilaritate
1715 1922 1882 1951 novus.

254 1984 290 2023 E
312 1981 500 2034 plebejis
521 1990 765 2034 praeterea
786 1983 811 2021 4
832 1983 1152 2022 concubinarii
1171 1982 1197 2021 8
1218 1994 1460 2031 annorum,
1485 1994 1603 2022 unus
1628 1982 1694 2033 12,
1720 1982 1886 2021 mulier

258 2065 348 2093 una
370 2054 627 2093 concubina
650 2054 910 2094 sacerdotis
935 2054 982 2093 13
1005 2064 1258 2103 annorum;
1283 2065 1443 2093 omnes
1460 2054 1526 2103 hi,
1556 2053 1747 2104 depulso
1774 2052 1886 2103 jugo

258 2123 508 2175 Sathanae,
529 2125 587 2164 ad
608 2125 813 2164 melioris
831 2125 954 2165 vitae
975 2124 1160 2174 frugem
1181 2124 1338 2164 divino
1361 2124 1533 2164 auxilio
1560 2123 1737 2164 redacti
1761 2129 1882 2163 sunt.

257 2195 504 2235 Praeterea
526 2206 631 2234 cum
653 2196 825 2246 alioqui
844 2195 1110 2247 frequentes
1130 2195 1323 2234 veniant
1341 2195 1399 2234 ad
1417 2194 1770 2243 confessionem,
1791 2193 1886 2245 jam

258 2278 285 2305 a
307 2266 462 2306 multis
483 2266 631 2317 annis,
651 2267 798 2306 variis
815 2266 987 2306 diaboli
1002 2266 1392 2305 machinamentis
1409 2277 1501 2305 non
1519 2265 1734 2316 confessi,
1754 2265 1800 2304 in
1816 2265 1888 2304 his

258 2343 415 2376 tamen
442 2342 536 2376 tres
565 2337 787 2376 eximiam
815 2336 1003 2376 Domini
1031 2337 1233 2387 gratiam
1262 2343 1368 2376 sunt
1395 2337 1588 2387 experti.
1622 2337 1775 2384 Unus,
1811 2337 1887 2387 qui

258 2414 353 2446 tres
375 2412 454 2446 aut
474 2406 499 2444 4
520 2419 682 2457 annos,
706 2406 932 2447 daemone
949 2408 1126 2458 plenus,
1146 2419 1229 2458 per
1247 2407 1459 2447 diversas
1475 2407 1692 2457 regiones
1711 2407 1888 2457 quaesi-

258 2477 325 2516 vit
346 2477 597 2525 inimicum,
621 2484 669 2516 ut
689 2489 851 2517 necem
872 2477 1030 2517 fratris
1051 2478 1097 2517 in
1119 2478 1240 2517 illius
1257 2478 1400 2518 caede
1416 2478 1733 2517 ulcisceretur.
1755 2476 1890 2517 Alius

260 2555 382 2588 totos
416 2559 563 2588 annos
597 2548 643 2587 15
671 2549 880 2588 exercuit
910 2549 1134 2599 capitales
1162 2549 1441 2589 inimicitias.
1473 2548 1656 2588 Tertius
1688 2554 1810 2588 totos
1839 2547 1892 2587 30

262 2630 408 2658 annos
435 2630 675 2670 nunquam
706 2619 810 2668 (nisi
839 2620 996 2665 semel)
1025 2619 1267 2659 confessus
1297 2619 1463 2659 fuerat.
1499 2619 1671 2669 Magna
1699 2619 1890 2670 spiritus

261 2695 330 2728 est
351 2689 573 2729 exultatio
595 2689 642 2728 in
671 2688 755 2728 X.0
780 2689 890 2741 Jesu
911 2695 1007 2729 tam
1027 2690 1197 2729 multas
1218 2690 1377 2729 videre
1399 2689 1685 2729 miserrimas
1708 2689 1889 2729 animas

262 2766 358 2798 tam
386 2765 545 2810 aperte
581 2772 608 2799 a
642 2759 861 2799 draconis
894 2759 1105 2800 faucibus
1134 2760 1335 2799 liberari.
1369 2760 1580 2810 Quinque
1607 2759 1815 2810 virgines
1844 2760 1891 2799 in

262 2830 546 2870 monasteria
567 2830 803 2881 virginum
832 2830 1072 2881 ingressae
1094 2837 1221 2881 sunt,
1246 2830 1329 2870 X.0
1348 2830 1459 2882 Jesu
1479 2841 1651 2880 sponso
1683 2841 1814 2870 suam
1846 2837 1890 2870 et

267 2901 580 2950 virginitatem
601 2907 644 2941 et
665 2901 811 2941 vitam
832 2901 1065 2941 devovere
1086 2906 1412 2952 proponentes.
1437 2901 1487 2941 In
1508 2901 1592 2951 his,
1614 2912 1718 2940 cum
1735 2901 1888 2952 gratia

263 2970 465 3017 Domini,
483 2971 726 3011 adhibetur
740 2985 764 3011 a
782 2972 915 3011 nobis
927 2982 1097 3022 magna
1117 2971 1305 3022 spiritus
1323 2971 1619 3021 examinatio,
1640 2977 1891 3022 antequam
