1987 3260
233 187 305 224 604
744 187 970 223 LirrEaAE
996 197 1350 229 QUADRIMESTREs

318 282 527 333 Quatuor
548 288 626 322 aut
648 282 847 333 quinque
869 282 1115 322 voluerunt
1137 283 1183 322 in
1203 281 1486 322 Societatem
1514 283 1719 333 admitti,
1754 296 1861 335 quo-

238 364 340 392 rum
362 364 502 392 unum
523 352 719 392 Romam
745 352 974 400 misimus;
1004 352 1169 404 reliqui
1195 358 1385 404 propter
1412 353 1642 404 quaedam
1667 353 1855 405 impedi-

238 430 393 463 menta
416 423 618 462 adscribi
634 434 727 462 non
747 428 1011 473 potuerunt.

317 494 365 533 P.
416 493 685 533 Ludovicus
731 493 1007 544 quibusdam
1053 494 1313 545 spiritualia
1357 495 1596 546 proposuit
1641 495 1863 534 exercita-

239 569 408 615 menta;
432 564 659 614 imprimis
681 563 866 603 cuidam
888 564 1044 615 equiti,
1068 564 1204 615 hujus
1224 564 1482 605 Florentini
1508 565 1654 605 Ducis
1682 571 1727 605 et
1756 565 1864 605 Car-

237 635 403 674 dinalis
427 635 639 674 Farnesii
659 634 796 674 valde
817 635 1049 686 familiari,
1075 635 1153 687 qui
1172 635 1218 675 in
1240 636 1326 686 his,
1349 636 1683 676 lachrimarum
1700 635 1821 676 dono
1838 648 1863 675 a

239 705 339 745 Deo
362 705 570 755 obtento,
602 711 780 745 tantum
808 706 1028 757 profecit,
1058 712 1107 746 ut
1134 706 1322 746 tandem
1348 706 1435 746 sibi
1461 706 1698 746 videretur
1733 707 1863 756 alter,

236 788 386 827 neque
407 776 492 815 sibi
514 776 600 815 soli
620 776 852 827 profuisse
874 777 989 817 satis
1008 783 1209 828 putaret,
1232 777 1322 816 nisi
1343 778 1445 817 aliis
1468 789 1650 829 quoque
1672 777 1730 817 ad
1750 777 1866 817 haec

238 847 463 886 exercitia
485 853 606 886 esset
627 847 942 887 incitamento.
966 847 1008 886 ls
1030 848 1153 887 enim
1172 848 1271 899 fuit,
1296 849 1374 899 qui
1403 849 1603 899 primam
1630 847 1867 888 Cardinali

237 917 465 957 Farnesio
499 918 646 957 suasit
681 924 729 957 ut
764 917 1029 969 hujusmodi
1063 918 1438 958 meditationibus
1472 931 1574 958 sese
1609 924 1862 958 exerceret.

239 988 371 1028 Alius
393 988 582 1039 quidam
603 988 734 1038 civis,
759 989 837 1039 qui
859 988 1072 1028 adversis
1097 988 1163 1029 ita
1186 989 1445 1040 angebatur
1472 995 1521 1029 ut
1549 989 1867 1029 molestiarum

238 1059 550 1109 magnitudini
571 1059 808 1099 videretur
835 1059 1158 1110 succumbere,
1191 1059 1248 1099 ab
1270 1059 1436 1099 eodem
1463 1060 1616 1111 equite
1644 1064 1688 1099 et
1714 1058 1867 1098 Patris

238 1129 466 1169 Ludovici
488 1130 842 1180 consuetudine,
866 1134 961 1169 tam
982 1129 1208 1180 frugifera
1236 1141 1375 1181 quam
1398 1128 1624 1180 jucunda,
1654 1141 1748 1170 non
1775 1141 1863 1169 me·

238 1200 457 1240 diocriter
478 1200 562 1240 fuit
585 1200 784 1252 adjutus.
807 1200 1060 1252 Postquam
1083 1206 1238 1240 autem
1258 1200 1307 1240 P.
1330 1200 1599 1241 Ludovicus
1618 1200 1774 1240 multis
1795 1212 1864 1240 ra-

236 1271 438 1311 tionibus
473 1271 811 1311 demonstravit
845 1271 1152 1312 christianum
1182 1271 1416 1311 hominem
1448 1271 1660 1312 adversis
1694 1271 1865 1311 incom-

238 1342 478 1393 modisque
499 1342 655 1392 frangi
676 1342 967 1382 debilitarive
989 1354 1082 1382 non
1109 1348 1344 1393 oportere,
1374 1342 1795 1393 exercitiorumque
1825 1342 1867 1381 ei

238 1413 463 1464 principia
499 1412 788 1463 degustanda
824 1413 968 1463 dedit,
1005 1413 1138 1464 quasi
1172 1425 1230 1453 ex
1263 1413 1660 1453 turbulentissima
1695 1418 1864 1463 tempe-

237 1489 358 1523 state
397 1484 442 1523 in
482 1484 913 1534 tranquillissimum
949 1490 1137 1536 portum
1175 1484 1421 1524 videbatur
1455 1483 1697 1523 adductus.
1739 1483 1864 1523 Idem

235 1566 377 1605 eques
415 1555 474 1594 ad
512 1555 953 1595 excellentissimum
992 1555 1171 1595 Ducem
1209 1555 1396 1606 scripsit
1441 1566 1637 1606 eumque
1676 1555 1864 1594 beatum

239 1626 522 1676 appellabat,
557 1626 680 1676 quod
705 1637 792 1665 nos
818 1626 990 1666 habere
1019 1632 1190 1677 posset.
1224 1626 1352 1665 Haec
1380 1631 1424 1665 et
1451 1625 1541 1665 alia
1566 1626 1700 1676 plura
1729 1635 1865 1675 argu—

237 1702 393 1735 mento
426 1708 527 1735 esse
548 1702 741 1747 possunt
759 1729 765 1747 ‚
800 1697 923 1748 quod
942 1708 1027 1736 nos
1049 1709 1104 1736 ac
1125 1696 1403 1737 Societatem
1425 1708 1483 1735 ex
1510 1695 1664 1735 animo
1685 1694 1862 1746 diligat.

317 1767 450 1817 Quod
489 1774 642 1806 autem
680 1767 739 1806 ad
778 1767 1093 1808 confessiones
1133 1767 1310 1818 attinet,
1339 1767 1387 1806 P.
1424 1767 1663 1818 Philippus
1694 1765 1719 1817 ¹,
1756 1778 1863 1806 nam

237 1836 285 1876 P.
309 1837 577 1877 Ludovicus
599 1839 700 1877 aliis
723 1839 846 1878 curis
867 1839 1126 1889 distinetur,
1151 1838 1196 1877 in
1218 1838 1290 1877 his
1316 1838 1558 1878 audiendis
1587 1849 1727 1889 saepe
1754 1838 1865 1877 mul-

236 1913 332 1947 tum
354 1914 622 1959 occupatur.
646 1908 695 1948 In
716 1909 787 1948 his
807 1909 1200 1959 Bacchanalibus,
1226 1909 1390 1960 quibus
1411 1908 1633 1948 mundani
1654 1908 1865 1948 homines

236 1979 553 2030 voluptatibus
589 1979 911 2030 involvuntur,
940 1980 1148 2030 plerique
1175 1979 1376 2020 confessi
1412 1979 1536 2031 apud
1562 1984 1749 2018 nostros
1778 1978 1864 2019 Eu-

236 2049 488 2089 charistiae
522 2049 879 2090 Sacramentum
919 2057 1229 2102 sumpserunt.
1270 2050 1383 2090 Item
1417 2051 1583 2090 mulier
1619 2049 1861 2101 quaedam,

236 2132 355 2171 quae
371 2132 453 2172 per
470 2132 688 2171 magnam
702 2121 827 2161 vitae
839 2127 1019 2173 partem
1032 2121 1403 2160 sordidissimum
1418 2127 1661 2172 quaestum
1673 2120 1861 2167 fecerat,

238 2202 447 2241 quaeque
478 2192 599 2231 intra
635 2191 898 2243 quindecim
925 2197 969 2231 et
996 2192 1167 2242 viginti
1201 2203 1348 2231 annos
1375 2191 1683 2231 confessionis
1711 2202 1862 2230 sacra-

240 2268 396 2301 mento
427 2262 736 2313 abstinuerat,
766 2263 953 2302 tandem
975 2263 1033 2302 ad
1054 2268 1199 2302 semet
1225 2274 1441 2311 reversa,
1472 2262 1593 2314 apud
1620 2261 1669 2301 P.
1698 2261 1864 2312 Philip<

240 2343 349 2382 pum
371 2333 722 2384 conscientiam,
747 2333 957 2384 deposita
977 2339 1279 2383 peccatorum
1298 2333 1412 2383 fece,
1433 2332 1728 2384 expurgavit.
1751 2331 1863 2371 Nec-

238 2414 332 2442 non
354 2402 549 2454 judaeus
577 2403 777 2454 quidam,
806 2415 888 2455 per
915 2404 1195 2455 baptismum
1223 2404 1269 2443 in
1297 2403 1484 2444 Christo
1507 2408 1711 2453 renatUS,
1742 2401 1864 2452 apud

241 2474 451 2513 eumdem
471 2473 658 2513 Patrem
680 2480 749 2513 est
771 2474 1026 2514 confessus.

319 2544 446 2584 Solet
468 2545 590 2584 idem
611 2544 659 2584 P.
690 2545 886 2596 singulis
914 2544 1282 2585 hebdomadibus
1309 2544 1455 2584 nostri
1482 2544 1650 2584 medici
1676 2543 1863 2583 domum

240 2614 367 2654 adire
398 2615 693 2666 omniumque
720 2616 840 2655 illius
874 2615 1078 2655 familiae
1112 2615 1429 2655 confessiones
1464 2615 1638 2664 audire,
1673 2614 1749 2665 qui
1784 2613 1863 2653 ali-

240 2684 424 2734 quando
454 2685 521 2724 sic
548 2692 848 2736 peccatorum
876 2685 1034 2726 dolore
1057 2691 1313 2736 tanguntur
1340 2690 1413 2735 ut,
1443 2690 1539 2724 tam
1566 2685 1697 2724 liberi
1724 2695 1862 2735 quam

241 2754 379 2802 servi,
403 2761 497 2794 tam
515 2756 673 2805 magni
689 2768 828 2806 quam
844 2756 993 2807 parvi,
1014 2755 1072 2795 ad
1089 2756 1324 2806 lacrymas
1341 2761 1631 2795 moveantur.
1651 2754 1862 2805 Exprimi

296 2934 305 2954 ¹
346 2935 393 2961 De
410 2936 470 2962 hoc
485 2936 575 2962 aliud
591 2936 672 2963 nihil
688 2937 837 2970 reperire
854 2937 963 2964 adhuc
986 2938 1154 2971 potuimus
1176 2937 1238 2964 nisi
1260 2945 1332 2964 cum
1357 2937 1458 2964 fuisse
1482 2938 1616 2964 natione
1639 2938 1784 2970 belgam.
1800 2935 1862 2962 Po·

246 2989 363 3013 LANCO,
381 2982 692 3016 Cl1r‹›u.,t.11,pag.
712 2985 773 3017 511,
790 2991 820 3010 n.
835 2984 896 3017 237,
912 2988 944 3010 ct
960 2992 1037 3018 pag.
1053 2984 1113 3017 512,
1131 2992 1161 3010 n.
1178 2984 1239 3010 241.
