1987 3260
224 183 295 221 738
734 180 960 218 LITTERAE
986 190 1342 221 QUADRIMESTRES

303 277 374 317 De
396 277 644 324 Valencia,
668 263 828 316 Ultimo
846 276 901 315 de
922 275 1103 325 Agosto
1129 274 1242 314 1552.

302 347 372 387 De
392 347 450 388 V.
474 346 523 386 P.
546 347 702 385 siervo
724 345 915 396 indigno
937 356 993 384 en
1014 345 1054 384 el
1072 343 1237 394 Senor,

1380 486 1594 526 GAMERO.

303 734 654 785 Superscrz'ptz'o
682 734 730 773 in
759 738 931 784 quarta
953 734 1165 784 pagina:
1186 708 1298 774 IIrTiS.
1321 733 1381 773 Al
1409 745 1518 786 muy
1546 735 1647 775 ΚΦ)
1676 747 1733 776 en
1760 736 1847 776 ΚΝ

218 805 377 856 padre,
401 805 441 844 el
460 811 527 855 pfl
549 810 752 844 maestro
779 804 968 855 Ignacio
989 804 1044 843 de
1065 804 1241 854 Loiola‚
1263 805 1497 855 preposito
1515 807 1706 856 general
1726 807 1782 847 de
1798 808 1844 846 la

220 911 476 961 Compafiia
493 910 548 950 de
568 876 666 950 ΙΙΪΙΞ
687 922 743 950 en
764 910 926 950 Roma.

298 981 391 1021 Pol
394 981 505 1021 anci
516 993 658 1021 mmm
669 993 683 1021 .·
701 980 934 1021 Valentia.

297 1051 429 1091 Alia:
451 1051 504 1102 Q.
533 1052 647 1092 1552.
672 1050 952 1102 Augti—Q.
978 1058 1021 1091 et
1043 1052 1099 1091 A.
1125 1051 1169 1091 S.

477 1274 757 1301 Praecedcntium
773 1274 912 1307 Joannis
928 1274 1075 1301 Gamero
1092 1275 1284 1302 litterarum
1307 1276 1415 1303 latina
1432 1277 1541 1303 versio
1560 1278 1579 1302 ¹.

984 1433 1080 1508 uiis

294 1621 526 1672 Perquam
547 1621 820 1662 Reverende
842 1622 888 1661 in
910 1621 1096 1662 Christo
1120 1622 1272 1661 Pater.

294 1691 457 1731 Gratia
478 1697 522 1731 et
542 1704 635 1743 pax
656 1692 844 1732 Domini
864 1693 1011 1733 nostri
1030 1692 1140 1745 Jesu
1161 1692 1334 1732 Christi
1357 1691 1590 1731 abundent
1616 1691 1659 1729 in
1689 1691 1832 1730 cordi-

214 1763 299 1803 bus
319 1762 507 1802 nostris.

293 1833 602 1884 Nequaquam
629 1839 805 1884 poter0‚
836 1833 935 1873 Κάρ
964 1834 1009 1873 in
1031 1834 1215 1874 Christo
1244 1832 1396 1883 Pater,
1416 1831 1588 1883 justam
1612 1831 1839 1871 rationem

216 1916 375 1944 eorum
412 1904 628 1952 reddere,
661 1915 778 1955 quae
807 1916 890 1955 per
924 1905 1104 1944 vicinos
1135 1909 1332 1955 quatuor
1362 1914 1544 1942 menses
1578 1902 1727 1942 nostri
1754 1901 1836 1941 Pa-

216 1981 312 2015 tres
334 1974 558 2015 fecerunt.
582 1974 811 2025 Quoniam
832 1974 1044 2014 detentus
1066 1974 1330 2025 theologiae
1361 1973 1546 2023 studiis,
1581 1973 1745 2023 quibus
1773 1972 1835 2011 in-

218 2045 399 2096 cumbo,
424 2051 468 2085 et
490 2045 625 2085 nimis
648 2045 821 2084 inscius
843 2051 887 2084 et
908 2045 1176 2096 imprudens
1196 2043 1331 2095 hujus
1348 2043 1568 2085 muneris,
1591 2054 1681 2093 quo
1698 2042 1834 2082 modo

214 2116 399 2167 fungor,
424 2116 737 2166 negligentius
759 2116 980 2155 curabam
1001 2116 1120 2155 scire
1142 2127 1260 2166 quae
1282 2114 1634 2165 diligentissime
1657 2119 1836 2164 oporte-

212 2194 281 2227 ret
321 2199 443 2227 nunc
478 2187 633 2226 scribi.
672 2186 827 2237 Quare
863 2185 1016 2226 danda
1050 2186 1161 2226 mihi
1196 2186 1353 2236 venia,
1386 2185 1423 2225 si
1453 2197 1544 2224 non
1575 2192 1669 2224 tam
1698 2184 1837 2223 rebus

211 2258 381 2308 multis,
401 2257 651 2297 Valentiae
669 2257 926 2296 ministerio
943 2256 1190 2297 Societatis
1208 2256 1445 2307 hucusque
1462 2255 1678 2306 peractis,
1697 2265 1842 2305 quam

213 2328 504 2368 obedientiae
523 2326 673 2378 jussui
694 2327 979 2367 satisfecero.

291 2397 619 2438 Confitentium
659 2404 702 2437 et
735 2396 1095 2437 Sacrosanctam
1130 2397 1473 2436 Eucharistiam
1514 2395 1842 2446 recipientium?

212 2468 379 2507 crescit
406 2468 453 2507 in
480 2468 578 2507 dies
606 2467 865 2518 multitudo,
897 2468 1012 2507 adeo
1043 2473 1091 2507 ut
1122 2473 1353 2518 cogantur
1382 2466 1589 2506 nonnulli
1626 2465 1682 2504 ad
1719 2465 1834 2505 alias

212 2539 433 2578 ecclesias
459 2549 508 2577 se
538 2538 769 2589 conferre,
802 2549 907 2577 cum
933 2538 1007 2578 hic
1036 2538 1223 2578 videant
1258 2544 1303 2577 et
1337 2548 1559 2587 magnum
1589 2547 1832 2576 numerum

212 2609 552 2648 confessionem
587 2609 958 2659 exspectantium
994 2615 1037 2648 et
1070 2620 1268 2660 parvam
1303 2608 1487 2659 copiam
1521 2607 1834 2651 sacerdotum,

211 2679 287 2729 qui
326 2686 392 2719 tot
438 2679 679 2719 audiendis
727 2680 840 2719 satis
888 2691 989 2719 esse
1036 2679 1228 2730 possint.
1280 2678 1576 2718 Glorificetur
1620 2678 1747 2717 Deus
1788 2677 1834 2717 in

214 2750 441 2789 omnibus.

288 2819 516 2870 Tempore
537 2819 855 2869 pomeridiano
877 2820 922 2858 in
942 2819 1220 2860 Sanctorum
1241 2819 1587 2860 celebritatibus
1614 2826 1659 2858 ct
1691 2818 1835 2858 domis

264 2975 273 2995 1
315 2976 560 3009 Autographae
576 2983 675 3003 manu
691 2977 794 3010 ipsius
808 2976 946 3009 joannis
961 2977 1107 3004 Gamero
1124 2978 1155 3004 in
1172 2978 1250 3004 solio
1266 2978 1388 3012 duplici
1404 2986 1433 3004 n.
1448 2977 1510 3006 223.
