1987 3260
839 186 921 223 AN.
953 186 1038 222 1551
1684 182 1759 220 305

133 281 230 320 siae
252 286 526 331 suggestum
546 286 784 332 tamquam
806 282 1044 334 proprium
1075 280 1161 320 sibi
1194 279 1472 329 vindicaret,
1502 279 1601 319 fore
1631 291 1753 319 asse-

132 350 340 390 rentibus
359 357 423 400 ut,
447 362 505 390 ex
525 349 622 402 ejus
638 352 984 403 praedicatione
1002 357 1046 391 et
1062 350 1291 400 doctrina,
1312 360 1483 400 magna
1501 361 1754 400 consequa-

133 427 205 460 tur
227 420 488 461 animarum
515 421 690 461 utilitas
720 428 764 462 ct
791 423 969 473 gloriae
1001 421 1145 461 divini
1170 420 1370 460 nominis
1397 420 1752 469 incrementum;

133 503 330 542 quorum
368 497 531 531 sancto
567 493 664 532 zelo
700 499 742 532 et
778 493 1025 533 devotione
1061 497 1344 535 commotus.
1382 502 1498 530 onus
1532 490 1755 541 suscepit,

134 568 270 613 atque
292 562 439 601 tribus
461 562 621 602 diebus
638 563 896 613 dominicis,
925 576 952 603 a
969 562 1326 603 Resurrectione
1348 561 1553 611 Domini,
1576 560 1755 611 praedi-

135 633 260 672 cavit
281 643 452 683 magna
474 644 579 673 cum
602 633 859 673 eruditione
881 646 936 673 ac
957 633 1143 673 fervore
1165 632 1368 684 spiritus.
1392 631 1443 671 In
1465 644 1519 671 ea
1541 631 1756 680 ecclesia,

135 702 442 754 quorumdam
462 704 766 755 probatorum
788 705 1022 744 hominum
1043 704 1254 744 instituta
1272 708 1341 743 est
1358 703 1573 751 societas,
1599 713 1652 742 eo
1669 701 1759 741 fine

135 780 178 814 et
197 774 377 824 intuitu,
402 780 450 813 ut
471 775 650 825 puellae
671 786 727 814 ac.
749 775 958 825 virgines
979 775 1219 825 orphanae
1238 774 1284 813 in
1305 773 1652 813 matrimonium
1670 773 1760 812 col—

135 846 366 884 locentur:
391 856 481 895 qua
511 850 667 884 erecta
699 857 754 885 ac
783 845 989 896 firmata,
1015 844 1269 885 Doctorem
1295 850 1507 884 nostrum
1538 843 1601 883 1111
1627 854 1760 894 prae-

135 915 208 955 fici
228 916 497 965 voluerunt,
527 915 590 955 ita
617 922 666 955 ut
687 915 800 955 nihil
824 916 869 955 in
895 928 950 956 ea
982 922 1202 966 ageretur
1228 921 1307 955 aut
1336 914 1630 955 ordinaretur
1660 914 1760 953 sine

135 986 329 1036 praevio
352 986 497 1036 ipsius
519 986 727 1037 consilio,
751 998 841 1037 quo
865 987 936 1026 vel
957 986 1023 1026 sic
1046 987 1148 1036 pios
1170 997 1331 1026 omnes
1348 985 1498 1036 magis
1512 985 1762 1025 incitarent

135 1056 194 1096 ad
229 1056 495 1107 erogandas
530 1058 874 1108 eleemosynas,
912 1057 1087 1108 totique
1122 1057 1291 1108 populo
1318 1057 1498 1107 plenius
1524 1055 1763 1095 satisfacc-

135 1133 260 1177 rent,
284 1139 390 1167 cum
418 1127 476 1167 ad
505 1127 710 1166 omnium
741 1127 918 1166 scilicet
944 1127 1161 1167 notitiam
1187 1127 1476 1178 pervenisset
1506 1126 1763 1166 Doctorem

136 1198 309 1238 Torres
335 1198 442 1237 huic
471 1198 682 1237 instituto
710 1197 884 1248 favere,
916 1204 959 1237 et
986 1198 1100 1237 nihil
1132 1198 1178 1238 in
1205 1209 1260 1237 eo
1283 1198 1480 1247 transigi
1509 1208 1646 1248 posse
1673 1197 1763 1236 nisi

138 1269 282 1320 ipsius
303 1268 577 1319 interposita
599 1268 901 1308 auctoritate:
925 1269 1079 1319 itaque
1109 1267 1363 1308 Doctorem
1398 1268 1566 1308 obnixe
1592 1274 1762 1318 rogant

137 1346 182 1379 et
217 1340 509 1379 obtestantur
539 1345 587 1379 ut
622 1344 718 1378 tam
752 1339 879 1389 pium
912 1339 1120 1379 laborem
1158 1338 1166 1357 ¹
1203 1339 1357 1379 subire
1392 1351 1485 1378 non
1518 1346 1761 1389 gravetur;

140 1421 338 1462 quorum
360 1416 455 1449 tam
472 1408 595 1460 justo
617 1410 806 1461 cognito
834 1409 1064 1450 desiderio
1086 1410 1114 1456 ²¹,
1144 1411 1437 1462 provinciam
1462 1411 1665 1461 suscepit
1686 1410 1760 1450 do-

137 1493 223 1521 nec
244 1481 299 1521 de
320 1482 560 1520 voluntate
582 1493 636 1520 ac
657 1481 947 1532 beneplacito
969 1480 1269 1520 Paternitatis
1288 1488 1395 1521 tuae
1424 1482 1595 1521 certior
1611 1481 1763 1522 factus

136 1552 296 1603 fuerit3
333 1552 491 1602 sicque
527 1551 763 1591 decretum
793 1558 862 1592 est
893 1557 957 1603 ut,
990 1552 1370 1603 quotiescumque
1406 1553 1764 1593 celebrabuntur

140 1623 330 1674 nuptiae
362 1622 592 1662 dictarum
619 1623 899 1673 puellarum,
932 1622 1030 1674 ipse
1059 1623 1333 1662 concionem
1359 1622 1543 1663 habeat.
1571 1623 1762 1663 Concio-

139 1699 277 1733 natus
298 1699 366 1732 est
387 1693 528 1733 etiam
548 1693 597 1733 P.
621 1693 831 1744 Baptista
852 1693 899 1733 in
920 1693 1010 1733 alia
1032 1694 1249 1743 ecclesia,
1274 1705 1392 1745 quae
1416 1693 1550 1744 juxta
1577 1694 1765 1734 scholas

138 1764 467 1805 Universitatis
488 1764 575 1804 sita
598 1770 688 1814 est,
712 1764 848 1815 idque
869 1775 1042 1814 magno
1072 1776 1177 1804 cum
1203 1764 1389 1804 fervore
1424 1771 1468 1805 et
1498 1765 1759 1815 devotione,

138 1835 196 1875 ad
232 1847 369 1886 quem
393 1835 524 1874 multi
551 1841 887 1875 concurrerunt
914 1840 1010 1874 tam
1040 1835 1169 1875 cives
1197 1847 1337 1886 quam
1371 1836 1630 1886 scholares,
1667 1841 1766 1876 tam

138 1906 358 1957 vulgares
379 1918 434 1944 ac
454 1904 620 1956 plebeji
640 1917 778 1956 quam
802 1906 981 1945 nobiles
1001 1918 1056 1945 ac
1083 1906 1314 1956 generosi.
1346 1905 1581 1956 Quantum
1609 1912 1766 1947 autem

138 1988 368 2028 quamque
389 1976 579 2016 uberem
597 1975 799 2015 fructum
821 1976 1059 2016 attulerint
1088 1977 1337 2016 conciones
1358 1976 1371 1995 ⁵
1393 1977 1440 2016 Ρ.
1471 1977 1690 2017 Doctoris
1721 1984 1765 2017 et

140 2048 378 2098 Baptistae
400 2045 428 2096 ⁴,
453 2046 673 2097 colligere
693 2053 762 2087 est
783 2057 842 2086 ex
862 2046 1154 2086 multitudine
1170 2053 1214 2087 et
1235 2047 1494 2098 frequentia
1515 2054 1612 2087 tum
1633 2049 1764 2088 scho-

138 2118 430 2167 lasticorum,
468 2129 665 2168 quorum
700 2117 832 2156 multi
864 2116 1049 2156 fuerunt
1084 2118 1269 2168 generis
1303 2119 1517 2158 claritate
1544 2119 1762 2168 illustres,

139 2195 236 2228 tum
256 2189 398 2228 etiam
426 2189 624 2228 aliorum
650 2188 891 2227 hominum
916 2188 993 2239 qui
1025 2188 1112 2227 hac
1142 2188 1503 2239 quadragesima
1531 2189 1656 2229 domi
1687 2202 1765 2230 no-

139 2266 264 2300 strae
286 2259 488 2299 confessi
511 2264 637 2309 sunt,
664 2270 859 2310 quorum
881 2265 1038 2299 tantus
1067 2259 1153 2299 fuit
1181 2271 1438 2300 concursus
1466 2266 1536 2310 ut,
1566 2261 1675 2300 licet
1696 2272 1762 2300 se—

139 2336 264 2382 ptem
300 2336 455 2369 essent
495 2329 763 2369 sacerdotes
803 2329 879 2381 qui
913 2330 1231 2370 confessiones
1269 2330 1507 2381 audirent,
1551 2331 1766 2372 omnibus

138 2409 293 2441 tamen
314 2400 529 2440 satisfieri
550 2399 738 2439 minime
759 2401 981 2451 potuerit,
1005 2401 1347 2452 praetermissis
1369 2399 1383 2418 ⁵
1404 2401 1545 2441 etiam
1565 2402 1763 2442 mulieri-

138 2473 243 2521 bus,
273 2483 471 2523 quarum
496 2471 807 2522 paucissimae
843 2470 1094 2511 admodum
1128 2471 1361 2511 admissae
1389 2478 1516 2522 sunt;
1548 2479 1592 2512 et
1620 2472 1676 2512 ab
1710 2484 1765 2512 eo

137 2550 346 2594 tempore
367 2548 433 2582 tot
455 2547 582 2591 sunt,
607 2541 684 2593 qui
712 2542 908 2592 singulis
940 2542 1101 2583 diebus
1131 2542 1374 2582 dominicis
1407 2543 1686 2583 confitentur
1720 2552 1764 2584 et

140 2613 507 2662 communicant,
551 2618 599 2652 ut
634 2618 832 2663 quatuor
867 2614 942 2653 vel
978 2613 1178 2664 quinque
1213 2614 1509 2664 sacerdotes,
1553 2614 1611 2654 ab
1646 2614 1761 2654 hora

198 2748 207 2766 ¹
246 2746 496 2774 Maximilianus
511 2747 707 2780 scripserat:
723 2750 758 2774 ut
776 2748 1008 2782 tamy'ustum,
1022 2748 1288 2782 aequumjzcxta
1305 2756 1344 2775 ac
1358 2749 1449 2782 pium
1464 2749 1583 2776 oneris
1602 2749 1764 2776 laborem.

139 2793 198 2820 sed
213 2793 438 2821 redundantia
455 2795 561 2821 verba
576 2794 712 2821 sustulit
728 2794 904 2822 Polancus.

193 2841 207 2859 2
247 2840 323 2868 Post
334 2842 477 2868 verbum
489 2842 665 2868 desiderio
676 2841 803 2869 delevit
815 2842 982 2869 Polancus
994 2843 1088 2870 haec:
1100 2844 1327 2877 petentihuas
1339 2844 1465 2870 annuit
1479 2844 1764 2878 impositamque3

194 2889 207 2907 ⁵
244 2888 492 2915 Maximilianus·
509 2889 642 2916 dixerat
657 2896 848 2916 sermones.

193 2937 207 2955 4
245 2935 278 2962 P.
292 2935 437 2968 joannes
453 2935 608 2969 Baptista
624 2936 785 2963 Sanchez.

195 2982 208 3001 5
245 2982 435 3017 Scripserat
452 2982 702 3011 Maximilianus
718 2985 867 3019 rejecti&

330 3040 378 3078 T.
410 3052 436 3078 1.
1533 3058 1577 3080 20
