1987 3260
917 159 1005 197 ΑΝ.
1032 159 1125 197 1552
1765 161 1829 197 711

208 261 349 296 retur.
374 255 557 307 Quanta
580 257 721 297 animi
743 257 1004 297 constantia
1025 262 1069 297 et
1090 255 1320 308 intrepido
1338 256 1467 296 vultu
1483 261 1527 296 et
1543 257 1717 308 absque
1738 258 1833 297 ullo

209 338 445 368 murmure
465 328 782 368 acutissimam
802 327 977 368 febrem
1001 327 1166 378 viginti
1186 327 1284 367 dies
1304 338 1472 378 passus
1493 327 1574 378 sit,
1597 338 1733 367 nemo
1755 339 1833 367 no-

208 403 353 438 strum
375 403 443 438 est
465 398 541 449 qui
561 398 759 447 nesciat,
788 399 928 438 immo
946 398 1025 450 qui
1051 409 1145 438 non
1172 397 1347 437 intimis
1375 397 1518 438 animi
1543 398 1833 449 praecordiis

207 469 347 508 talem
367 468 453 508 sibi
473 475 670 509 mortem
691 469 847 521 eligat.
871 468 1162 509 Decreverat
1184 468 1258 508 ille
1278 468 1401 508 bona
1423 479 1507 509 sua
1528 467 1750 509 Societati
1771 474 1831 508 te—

207 545 436 579 stamento
457 540 638 591 legare;
660 541 741 580 sed
763 541 919 581 nescio
941 541 1043 592 quis
1063 541 1251 591 linguae
1268 539 1459 579 morbus
1476 539 1711 580 hominem
1732 551 1832 580 cor-

206 609 345 660 ripuit
366 609 482 650 adeo
503 617 551 650 ut
573 611 709 651 unico
731 611 803 651 die
824 612 1010 662 linguae
1032 610 1231 651 officium
1252 610 1473 650 amiserit.
1496 609 1606 662 Ejus
1629 610 1830 651 animam

207 680 422 729 precibus
443 681 614 721 vestris
635 681 1032 722 commendamus.

287 750 485 801 Quidam
520 752 740 792 sacerdos
770 752 993 804 hispanus
1020 752 1243 793 exercitia
1271 752 1468 803 expetit;
1496 751 1535 792 si
1563 760 1831 803 perseveret

208 821 424 861 voluntas
445 821 564 873 ejus,
587 822 706 863 forte
727 823 1191 863 communicabuntur
1220 823 1301 863 illi.-
1332 822 1532 874 Quidam
1559 823 1677 863 alius
1703 822 1831 874 juve—

206 892 276 931 nis
299 892 460 943 optimi
487 879 686 943 ingenii,
717 900 766 934 ut
793 894 1045 934 absolverit
1074 894 1303 945 quaedam
1331 894 1589 944 negotiola,
1620 893 1832 934 facturus

205 974 386 1014 quoque
408 969 477 1003 est
498 964 596 1014 ipse
616 964 856 1004 exercitia.

284 1033 407 1073 Fieri
427 1045 520 1073 non
540 1040 692 1085 potest
712 1041 762 1074 ut
783 1035 891 1075 hinc
913 1036 1076 1075 abeam
1105 1036 1279 1087 absque
1305 1036 1559 1076 multorum
1589 1036 1827 1087 lacrymis.

205 1103 377 1143 Omnes
397 1115 470 1144 me
490 1105 690 1145 retinere
711 1112 945 1156 satagunt.
969 1106 1026 1146 Et
1047 1106 1234 1157 quidam
1256 1106 1566 1146 moliebantur
1587 1107 1830 1147 retardare

203 1174 460 1215 discessum
480 1186 648 1226 meum,
672 1176 910 1227 cupientes
931 1176 990 1216 ad
1011 1182 1055 1216 te
1077 1177 1280 1217 scribere
1301 1177 1389 1216 hac
1411 1177 1467 1217 de
1490 1189 1554 1227 re,
1578 1178 1670 1217 nisi
1690 1176 1829 1217 dixis-

202 1255 300 1284 sem
321 1257 394 1285 me
415 1246 552 1285 citius
573 1247 681 1286 hinc
703 1247 936 1287 abiturum
958 1259 1097 1298 quam
1118 1259 1280 1287 eorum
1301 1247 1482 1287 litterae
1508 1247 1707 1288 Romam
1727 1260 1826 1299 per-

201 1316 401 1355 venient.
427 1315 594 1362 Omnia
616 1317 715 1367 hic,
739 1318 839 1357 Deo
868 1317 1004 1367 duce,
1035 1324 1142 1358 sunt
1169 1318 1339 1369 optime
1371 1319 1568 1368 digesta.
1602 1319 1829 1359 Triticum

201 1386 289 1426 emi
310 1398 394 1438 pro
417 1399 539 1427 anno
561 1394 604 1427 et
626 1387 786 1427 vinum
806 1400 890 1438 pro
912 1389 1264 1439 quatuordecim
1285 1389 1539 1439 mensibus,
1564 1389 1654 1429 nisi
1680 1389 1829 1440 major

200 1456 278 1497 fiat
311 1470 552 1508 numerus;
588 1459 717 1509 ligna
744 1464 788 1498 et
815 1459 1042 1498 carbones
1071 1471 1154 1510 pro
1189 1471 1333 1509 anno,
1367 1471 1534 1499 carnes
1564 1460 1714 1500 salsas
1744 1472 1828 1511 pro

199 1540 336 1568 anno,
361 1527 587 1580 Relinquo
608 1529 832 1580 pecunias
854 1528 1080 1580 Magistro
1101 1529 1355 1569 Paschasio
1389 1529 1420 1580 ¹,
1445 1531 1483 1569 si
1514 1531 1629 1570 bene
1661 1543 1828 1582 expen-

200 1599 388 1650 dantur,
413 1611 497 1651 pro
519 1611 664 1650 anno;
690 1600 872 1651 copiam
894 1600 1118 1640 librorum
1138 1611 1359 1651 magnam
1381 1601 1427 1640 in
1449 1601 1707 1651 theologia,
1731 1602 1826 1652 phi-

200 1670 411 1720 losophia
434 1676 478 1710 et
499 1670 852 1710 humanioribus
872 1671 1057 1721 litteris,
1082 1683 1198 1721 quae
1220 1683 1313 1711 non
1334 1678 1402 1711 est
1424 1678 1696 1723 comparata
1726 1684 1830 1711 cen-

199 1746 295 1780 tum
316 1741 654 1792 quinquaginta
676 1742 829 1781 aureis
851 1742 1100 1786 solaribus:
1131 1743 1463 1793 supellectilem
1493 1743 1677 1793 domus,
1710 1755 1827 1794 quae

199 1810 394 1851 sufficiat
424 1812 688 1862 quindecim
716 1819 793 1852 aut
821 1812 1056 1852 sexdecim
1084 1813 1359 1853 hominibus.
1390 1814 1529 1853 Faxit
1557 1814 1685 1853 Deus
1716 1814 1826 1864 opti-

199 1893 301 1921 mus
336 1882 569 1922 maximus
603 1889 666 1932 ut,
703 1888 876 1922 statuto
906 1889 1113 1935 tempore
1150 1884 1206 1923 ab
1239 1884 1515 1930 obedientia,
1553 1884 1659 1924 hinc
1687 1896 1828 1924 sanus

198 1953 377 2002 abeam,
402 1959 480 1992 aut
509 1953 692 2002 saltem,
723 1960 943 2003 aegrotus
965 1954 1232 2002 discedens,
1266 1955 1513 1995 sanitatem
1541 1955 1664 1994 aeris
1682 1962 1826 1994 muta-

197 2023 321 2062 tione
343 2023 565 2074 consequi
587 2024 776 2074 possim.

276 2093 394 2133 Vale
416 2093 461 2132 in
482 2093 682 2133 Domino
703 2094 834 2146 Jesu,
858 2094 957 2133 Κάρ
986 2094 1143 2141 Pater,
1165 2101 1207 2134 et
1225 2096 1371 2135 nostri
1389 2097 1452 2135 sis
1469 2108 1645 2136 memor
1661 2097 1707 2135 in
1725 2108 1830 2135 ora-

200 2164 403 2203 tionibus
424 2164 528 2204 tuis,

274 2235 509 2285 Lutetiae,
539 2235 584 2273 15
604 2234 709 2287 Julii
738 2234 851 2274 1552.

278 2305 330 2345 R.
355 2305 404 2345 P.
428 2305 479 2345 T.

275 2376 498 2426 Indignus
522 2376 566 2414 in
590 2375 778 2415 Christo
802 2375 937 2425 filius,

867 2481 1074 2533 λΙοΑῑκῑΝιΞς
1095 2483 1325 2522 BAPTJsTA
1356 2483 1611 2524 VIOLAEUS.

276 2660 644 2711 Superscm'ptz'o:
666 2661 764 2700 R.<10
791 2662 836 2701 in
858 2660 995 2702 Chro.
1021 2662 1147 2701 Patri
1177 2662 1295 2702 Dno.
1328 2663 1509 2713 Ignatio
1539 2663 1594 2703 de
1628 2665 1822 2716 Loyola,

195 2731 466 2782 Praeposito
489 2731 707 2771 Generali
728 2732 974 2772 Societatis
996 2733 1114 2772 nois.
1137 2733 1260 2784 Jesu.
1282 2733 1472 2774 Romae.

275 2802 423 2841 ilsamt
459 2802 508 2853 J.
548 2803 638 2842 Plz.
688 2803 804 2842 I't'to:
837 2804 986 2856 Jesus.
1029 2803 1142 2843 1552.
1180 2804 1384 2855 Pariggi.
1423 2804 1493 2845 De
1526 2805 1587 2845 M.
1625 2806 1818 2847 Battista

194 2873 348 2922 Viola,
372 2873 431 2912 Di
458 2873 504 2912 15
526 2873 572 2913 di
592 2873 727 2926 Julio.

250 2961 256 2979 ¹
300 2961 333 2986 P.
349 2961 553 2987 Paschasius
570 2961 683 2988 Broc-t.
700 2961 785 2988 Vide
802 2961 948 2988 Forma
967 2961 1100 2994 Cltron„
1116 2967 1185 2995 t.11,
1203 2970 1231 2989 n.
1248 2963 1308 2992 -100,
1328 2971 1402 2997 pag.
1418 2964 1479 2990 505.
