1987 3260
817 161 900 198 Ax.
932 160 1018 197 1551
1662 159 1728 197 301

105 258 245 299 vertit
272 257 388 298 duos
415 269 473 296 ex
500 257 720 296 fratribus
747 257 919 296 nostris
941 257 1369 308 appropinquantes
1391 262 1439 295 ut
1477 257 1728 302 solverent,

104 339 224 380 quos
244 328 318 368 ille
338 339 549 368 seorsum
569 339 763 375 yocans:
785 326 1003 379 numquid
1029 339 1121 367 non
1141 327 1253 366 estis
1284 338 1308 366 e
1335 325 1567 367 Societate
1593 327 1732 379 Jesu?

109 399 194 440 Ubi
215 409 312 438 rem
334 398 397 438 ita
418 409 519 438 esse
534 398 774 449 comperit,
794 409 886 437 non
904 397 1111 449 permisit
1127 403 1176 437 ut
1193 397 1443 447 solverent,
1465 397 1576 448 quin
1594 397 1733 436 etiam

109 470 153 509 in
174 469 436 509 cubiculum
457 480 591 508 suum
612 469 757 516 duxit,
781 469 856 508 ubi
878 468 1090 519 promisit
1112 478 1295 508 omnem
1317 479 1509 518 operam
1530 479 1677 507 suam.

187 539 291 579 Duo
312 539 433 586 laici,
458 539 675 590 conjugio
697 539 915 589 copulati,
940 539 1204 578 habitantes
1234 537 1331 577 fere
1354 538 1400 578 in
1421 538 1584 578 ultima
1606 538 1735 578 urbis

109 617 254 661 parte,
279 621 361 660 per
381 621 555 649 annum
583 610 778 660 singulis
806 610 966 649 diebus
995 609 1242 649 dominicis
1273 609 1331 648 ad
1362 620 1447 648 nos
1475 608 1736 648 confessuri

108 687 301 732 peccata
323 693 407 721 sua
428 681 672 727 accedunt,
697 681 861 732 quibus
883 687 927 720 et
948 685 1297 720 sacramentum
1314 679 1640 719 Eucharistiae
1659 679 1735 719 ad-

109 751 414 791 ministratur.
437 751 612 792 Eorum
633 763 753 792 unus
774 752 838 791 ait
868 764 937 801 se,
964 751 1020 791 ab
1049 751 1213 790 eodem
1240 757 1473 802 tempore,
1498 761 1588 801 quo
1615 749 1738 790 hunc

109 822 298 862 vivendi
319 821 506 862 modum
533 833 786 872 aggressus
814 828 904 871 cst,
936 821 1052 861 adeo
1085 821 1130 861 in
1158 832 1207 861 se
1238 821 1465 861 nutritum
1486 821 1738 872 patientiae

108 893 322 943 spiritum
343 898 406 942 ut,
432 893 509 944 qui
530 892 639 933 olim
660 904 764 933 cum
786 903 931 932 uxore
958 904 1043 932 sua
1071 903 1253 943 semper
1275 891 1455 932 discors
1472 897 1595 942 erat,
1616 903 1739 931 nunc

109 964 166 1002 sit
188 963 246 1002 ad
268 964 523 1003 maximam
542 963 761 1003 redactus
783 963 1102 1003 concordiam.

186 1033 354 1085 Opinio
375 1040 445 1074 est
466 1035 717 1074 multorum
737 1040 847 1073 tunc
869 1045 1037 1074 nomen
1054 1033 1304 1074 Societatis
1320 1038 1509 1073 nostrae
1527 1033 1733 1073 futurum

107 1106 153 1145 in
174 1106 262 1145 hac
283 1105 523 1145 academia
547 1105 743 1155 celebre,
767 1116 871 1144 cum
893 1105 1058 1154 aliquis
1080 1117 1138 1144 ex
1160 1105 1251 1153 illa,
1277 1104 1350 1144 vir
1367 1104 1470 1155 pius
1490 1110 1535 1144 et
1552 1103 1734 1153 doctus,

108 1183 185 1215 aut
221 1176 576 1216 concionabitur
611 1181 689 1215 aut
725 1176 861 1225 leget,
900 1187 1009 1215 nam
1044 1175 1153 1226 quid
1180 1187 1264 1215 nos
1294 1175 1340 1215 in
1369 1180 1499 1215 tanto
1526 1175 1737 1215 virorum

109 1247 394 1286 cruditorum
416 1252 551 1286 coetu
571 1247 840 1297 possumus?

190 1317 462 1368 Quemdam,
500 1317 577 1368 qui
612 1317 924 1356 anathematis
953 1317 1096 1367 nodo,
1135 1317 1382 1357 intervallo
1419 1317 1622 1368 quinque
1658 1322 1738 1355 aut

107 1399 192 1427 sex
226 1398 475 1436 annorum,
501 1387 936 1438 constringebatur,
971 1399 1075 1427 cum
1099 1387 1299 1427 adverso
1334 1387 1739 1427 reconciliabimus

110 1459 294 1498 homine
316 1459 710 1510 absolutionisque
732 1458 1007 1498 beneficium
1029 1459 1071 1498 ei
1092 1459 1364 1498 curavimus
1385 1459 1603 1510 impendi.

194 1529 420 1580 Plerique,
445 1541 642 1580 quorum
662 1530 852 1569 nomina
875 1529 933 1569 ad
954 1535 997 1569 te
1027 1529 1289 1579 transmisi,
1314 1529 1483 1569 obnixe
1512 1541 1583 1569 me
1605 1540 1739 1579 roga-

114 1607 232 1650 runt,
253 1607 301 1640 ut
318 1606 361 1640 te
379 1611 461 1651 per
477 1611 645 1640 nomen
662 1600 852 1639 Domini
868 1600 1025 1640 Nostri
1041 1600 1152 1652 Jesu
1170 1599 1346 1641 Christi
1363 1600 1673 1650 obsecrarem,
1692 1606 1740 1639 ut

115 1672 216 1710 illos
243 1677 287 1711 et
316 1671 579 1711 orationum
606 1678 649 1711 et
677 1671 889 1711 laborum
918 1677 961 1711 et
992 1671 1199 1711 omnium
1229 1671 1459 1711 bonorum
1494 1671 1741 1710 universae

113 1741 359 1782 Societatis
386 1750 594 1792 nostrae,
625 1748 863 1793 tamquam
898 1742 1141 1782 Praelatus
1172 1741 1270 1793 ejus
1301 1741 1566 1792 GeneraliS,
1597 1742 1742 1781 velles

114 1813 211 1853 fieri
237 1813 507 1864 participes,
539 1820 583 1853 et
608 1812 743 1864 hujus
769 1813 834 1853 tui
860 1825 1080 1853 assensus
1108 1813 1288 1853 litteras
1323 1813 1382 1853 ad
1410 1825 1489 1853 eos
1516 1813 1740 1862 mittereS‚

114 1884 434 1934 promittentes
465 1897 513 1924 se
542 1896 726 1936 quoque
756 1890 902 1924 totam
930 1885 1348 1935 congregationem
1375 1890 1586 1924 nostram
1619 1884 1742 1923 altis-

112 1955 228 1995 simo
250 1955 350 1995 Deo
372 1955 795 1995 commendaturos

193 2025 392 2076 Quidam
413 2025 540 2066 hisce
562 2026 722 2065 diebus
744 2026 936 2075 flander,
957 2024 1142 2076 juvenis
1164 2025 1554 2075 modestissimus,
1580 2025 1618 2064 si
1640 2025 1744 2076 quis

112 2097 246 2145 alius,
271 2097 318 2136 in
338 2097 621 2147 palaestram
642 2096 972 2136 exercitiorum
1000 2096 1311 2147 spiritualium
1342 2107 1391 2135 se
1421 2095 1636 2143 contulit,
1666 2095 1743 2134 ubi

114 2179 220 2207 cum
240 2167 436 2216 mundo,
460 2179 601 2206 carne
623 2173 666 2206 et
689 2167 871 2206 diabolo
895 2167 1109 2215 dimicat,
1144 2167 1199 2207 de
1228 2178 1317 2218 quo
1348 2166 1578 2206 viciniora
1606 2166 1744 2206 saluti

117 2249 376 2288 speramus.

197 2308 328 2348 Duos
349 2308 558 2348 misimus
578 2308 787 2359 Romam,
813 2320 927 2360 quos
950 2308 1046 2360 jam
1074 2308 1344 2360 propediem
1373 2308 1433 2348 ad
1460 2320 1545 2348 vos
1575 2308 1744 2347 adven-

117 2386 246 2419 turos
267 2391 510 2431 speramus
535 2378 559 2419 ¹.

197 2449 358 2490 Studia
380 2449 543 2490 eadem
563 2457 670 2490 sunt
689 2450 887 2491 fratrum
909 2462 1028 2502 quae
1049 2451 1192 2502 prius,
1216 2450 1305 2490 hoc
1323 2461 1416 2490 uno
1435 2450 1637 2501 dempto,
1660 2449 1744 2489 sci-

116 2522 235 2572 licet,
273 2522 395 2573 quod
428 2521 518 2561 duo
545 2533 603 2561 ex
631 2522 719 2562 illis
747 2522 951 2561 studium
986 2521 1303 2572 theologicum
1338 2521 1657 2572 arripuerunt,
1689 2520 1745 2560 de

115 2593 280 2643 quibus
300 2604 393 2632 non
413 2592 602 2632 memini
625 2604 685 2632 an
707 2593 994 2643 scripserim.

196 2663 411 2714 Reliqua,
434 2675 552 2714 quae
574 2663 620 2703 in
646 2662 744 2703 dies
763 2663 898 2714 fiunt,
928 2675 1012 2703 nec
1035 2663 1240 2703 scribere
1268 2674 1354 2702 nec
1380 2662 1645 2702 meminisse
1673 2668 1745 2701 sat

117 2744 321 2783 possum.

174 2917 181 2935 ¹
222 2916 367 2949 ‚loannes
382 2917 538 2951 Baptista
555 2917 711 2944 Tavonus
728 2923 758 2944 et
776 2917 979 2950 joachimus.
998 2918 1060 2945 Hic
1076 2917 1270 2949 Joachinus
1285 2916 1340 2943 ille
1359 2915 1495 2942 videtur
1508 2922 1598 2946 esse,
1624 2915 1662 2942 de
1679 2923 1743 2948 quo

122 2962 310 2997 Dfiwcace,
329 2965 348 2990 l.
365 2971 393 2991 c.
410 2972 486 2998 pag.
509 2964 520 2990 3
540 2969 564 2990 >-·.
