1987 3260
912 234 994 270 Ax.
1026 233 1112 269 1551
1730 233 1795 269 411

181 342 352 381 genere
373 330 557 370 dicendi
578 342 626 369 se
649 335 918 380 exerceant,
943 329 1229 381 experimur:
1254 328 1312 369 ad
1333 340 1436 369 eam
1457 334 1610 368 autem
1633 329 1798 368 oratio-

184 413 290 441 nem
310 401 440 441 multi
462 401 689 440 accedunt
710 400 910 451 externi3
934 399 1015 440 sed
1036 399 1092 439 de
1113 399 1334 440 fratribus
1355 399 1593 439 hactenus.

262 472 370 512 Dux
404 471 650 512 Ferrariae
684 472 852 512 Illmus.
889 471 1227 523 perhumanum
1262 482 1312 510 se
1346 470 1478 510 nobis
1509 469 1715 517 exhibet;
1739 476 1797 518 et,

184 544 289 584 licet
312 543 437 582 illum
458 543 599 593 longo
618 554 830 582 sermone
847 541 1018 592 alloqui
1040 541 1137 592 (per
1156 541 1324 581 nimias
1345 541 1390 580 in
1412 539 1657 580 tractanda
1678 540 1800 591 prin-

186 615 338 666 cipum
359 625 473 666 pace
497 613 842 664 occupationes)
864 612 1063 653 facultas
1084 624 1177 652 non
1197 611 1348 662 fuerit,
1372 611 1630 661 interrogat
1662 622 1801 661 saepe

183 685 237 725 de
265 685 419 735 nobis,
449 690 492 724 et
514 685 783 735 perplacent
807 684 870 723 illi
892 683 956 734 (ut
976 683 1109 723 nobis
1131 684 1328 723 relatum
1349 682 1432 732 est)
1461 693 1580 733 quae
1593 681 1798 732 agimus,

184 763 279 796 tam
313 756 358 795 in
389 755 694 795 concionibus
729 767 783 795 ac
814 754 1198 804 confessionibus,
1233 764 1372 805 quam
1400 753 1447 792 in
1472 752 1633 792 schola
1662 763 1801 803 quam

184 826 469 878 ape1·uimus;
495 827 553 866 ad
575 838 712 877 quam
733 837 828 865 non
849 825 987 877 pauci
1009 825 1204 865 studiosi
1220 823 1316 875 jam
1337 824 1581 874 accedunt,
1606 833 1802 874 quorum

184 897 368 949 quidem
403 903 533 937 tanta
570 905 612 937 ct
643 908 825 936 morum
859 902 902 936 et
937 895 1195 936 studiorum
1229 902 1298 936 est
1325 896 1371 935 in
1397 895 1561 934 melius
1588 894 1799 943 mutatio,

185 976 231 1007 ut
267 968 344 1019 qui
379 980 458 1007 eos
492 968 707 1007 noverint
743 973 786 1007 et
823 967 1153 1018 obstupescant
1187 973 1230 1006 et
1270 966 1460 1006 mirifice
1499 965 1800 1005 delectentur.

184 1038 300 1079 Cum
326 1039 448 1078 enim
478 1039 608 1078 multi
636 1039 763 1089 prius
793 1038 998 1077 moribus
1020 1037 1263 1088 depravati
1294 1049 1348 1077 ac
1378 1036 1632 1076 blasfemiis
1662 1036 1804 1076 omni-

185 1110 359 1161 busque
387 1099 574 1160 flagitiis
601 1109 741 1148 dediti
769 1115 944 1159 essent,
975 1120 1098 1148 nunc
1128 1109 1265 1158 longe
1297 1108 1428 1147 aliter
1459 1119 1508 1147 se
1539 1107 1724 1147 habent.
1756 1106 1803 1147 si

185 1180 287 1231 quis
309 1180 431 1220 enim
452 1180 646 1219 verbum
669 1178 854 1230 aliquod
875 1179 1026 1219 minus
1048 1179 1293 1218 honestum
1316 1185 1394 1218 aut
1415 1178 1710 1218 mendacium
1731 1178 1802 1217 de-

186 1257 382 1301 promat,
407 1257 485 1290 aut
506 1251 656 1301 legem
679 1251 881 1301 aliquam
903 1250 1085 1301 collegii
1104 1250 1493 1300 transgrediatur,
1518 1255 1586 1289 est
1602 1249 1680 1300 qui
1700 1260 1805 1288 eum

185 1322 342 1361 statim
366 1321 424 1360 ad
446 1331 776 1372 praeceptores
798 1320 996 1370 deferat,
1022 1327 1067 1360 et
1089 1321 1379 1360 correctione
1397 1320 1737 1360 emendatiores
1759 1320 1806 1359 in

185 1392 282 1432 dies
302 1391 572 1432 redduntur.
597 1392 667 1431 De
689 1403 780 1443 quo
803 1391 988 1443 quidem
1010 1392 1220 1431 instituto
1242 1403 1295 1431 eo
1324 1391 1577 1441 impensius
1603 1389 1810 1441 gaudent

187 1470 230 1503 et
251 1463 557 1503 aedificantur
584 1463 794 1502 homines
823 1462 946 1513 quod
973 1463 1221 1514 quicquam
1247 1474 1330 1513 pro
1360 1473 1412 1501 eo
1444 1473 1634 1501 munere
1659 1472 1809 1512 neque

188 1535 488 1586 exquirimus,
512 1546 660 1585 neque
678 1539 906 1585 optamus,
927 1534 1067 1573 immo
1085 1534 1240 1573 oblata
1257 1534 1400 1572 multa
1416 1531 1666 1583 rejicimus.
1691 1531 1811 1571 Nam

189 1618 327 1657 saepe
362 1606 590 1656 contingit
626 1612 674 1645 ut
709 1616 959 1656 puerorum
992 1611 1152 1656 patres
1181 1604 1241 1644 ad
1267 1616 1352 1644 nos
1380 1615 1574 1644 munera
1608 1604 1808 1652 mittant,

188 1677 270 1716 sed
300 1677 366 1716 eis
392 1677 704 1725 remittuntur,
730 1676 837 1715 licet
872 1675 1095 1715 acciderit
1128 1675 1377 1727 aliquando
1398 1682 1460 1725 ut,
1494 1675 1689 1714 remisso
1719 1685 1811 1714 uno

186 1760 323 1788 servo
347 1760 373 1787 a
394 1747 528 1787 nobis
550 1759 655 1787 cum
678 1759 890 1797 munere,
914 1747 1030 1786 alter
1051 1747 1109 1786 sit
1135 1746 1378 1795 remissus,
1411 1746 1488 1797 qui
1515 1752 1666 1785 astute
1688 1744 1813 1785 domi

186 1826 375 1859 nostrae
414 1825 457 1858 et
497 1820 617 1858 clam
656 1830 790 1858 suum
828 1829 996 1858 munus
1035 1818 1301 1869 deponeret.
1340 1817 1434 1857 Alii
1469 1822 1731 1856 asserentes
1766 1816 1812 1856 id

188 1889 410 1930 scandalo
445 1901 568 1939 esse,
607 1889 729 1940 quod
762 1889 875 1929 nihil
909 1889 1157 1940 quicquam
1185 1889 1487 1939 recipiamus,
1520 1899 1606 1927 nos
1642 1893 1811 1937 urgent

189 1972 412 2012 suamque
435 1972 625 2012 operam
646 1961 985 2012 facultatesque
1001 1960 1292 2011 pollicentur.

269 2032 394 2072 Inter
416 2032 534 2072 alios
556 2032 645 2072 duo
666 2032 896 2083 potissimi
923 2037 1028 2071 sunt
1057 2031 1134 2082 qui
1160 2043 1268 2070 suos
1290 2031 1430 2070 etiam
1451 2030 1570 2070 filios
1591 2029 1812 2070 Societati

191 2104 303 2144 dare
324 2110 590 2155 peroptant3
613 2114 720 2142 cum
740 2108 897 2143 tamen
917 2103 1034 2142 alter
1054 2102 1243 2142 unicum
1261 2102 1418 2152 filium,
1439 2108 1483 2141 et
1499 2101 1684 2153 quidem
1700 2102 1811 2140 mul-

189 2175 246 2215 tis
285 2174 844 2214 virtutibusdecoratum
879 2185 933 2213 ac
970 2179 1122 2213 aetate
1158 2178 1435 2224 provectum
1465 2173 1658 2223 habeat;
1697 2172 1812 2212 alter

189 2257 318 2296 vero,
343 2246 420 2297 qui
441 2251 537 2285 tres
558 2245 710 2295 habet,
734 2244 929 2284 libenter
955 2244 1010 2294 (si
1029 2255 1111 2296 per
1133 2249 1334 2284 aetatem
1354 2243 1530 2293 liceret)
1553 2254 1714 2283 omnes
1734 2241 1813 2283 So-

191 2317 348 2356 cietati
370 2317 579 2356 donaret.
604 2315 676 2356 Ex
696 2316 785 2355 hac
807 2321 931 2355 certe
953 2315 1113 2355 schola
1135 2315 1234 2354 Deo
1267 2314 1454 2366 Optimo
1485 2313 1690 2354 Maximo
1720 2326 1814 2353 non

193 2387 451 2427 mediocres
471 2387 649 2426 fructus
672 2386 958 2437 colligendos
980 2397 1081 2426 esse
1102 2398 1196 2426 non
1216 2385 1493 2425 dubitamus.

270 2457 386 2498 Sunt
408 2458 455 2497 in
475 2469 530 2497 ea
552 2469 611 2497 ex
632 2457 853 2496 fratribus
875 2457 964 2496 duo
986 2463 1329 2508 praeceptores,
1357 2457 1434 2508 qui
1454 2456 1666 2496 diversas
1682 2467 1814 2507 prae-

192 2530 351 2580 legunt
386 2528 633 2578 lectiones3
671 2528 949 2568 observatur
976 2528 1024 2567 in
1051 2539 1105 2567 ea
1132 2527 1192 2578 id,
1223 2527 1346 2579 quod
1372 2526 1468 2567 fere
1498 2528 1544 2567 in
1565 2526 1814 2567 Societatis

191 2599 399 2650 collegiis
421 2599 663 2639 observari
683 2600 823 2649 solet3
856 2610 1021 2649 nempe
1049 2604 1098 2638 ut
1126 2598 1408 2648 scholastici,
1433 2598 1597 2638 saltem
1619 2598 1814 2648 singulis

189 2670 444 2721 quibusque
466 2670 715 2720 mensibus,
748 2669 1070 2709 confiteantur.
1093 2669 1392 2709 Lectionibus
1425 2668 1709 2709 christianae
1739 2669 1812 2708 do-

189 2741 367 2781 ctrinae
395 2753 450 2781 ac
472 2742 518 2781 in
539 2742 710 2792 templo
733 2740 1054 2790 concionibus,
1080 2751 1198 2791 quae
1220 2740 1414 2791 singulis
1435 2739 1597 2779 diebus
1624 2739 1754 2779 festis
1788 2752 1813 2778 a

193 2812 241 2851 P.
263 2812 441 2865 Joanne
462 2823 643 2852 summa
665 2823 770 2851 cum
798 2811 1064 2851 auditorum
1097 2811 1418 2850 aedificatione
1445 2811 1579 2861 fiunt,
1603 2811 1812 2862 frequen-

192 2888 262 2922 tes
276 2883 519 2923 intersunt.

274 2953 537 2994 Visitantur
566 2954 662 2995 fere
693 2954 898 3006 quotidie
928 2953 1244 3003 xenodochia,
1270 2953 1315 2993 in
1343 2953 1507 3004 quibus
1536 2952 1584 2992 P.
1615 2951 1813 2992 Pascha-

194 3024 289 3064 sius
310 3026 480 3065 multas
502 3025 629 3065 audit
653 3024 971 3065 confessiones
993 3035 1164 3074 magno
1192 3035 1297 3063 cum
1323 3023 1495 3073 fructu,
1527 3035 1612 3063 nec
1639 3034 1815 3074 paucas=
