1987 3260
883 187 964 223 ΑΝ.
997 187 1083 223 1551
1727 189 1797 224 'lor

173 285 330 333 disset,
366 285 490 324 nullo
528 291 664 334 pacto
699 291 877 334 pateret
911 284 1125 324 introitus
1162 284 1206 323 in
1234 283 1478 323 ecclesiam
1516 294 1653 334 atque
1690 285 1793 324 ideo

177 355 305 395 multi
327 355 530 394 abibant.
555 355 605 394 In
626 355 839 394 omnibus
871 355 1172 395 concionibus
1197 365 1372 405 magna
1401 365 1583 405 semper
1606 355 1689 394 fuit
1717 367 1791 406 po-

172 427 266 477 puli
286 427 471 466 devotio
493 433 536 465 et
565 425 828 465 animarum
853 427 1105 466 vehemens
1132 426 1396 465 commotio.
1420 425 1498 465 Bis
1520 438 1545 464 a
1568 431 1792 465 mercato-

171 498 298 536 ribus
319 497 446 536 missi
478 503 582 536 sunt
611 497 767 536 nuncii
795 497 852 536 ad
880 496 1133 536 Doctorem
1162 503 1209 535 ut
1231 507 1453 536 concessa
1477 496 1674 536 facultas
1692 507 1795 546 pro·

171 575 433 618 rogaretur.
998 562 1005 570 ⁸

248 637 320 677 Ad
343 649 506 689 preces
528 639 667 685 igitur
689 651 862 684 eorum,
889 640 1037 690 primo
1055 637 1241 689 quidem
1263 646 1545 689 prorogatur
1568 649 1713 688 usque
1733 638 1794 677 ad

171 709 292 749 diem
314 709 481 748 festum
501 708 780 750 Sanctorum
806 709 1148 759 Innocentium3
1171 709 1252 748 sed
1269 720 1355 748 nec
1382 709 1469 747 hac
1492 708 1796 748 concessione

169 780 390 829 contenti,
414 781 616 820 instante
637 781 857 832 temporis
879 781 1078 820 termino
1099 779 1364 832 praefinito,
1387 780 1575 819 mittunt
1596 780 1795 818 alterum

170 851 404 901 nuncium,
429 851 706 902 importunis
728 852 945 903 precibus
966 852 1255 902 postulantes
1276 856 1324 890 ut
1345 850 1514 890 fratres
1534 851 1680 889 nostri
1702 849 1792 889 Me-

170 923 362 973 thymna
390 934 482 961 non
503 922 794 962 discederent
821 928 928 962 ante
963 922 1193 962 decimum
1219 922 1429 973 quintum
1463 921 1585 961 diem
1619 922 1794 961 mensis

167 992 398 1044 Januarii3
423 1000 532 1033 tunc
559 994 681 1033 enim
702 994 839 1033 finem
866 994 1101 1044 accipiunt
1134 993 1369 1033 nundinae
1395 993 1789 1043 methymnenses;

169 1063 341 1114 sicque,
366 1071 609 1115 perspecto
626 1071 721 1104 tam
738 1065 813 1116 pio
834 1065 1041 1115 ipsorum
1062 1064 1307 1115 desiderio,
1330 1075 1421 1115 quo
1442 1064 1562 1103 hanc
1581 1063 1666 1102 sibi
1685 1074 1790 1114 gra-

168 1135 282 1174 tiam
311 1135 503 1175 concedi
529 1135 716 1175 nomine
743 1136 946 1175 omnium
973 1136 1215 1176 nationum
1245 1135 1315 1185 (ut
1336 1134 1542 1186 ajebant)
1569 1146 1792 1185 poposce-

167 1212 292 1253 rant,
323 1211 503 1256 tempus
533 1206 600 1245 eis
626 1217 772 1257 usque
800 1207 859 1246 ad
886 1206 1197 1257 Epiphaniam
1230 1205 1418 1246 Domini
1445 1206 1668 1245 donatum
1702 1212 1787 1244 est.

169 1275 429 1315 Conciones
451 1277 590 1316 etiam
617 1276 803 1316 habitae
830 1283 935 1316 sunt
960 1278 1006 1316 in
1026 1277 1322 1316 monasteriis
1345 1283 1441 1316 tam
1462 1276 1791 1326 religiosorum

168 1358 308 1397 quam
327 1347 668 1397 religiosarum:
692 1349 865 1387 multae
885 1359 1067 1399 quoque
1089 1347 1372 1397 inimicitiae,
1403 1347 1505 1386 lites
1533 1358 1587 1386 ac
1615 1347 1788 1387 discor-

168 1417 271 1457 diae
292 1418 504 1458 sublatae
521 1425 640 1458 sunt.
664 1418 955 1459 Admiranda
977 1419 1174 1470 denique
1195 1418 1320 1458 facta
1341 1424 1409 1458 est
1437 1418 1696 1458 immutatio
1732 1429 1789 1457 ac

166 1487 435 1528 reformatio
465 1489 606 1540 vitae,
643 1489 783 1529 etiam
812 1489 858 1529 in
888 1489 1107 1538 externis,
1143 1490 1270 1529 circa
1300 1489 1598 1528 immodicum
1627 1489 1791 1528 luxum

167 1559 567 1600 vestimentorum.
600 1559 734 1600 Alter
762 1560 829 1611 P.,
862 1560 999 1600 datus
1028 1560 1268 1610 Baptistae
1299 1560 1345 1599 in
1371 1560 1562 1605 socium.
1598 1571 1791 1611 operam

167 1631 461 1682 impendebat
482 1632 782 1672 consolandis
798 1643 989 1672 carcere
1005 1631 1219 1681 detentis,
1239 1643 1400 1671 eorum
1418 1631 1788 1670 confessionibus

167 1702 424 1753 audiendis,
457 1703 816 1754 eorumdemque
843 1703 1000 1742 litibus
1023 1715 1079 1742 ac
1095 1702 1298 1753 negotiis
1323 1702 1548 1742 finiendis
1576 1702 1789 1747 Aliorum

166 1774 307 1813 etiam
329 1774 637 1824 complurium
658 1773 977 1814 confessiones
1000 1773 1199 1821 audivit,
1224 1785 1310 1813 nec
1340 1784 1516 1824 paucas
1544 1774 1790 1823 generales

165 1844 307 1884 totius
328 1856 440 1884 suae
461 1845 586 1885 vitae
609 1851 867 1895 anteactae,
887 1857 1083 1897 quorum
1098 1845 1308 1885 nonnulli
1327 1851 1474 1895 erant,
1495 1845 1571 1896 qui
1590 1855 1616 1884 a
1634 1844 1791 1883 multis

166 1915 300 1955 annis
318 1915 518 1955 confessi
534 1928 626 1956 non
647 1915 846 1956 fuerant.
865 1915 1013 1967 Saepe
1035 1917 1188 1967 rogati
1209 1923 1315 1955 sunt
1333 1928 1359 1955 a
1381 1915 1722 1955 mercatoribus
1740 1922 1789 1954 ut

164 1997 378 2026 nummos
412 1988 487 2026 vel
521 1987 706 2038 quidvis
741 1987 865 2026 aliud
899 1987 1188 2037 acciperent3
1226 1993 1272 2026 at
1305 1998 1488 2036 semper
1517 1993 1785 2025 renuerunt:

165 2057 286 2097 unde
313 2064 356 2097 et
383 2064 481 2097 toto
507 2058 583 2097 illo
611 2064 818 2109 tempore
840 2058 886 2097 in
907 2057 1124 2108 hospitali
1146 2068 1403 2108 pauperum
1419 2057 1643 2096 diversati
1665 2063 1786 2105 sunt,

165 2129 350 2168 tametsi
371 2129 627 2169 Rodericus
649 2129 704 2169 de
725 2128 931 2179 Duefias,
957 2127 1087 2179 cujus
1107 2129 1262 2179 gratia
1283 2140 1337 2167 eo
1358 2134 1606 2176 venerant,
1631 2133 1675 2166 et
1696 2128 1789 2178 ple·-

164 2200 295 2251 rique
333 2200 409 2239 alii
443 2206 750 2250 mercatores,
783 2200 939 2240 conati
967 2200 1058 2239 sint
1091 2210 1171 2239 eos
1209 2199 1267 2239 ad
1302 2199 1441 2238 aedes
1472 2210 1581 2238 suas
1611 2204 1787 2249 pertra—

165 2270 288 2310 here.
321 2271 453 2310 Multi
482 2277 766 2311 mercatores
801 2271 1007 2320 toletani,
1044 2270 1345 2321 segovienses
1384 2277 1429 2309 et
1469 2269 1789 2320 methymnen-

166 2353 240 2381 ses
262 2342 318 2381 de
339 2341 554 2392 Ruyseco
573 2341 581 2359 ¹
599 2375 606 2391 ,
626 2341 890 2381 vehementi
912 2341 1064 2381 affecti
1085 2340 1314 2381 desiderio
1336 2341 1567 2391 petierunt
1588 2339 1633 2379 in
1655 2350 1791 2378 suam

165 2412 367 2463 patriam
407 2412 525 2451 mitti
565 2412 919 2452 concionatores
953 2411 1201 2452 Societatis
1241 2418 1430 2451 nostrae
1453 2421 1459 2448 :
1498 2411 1620 2450 idem
1656 2410 1791 2461 petiit

166 2495 307 2533 eques
335 2494 593 2533 generosus
620 2483 776 2534 oppidi
804 2483 1089 2523 Tordesillas
1122 2483 1364 2534 appellati,
1389 2488 1432 2521 et
1455 2482 1500 2521 in
1523 2493 1627 2521 eum
1648 2480 1791 2520 finem

167 2553 353 2605 scripsit
398 2555 643 2605 epistolam
690 2554 750 2593 ad
793 2553 842 2593 Ρ.
884 2553 1156 2605 Baptistam.
1205 2553 1448 2593 Potissime
1496 2553 1540 2592 id
1584 2553 1789 2604 postula-

167 2624 231 2663 vit
252 2623 509 2664 Rodericus
531 2625 586 2664 de
607 2623 799 2664 Duer'ias
822 2625 1071 2676 plurimum
1101 2625 1371 2674 obsecrans,
1402 2629 1446 2663 et
1468 2630 1563 2663 toto
1585 2634 1676 2674 quo
1707 2634 1787 2673 po-

166 2700 253 2734 test
269 2695 474 2745 pondere
492 2702 701 2735 nostram
721 2707 922 2735 onerans
943 2696 1294 2745 conscientiam,
1316 2702 1365 2734 ut
1383 2695 1628 2734 certiorem
1644 2693 1787 2733 facia-

165 2776 267 2805 mus
299 2765 633 2806 Paternitatem
669 2773 797 2806 tuam
831 2767 887 2806 de
923 2767 1062 2807 ubere
1097 2766 1249 2806 fructu
1284 2766 1360 2816 qui
1390 2765 1567 2817 percipi
1597 2765 1784 2815 poterit,

164 2835 202 2874 si
234 2836 279 2875 in
300 2836 468 2887 oppido
490 2837 830 2888 methymnensi
852 2838 1016 2877 domus
1037 2844 1303 2877 exstruatur
1334 2837 1547 2887 religioni
1578 2843 1782 2880 nostrae,

220 2995 226 3013 ¹
269 2995 554 3024 methvmnenses
569 2997 610 3022 de
628 2995 841 3031 R11ysec0,id
859 3003 920 3032 est,
939 3006 957 3025 a
974 2998 1168 3031 Methymna
1182 2998 1219 3024 dc
1238 2997 1395 3029 Rioseco,
1412 3001 1448 3023 ut
1463 3004 1576 3030 supra,
1593 3004 1669 3029 pag.
1686 2994 1748 3020 252.
