1987 3260
257 198 327 235 652
764 197 990 235 LITTERAE
1017 209 1371 241 QUADRIMESTRES

335 293 389 333 R.
412 293 461 334 P.
486 294 536 334 T.

335 363 556 404 Mandato
577 363 667 404 R.di
689 363 738 403 Ρ.
770 364 974 405 Antonio
1001 364 1169 405 Vinck.

335 434 510 475 Servus
531 434 702 474 inutilis
723 441 766 474 et
787 435 1000 485 ingratus
1020 434 1155 485 filius,

1075 576 1292 616 ANNIBAL
1312 576 1369 617 A.
1394 578 1656 619 COUDRETo.

333 786 684 838 Superscre‘ptio
706 787 755 826 in
776 791 943 828 octava
957 788 1164 839 pagina:
1183 788 1285 829 R.d0
1310 789 1357 829 in
1373 789 1510 830 Chro.
1529 790 1656 831 Patri
1673 791 1875 833 Domino

252 856 442 906 Ignacio
464 858 485 907 (
489 858 580 907 sic)
602 858 657 898 de
674 858 876 910 Loyola,
901 858 1172 910 Praeposito
1191 859 1411 900 Generali
1427 859 1674 903 Societatis
1693 863 1819 916 Jesu.

330 928 478 967 Manu
501 928 550 979 J.
577 929 665 968 Ph.
702 928 819 969 Vito:
844 929 956 979 1552,
981 929 1214 970 Mesanae.
1241 929 1431 981 Quadri.
1455 937 1655 973 messan.
1683 933 1729 973 17
1746 933 1871 985 maji.

947 1266 1187 1320 CXLIX

319 1489 539 1527 Robertus
560 1491 845 1538 Clayssonius

367 1555 487 1592 Patri
505 1555 673 1603 Ignatio
693 1556 745 1594 de
765 1556 948 1604 Loyola.

413 1620 607 1666 Parisiis,
631 1621 674 1658 18
692 1621 795 1659 Maii
817 1622 908 1660 1552
927 1623 952 1658 ¹.

1004 1755 1101 1830 uls

324 1911 487 1951 Gratia
509 1918 552 1951 et
572 1924 665 1964 pax
695 1913 881 1953 Domini
909 1915 1065 1955 Nostri
1093 1916 1201 1969 Jesu
1235 1916 1405 1957 Christi
1436 1917 1493 1956 sit
1521 1928 1627 1956 curn
1657 1917 1868 1956 omnibus

246 1981 393 2021 vobis.
418 1982 582 2023 Amen.

319 2051 593 2093 Reverende
617 2055 662 2094 in
684 2055 870 2095 Christo
893 2056 1050 2096 Pater:

318 2122 452 2163 Nova
473 2125 647 2175 negotii
675 2127 884 2176 urgentis
911 2127 1166 2167 necessitas
1195 2128 1319 2179 cogit
1347 2140 1433 2168 nos
1459 2135 1507 2169 ut
1540 2129 1726 2180 saepius
1747 2129 1866 2168 auri-

239 2192 325 2232 bus
345 2194 434 2233 tuis
456 2202 640 2235 nostras
661 2197 840 2237 litteras
861 2198 1198 2249 obstrepamus.
1222 2198 1311 2239 Sed
1332 2205 1410 2239 tua
1432 2199 1698 2239 humanitas
1715 2210 1863 2251 aequo

240 2263 393 2303 animo
414 2264 531 2305 feret
552 2267 773 2317 quidquid
793 2269 1134 2319 scripserimus.

315 2333 419 2386 Jam
449 2335 517 2375 bis
547 2343 677 2376 terve
707 2339 971 2379 monuimus
1001 2339 1335 2380 Paternitatem
1370 2347 1497 2380 tuam
1526 2352 1611 2381 nos
1640 2341 1687 2381 in
1721 2353 1864 2393 angu-

238 2410 360 2444 stum
380 2417 624 2447 numerum
651 2409 887 2458 redactos,
917 2422 1083 2461 nempe
1113 2411 1389 2461 ternarium,
1421 2418 1615 2463 excepto
1640 2412 1812 2452 famulo
1833 2412 1862 2458 ⁶²,

239 2474 297 2513 ob
318 2474 575 2517 discessum
598 2479 853 2529 sociorum,
881 2480 958 2531 qui
979 2480 1177 2521 Romam
1198 2482 1325 2521 missi
1348 2488 1473 2532 sunt,
1493 2488 1538 2522 et
1559 2482 1739 2522 felicem
1760 2494 1864 2522 evo-

238 2545 384 2585 latum
405 2546 453 2586 in
472 2549 652 2588 coelum
672 2549 830 2589 fratris
850 2551 998 2590 nostri
1019 2552 1233 2602 magistri
1261 2551 1413 2592 Caroli
1440 2551 1727 2592 Commelini.
1752 2551 1865 2594 Item

242 2615 477 2657 dominum
501 2618 665 2658 domus
681 2627 869 2660 nostrae
887 2619 899 2638 ³
917 2621 975 2660 ad
992 2632 1183 2672 gregem
1205 2633 1339 2662 suum
1360 2631 1467 2662 ante
1488 2622 1606 2662 festa
1626 2622 1865 2673 paschalia

242 2686 503 2735 profectum
533 2701 648 2729 esse.

296 2844 304 2863 ¹
345 2845 591 2880 Autographae
608 2848 638 2874 in
655 2848 733 2875 solio
749 2849 872 2882 duplici
888 2857 917 2875 n.
934 2850 1128 2876 139.—Ve1·e
1154 2851 1419 2884 quadrimestres
1445 2860 1509 2879 non
1533 2856 1627 2886 sunt,
1653 2853 1709 2879 sed
1735 2852 1865 2885 quadri-

246 2895 388 2917 mestres
404 2894 578 2926 complent,
595 2902 677 2928 quas
692 2902 795 2928 supra
810 2903 841 2922 n.
857 2903 943 2923 CXLV
958 2897 1118 2929 dedimus,
1136 2905 1213 2931 pag.
1229 2898 1289 2924 622.

297 2938 310 2956 2
352 2937 433 2965 Vide
449 2947 561 2973 supra,
577 2948 606 2967 n.
624 2949 710 2968 chv
724 2963 728 2974 ,
743 2947 811 2969 not.
829 2943 852 2974 1,
868 2950 945 2977 pag.
962 2943 1023 2970 624.

294 2984 307 3003 ³
347 2985 546 3013 Guilielmus
564 2988 604 3014 du
621 2988 720 3021 Prat‚
738 2989 1020 3017 Claromontanus
1035 2991 1230 3025 Episcopus.
