1987 3260
852 172 935 208 Ax.
968 171 1054 208 1551
1695 170 1767 208 279

141 275 357 321 quentem
379 269 750 309 communionem
777 268 1058 307 unanimiter
1085 272 1130 307 et
1156 266 1289 318 quasi
1317 266 1533 306 certatim
1559 278 1668 305 suos
1689 278 1763 306 ex-

140 341 401 390 hortantur,
441 346 490 379 ut
527 350 687 379 omnes
720 339 944 390 paulatim
977 338 1190 390 spiritum
1229 336 1477 378 Societatis
1516 336 1767 377 videantur

142 411 362 451 imbibere
383 416 427 450 et
448 410 592 462 sequi.
616 409 895 450 Benedictus
918 409 1060 459 Deus,
1085 408 1215 459 cujus
1235 408 1389 459 gratia
1410 407 1579 448 crescit
1605 407 1766 448 mundi

140 487 444 533 contemptus,
474 481 683 521 vitantur
703 481 923 529 choreae,
958 485 1200 520 resecatur
1228 478 1429 519 vestium
1455 478 1767 529 pretiosarum

139 552 454 603 superfluitas,
486 551 804 591 diminuuntur
834 551 1162 591 conviviorum
1188 555 1420 601 sumptus,
1454 549 1690 588 liberalius
1715 547 1766 587 fit

139 624 449 674 eleemosyna,
473 629 517 662 et
538 623 709 673 templa
731 627 1030 662 exornantur.

218 693 335 734 Cum
370 693 777 734 concionatoribus
811 693 1061 744 aliquando
1096 693 1274 743 loquor,
1308 697 1352 731 et
1374 689 1470 741 jam
1506 690 1637 740 haec,
1667 689 1764 741 jam

137 765 213 804 illa
235 765 432 815 inculco,
456 765 576 804 unde
598 776 716 816 quae
738 775 825 814 ego
852 763 1150 815 paucioribus
1176 763 1223 802 in
1244 761 1614 802 confessionibus
1641 761 1762 812 dico,

139 836 225 887 ipsi
260 835 422 875 eadem
453 835 592 875 latius
626 835 914 886 praedicant,
952 840 1001 873 ut
1035 833 1223 873 omnino
1259 832 1511 872 verisimile
1546 832 1605 872 sit
1640 832 1764 871 intra

138 917 280 946 unum
301 912 378 945 aut
399 906 596 945 alterum
617 917 805 955 annum,
830 905 967 944 rebus
985 904 1102 944 bene
1131 903 1401 954 compositis
1420 902 1632 949 Lovanii,
1653 908 1762 942 tem-

138 988 224 1028 pus
244 976 343 1016 fore
364 983 412 1016 ut
433 987 518 1016 nos
539 982 870 1016 convertamus
893 975 952 1014 ad
982 974 1402 1025 evangelizandum
1433 973 1535 1013 aliis
1566 973 1764 1013 civitati-

137 1048 222 1087 bus
243 1054 287 1087 et
313 1047 428 1087 locis
458 1045 593 1097 hujus
626 1046 848 1097 regionis.
882 1044 972 1086 Sed
1007 1045 1163 1085 omnia
1196 1044 1367 1096 dirigat
1400 1044 1650 1094 DominUS‚
1687 1044 1766 1095 qui

140 1124 362 1170 operatur
383 1118 538 1157 omnia
558 1117 605 1157 in
627 1117 855 1157 omnibus.

218 1188 504 1240 Quibusdam
538 1188 800 1239 spiritualia
836 1187 1060 1227 exercitia
1095 1187 1455 1237 communicavi,
1494 1187 1613 1226 inter
1649 1197 1771 1238 quos

138 1260 323 1300 cuidam
340 1260 575 1309 theologo,
597 1258 674 1309 qui
690 1258 843 1310 pergit
859 1258 930 1298 bis
947 1258 992 1297 in
1009 1257 1299 1298 hebdomada
1317 1257 1450 1297 nobis
1472 1257 1696 1307 confiteri,
1720 1263 1767 1296 et

138 1330 196 1369 ad
212 1335 557 1370 sacramentum
575 1328 888 1368 eucharistiae
905 1328 1129 1368 accedere
1145 1340 1252 1368 cum
1268 1339 1440 1379 magna
1458 1327 1766 1368 admiratione

138 1407 182 1441 et
199 1400 522 1440 aedificatione
538 1400 791 1439 multorum
806 1410 814 1449 ;
833 1404 877 1439 et
895 1399 1084 1438 omnino
1101 1399 1263 1438 statuit
1279 1410 1328 1438 se
1344 1399 1477 1438 nobis
1494 1397 1768 1449 adjungere„

138 1478 182 1511 et
202 1473 359 1523 plures
380 1471 513 1511 brevi
534 1477 812 1521 sequuturos
834 1481 1099 1520 speramus,
1122 1470 1170 1509 in
1190 1470 1441 1509 multorum
1469 1469 1590 1509 enim
1617 1469 1765 1509 cordi-

138 1543 223 1583 bus
249 1543 422 1582 bonum
454 1552 613 1582 semen
645 1541 917 1591 seminatur,
951 1546 995 1580 et
1021 1540 1224 1580 fructum
1258 1540 1483 1591 paulatim
1523 1540 1695 1580 exoriri
1722 1546 1767 1580 et

139 1625 349 1653 crescere
371 1611 802 1653 animadvertimus.
826 1610 894 1652 Sit
915 1610 1144 1651 Dominus
1161 1610 1446 1650 benedictus.

191 1779 365 1807 Hactenus
378 1777 541 1812 Magister
553 1777 736 1811 Adrianus,
749 1777 815 1812 qui,
828 1784 904 1804 cum
916 1777 1114 1811 aliquandiu
1125 1777 1252 1804 Romae
1265 1778 1428 1811 probatus
1440 1784 1541 1804 rarae
1553 1777 1715 1812 puritatis
1727 1784 1768 1805 ae

137 1827 277 1854 virtutis
291 1826 461 1861 specimen
475 1825 634 1859 dedisset,
649 1825 799 1852 adversa
814 1829 928 1852 tamen
943 1825 1140 1852 valetudine
1153 1825 1312 1858 graviter
1323 1824 1562 1858 afflictaretur,
1576 1824 1768 1852 Lovanium

137 1873 259 1901 missus
273 1878 335 1905 est,
349 1874 441 1908 prius
456 1876 568 1900 tamen
584 1873 626 1900 ad
640 1872 871 1900 sacerdotium
886 1876 1070 1906 promotus;
1086 1879 1164 1899 nam
1179 1876 1319 1906 praeter
1330 1872 1538 1906 singularem
1550 1872 1769 1906 probitatem,

137 1921 241 1948 etiam
255 1921 410 1948 doctrina
424 1928 489 1947 non
503 1919 639 1954 vulgati
663 1919 838 1953 praeditus
863 1923 949 1946 erat.
976 1918 1024 1946 Ibi
1045 1926 1165 1953 parum
1186 1920 1346 1946 robustus
1360 1926 1518 1952 corpore,
1535 1919 1638 1946 animi
1654 1923 1768 1946 tamen

136 1969 267 2003 vigore,
284 1972 317 1995 et
331 1968 447 2002 gratia
462 1967 525 1994 Dei
540 1967 661 2001 potius,
677 1967 820 1993 multum
835 1967 991 1994 laborum
1005 1966 1177 1999 sustinuit,
1194 1970 1228 1993 et
1243 1965 1276 1992 in
1289 1966 1360 1993 dies
1375 1966 1407 1993 in
1419 1966 1580 2000 juvandis
1591 1966 1773 1993 animabus

135 2016 290 2044 sustinet.
305 2020 337 2043 et
355 2015 433 2042 licet
448 2015 630 2049 aliquando
648 2015 820 2041 fructuose
835 2014 880 2040 sit
904 2014 1133 2047 concionatus,
1150 2017 1182 2040 et
1205 2013 1430 2040 christianam
1452 2013 1556 2040 etiam
1578 2014 1772 2040 doctrinam

134 2063 306 2098 juventuti
328 2063 519 2093 tradiderit,
534 2062 621 2096 quod
637 2066 751 2089 tamen
772 2061 965 2088 Lovanium
990 2061 1293 2092 concionatoribus,
1320 2061 1374 2094 qui
1397 2060 1506 2087 latina
1530 2065 1563 2088 et
1584 2063 1771 2088 vernacula

137 2111 254 2144 lingua
270 2111 522 2143 concionantur,
539 2110 701 2143 abundat,
719 2109 761 2136 ad
776 2109 1003 2136 confessiones
1017 2109 1216 2141 audiendas.
1233 2113 1265 2135 et
1283 2109 1368 2135 alias
1383 2109 1566 2136 eharitatis
1580 2109 1772 2136 functiones

137 2165 172 2185 se
189 2158 342 2191 contulit,
359 2162 391 2184 et
407 2157 561 2191 exemplo
576 2157 670 2184 vitae
687 2161 720 2184 et
735 2156 928 2191 colloquiis,
944 2156 1003 2183 sed
1017 2156 1231 2190 potissimum
1246 2156 1465 2183 confessionis
1481 2160 1513 2183 et
1529 2157 1773 2184 communionis

135 2205 370 2237 sacramentis,
385 2204 548 2239 plurimos
563 2204 606 2231 ad
622 2204 719 2238 Xpm.
737 2203 854 2231 trahit.
870 2203 1012 2230 Praeest
1027 2203 1132 2230 etiam
1147 2203 1322 2237 fratribus,
1335 2203 1389 2237 qui
1406 2203 1445 2230 de
1460 2202 1633 2230 Societate
1648 2210 1771 2231 nostra

134 2252 280 2280 Lovanii
295 2256 382 2285 sunt,
399 2256 432 2279 et
446 2252 592 2286 privatis
608 2251 829 2279 facultatibus
843 2252 940 2285 (quas
956 2251 998 2278 ad
1013 2251 1076 2278 hoc
1092 2251 1241 2285 reliquit)
1254 2251 1341 2277 bona
1356 2258 1398 2277 cx
1412 2254 1511 2285 parte
1527 2251 1705 2285 collegium
1722 2252 1769 2278 ibi

136 2299 268 2334 erigere
293 2304 326 2326 et
351 2299 469 2326 dotare
486 2299 619 2326 statuit.
638 2298 812 2326 Hactenus
837 2298 925 2325 enim
949 2297 1121 2325 hominum
1145 2298 1325 2332 collegium
1350 2298 1394 2324 ibi
1418 2298 1490 2332 fuit;
1512 2299 1570 2325 sed
1586 2299 1770 2326 materiale

134 2347 272 2374 nullum.
288 2345 371 2373 Cum
385 2348 440 2373 1'es
457 2350 634 2373 transacta
647 2346 749 2372 suerit
765 2345 848 2378 (Deo
860 2345 1026 2380 juvante),
1040 2345 1146 2372 fusius
1158 2345 1261 2372 scribi
1276 2345 1413 2379 poterit.

188 2393 308 2421 Visum
328 2398 379 2421 est
395 2394 489 2421 Patri
505 2397 630 2426 nostro,
655 2392 716 2420 ΜΡ
740 2393 885 2427 Ignatio,
910 2393 996 2420 hunc
1021 2392 1222 2427 Magistrum
1246 2393 1436 2420 Adrianum
1456 2393 1499 2420 ad
1524 2393 1770 2427 professionem

135 2441 329 2475 admittere;
345 2442 455 2468 nullus
470 2441 559 2468 enim
574 2445 649 2468 erat
661 2441 694 2468 in
709 2441 775 2468 illis
790 2440 959 2468 inferioris
974 2440 1177 2467 Germaniae
1193 2439 1350 2474 partibus
1364 2440 1547 2474 professus,
1568 2445 1600 2467 et
1616 2441 1771 2475 alioquin

134 2489 224 2516 ratio
239 2489 271 2516 id
287 2489 458 2523 exigebat.
486 2488 570 2515 Suas
594 2496 675 2522 ergo
691 2488 784 2515 vices
806 2488 943 2515 Decano
969 2496 1008 2515 ac
1034 2487 1247 2515 Cancellario
1271 2487 1518 2515 Universitatis
1542 2487 1772 2516 Lovanicnsis

135 2536 202 2575 (qui
218 2537 314 2564 nobis
328 2540 424 2563 arcto
439 2536 698 2563 benevolentiae
714 2540 747 2563 et
763 2536 944 2564 charitatis
958 2536 1094 2563 vinculo
1106 2536 1244 2571 junctus
1265 2539 1326 2568 est,
1349 2539 1383 2562 et
1399 2536 1583 2569 probitate,
1601 2536 1770 2571 doctrina,

135 2588 167 2610 et
181 2584 389 2611 auctoritate
405 2583 533 2617 primas
549 2583 671 2610 ibidem
692 2585 796 2615 tenet)
820 2584 862 2610 ad
887 2584 958 2618 ejus
980 2583 1225 2618 professionem
1240 2583 1487 2610 admittendam
1510 2584 1689 2611 commisit.
1707 2585 1771 2618 Qui

134 2632 195 2658 sub
210 2630 308 2658 finem
322 2630 402 2665 Maji
418 2631 479 2657 hoc
495 2630 667 2664 negotium
683 2631 862 2665 transegit.
878 2631 925 2658 Ut
940 2635 1055 2658 autem
1079 2635 1111 2658 et
1136 2631 1354 2665 professionis
1376 2630 1504 2664 modus,
1527 2635 1560 2658 et
1584 2631 1711 2659 Decani
1729 2640 1771 2659 ac

135 2676 341 2705 Cancellarii
365 2684 448 2711 erga
472 2684 531 2704 nos
555 2677 804 2709 benevolentia,
828 2681 860 2704 et
884 2678 1034 2712 ejusdem
1058 2685 1098 2705 ac
1114 2678 1219 2705 totius
1234 2677 1480 2705 Universitatis
1504 2678 1713 2706 existimatio
1729 2679 1772 2706 de

134 2724 316 2752 Societatis
345 2730 482 2752 nostrae
506 2724 662 2751 instituto
685 2725 909 2759 intelligatur,
933 2725 1099 2752 subscribi
1126 2726 1251 2752 curabo
1273 2725 1424 2760 ejusdem
1444 2724 1600 2759 Magistri
1624 2726 1769 2754 Adriani

134 2772 314 2806 epistolam
328 2772 436 2807 pridie
451 2771 657 2799 Nativitatis
672 2771 788 2800 Sancti
803 2771 942 2805 Joannis
957 2772 1121 2806 scriptam
1137 2773 1159 2799 ¹.

192 2890 201 2909 ί
241 2889 334 2917 Haec
362 2890 466 2917 etiam
493 2890 660 2917 Polancus
687 2890 844 2924 scripsit,
871 2891 925 2925 qui
953 2898 994 2918 ea
1020 2891 1159 2918 brevius
1186 2895 1353 2918 enarrata
1381 2891 1546 2919 Chronico
1573 2899 1654 2925 suo,
1684 2896 1706 2919 t.
1732 2900 1770 2926 11,

133 2943 210 2963 ann.
226 2937 303 2970 1551,
319 2945 373 2964 nn.
388 2938 437 2964 241
454 2941 487 2965 et
502 2938 563 2971 242,
579 2944 657 2971 pag.
672 2937 724 2964 283
738 2937 890 2966 inseruit.
907 2938 1050 2965 Adriani
1069 2939 1262 2972 epistolam,
1286 2939 1320 2965 23
1341 2938 1429 2972 Junii
1454 2939 1587 2975 datam,
1604 2948 1662 2967 suo
1679 2941 1770 2968 infra

133 2983 207 3010 loco
223 2985 501 3013 transcribemus.
