1987 3260
908 169 1007 205 Aa.
1038 168 1128 205 1550
1766 154 1832 204 '107

206 267 261 305 lis
286 265 294 284 ¹
319 271 673 311 conte1·1·aneus;
705 264 785 304 sed
808 265 914 316 quia
945 264 1093 305 officio
1121 264 1377 305 decanatus
1404 264 1612 314 fungitur
1639 269 1682 303 et
1711 265 1830 303 intra

207 348 381 388 paucos
412 335 510 376 dies
544 335 601 375 ad
647 347 810 375 curam
846 336 1108 375 animarum
1148 334 1442 386 profecturus
1483 334 1640 384 simul,
1677 345 1830 385 quam-

194 416 345 458 ·quam
378 418 470 446 non
506 407 639 458 plene
681 407 946 457 resignatus
968 412 1011 445 et
1040 405 1267 455 fervidus,
1297 404 1421 454 ideo,
1459 410 1595 456 prout
1625 416 1829 456 possum,

205 477 397 529 suscipit
414 477 639 517 exercitia
663 477 788 516 domi
809 489 935 526 suae,
960 483 1003 517 et
1025 487 1152 516 more
1174 481 1396 516 consueto
1415 475 1595 515 accedit
1617 474 1676 515 ad
1697 486 1830 526 pran-

205 548 332 588 dium
353 555 397 588 et
419 549 665 599 templum,
692 559 834 587 orans
873 547 1124 587 Dominum
1151 553 1200 587 ut
1221 558 1305 587 sua
1326 545 1536 598 potentia
1557 552 1601 586 et
1627 546 1832 586 bonitate

205 619 420 670 supplere
449 618 679 669 dignetur.

283 688 331 730 Si
351 689 450 729 fieri
471 689 629 740 possit,
662 689 800 729 Pater
829 688 942 737 R.d0,
968 700 1185 740 cuperem
1211 687 1448 728 licentiam
1478 693 1522 727 et
1548 693 1827 738 potestatem

204 761 479 800 absolvendi
502 761 557 800 ab
580 760 760 801 haeresi
779 772 785 808 ;
810 761 934 801 bulla
962 761 1085 800 enim
1112 760 1286 799 Coenae
1306 759 1502 798 Domini
1518 760 1712 798 multum
1730 759 1829 798 stri-

193 837 278 871 *cte
300 831 499 882 loquitur
521 832 609 871 hac
632 832 677 871 in
695 844 758 881 re,
784 832 892 872 dum
911 831 1181 883 quorumvis
1198 830 1542 870 haereticorum
1558 829 1702 869 libros
1724 841 1831 880 quo-

204 901 453 942 modolibet
474 904 682 954 legentes
706 909 785 942 aut
803 903 848 942 in
870 903 964 941 suis
983 902 1194 941 domibus
1211 906 1420 941 tenentes
1439 900 1826 940 excommunicat.

204 972 434 1013 Dominus
464 973 783 1013 Cancellarius
806 972 818 991 ²¹
847 972 935 1012 hac
964 979 1063 1013 tota
1097 972 1460 1023 quadragesima
1487 982 1633 1022 usque
1668 970 1727 1010 ad
1754 982 1830 1021 pa-

202 1044 318 1083 scha
339 1044 531 1084 dederat
552 1043 665 1084 mihi
686 1044 937 1093 licentiam,
962 1050 1005 1083 et
1028 1044 1115 1083 hoc
1138 1042 1210 1083 die
1232 1054 1338 1082 cum
1353 1041 1678 1082 benedictione
1700 1053 1830 1081 reno-

205 1115 337 1154 vavit
364 1126 445 1154 seu
476 1114 599 1154 dedit
631 1115 745 1154 mihi
778 1114 989 1154 eamdem
1018 1114 1253 1154 licentiam
1287 1111 1559 1153 absolvendi
1588 1124 1614 1152 a
1647 1112 1832 1152 casibus

205 1186 414 1225 haeresis
442 1196 587 1236 usque
609 1185 667 1225 ad
688 1185 857 1225 festum
878 1184 1084 1225 Bavonis
1105 1183 1132 1233 ³,
1158 1190 1202 1224 et
1222 1185 1473 1236 plurimum
1492 1184 1539 1223 in
1559 1182 1761 1223 Domino
1784 1195 1831 1223 se

196 1256 501 1296 ¹commendat
522 1255 570 1295 P.
598 1255 654 1295 V.
674 1248 976 1306 vomniumque
998 1255 1189 1295 Patrum
1211 1267 1264 1294 ac
1286 1255 1505 1294 Fratrum
1526 1254 1828 1294 orationibus.

285 1326 515 1366 Dominus
538 1325 782 1366 Cornelius
804 1325 995 1375 Crocus,
1028 1325 1158 1376 quus
1180 1326 1227 1365 in
1254 1325 1638 1376 praecedentibus
1666 1325 1833 1364 litteris

204 1397 384 1448 plenius
405 1397 688 1437 mentionem
708 1396 817 1446 feci,
837 1396 985 1448 pridie
1004 1396 1307 1436 Ascensionis
1324 1395 1512 1436 Domini
1528 1407 1610 1446 per
1628 1395 1832 1435 Parisios

203 1469 331 1508 solus
353 1479 606 1519 aggressus
627 1474 697 1507 est
719 1468 803 1507 iter
830 1479 1077 1507 romanum
1099 1478 1271 1518 magno
1293 1478 1399 1506 cum
1426 1467 1627 1516 fervore,
1659 1465 1831 1517 gaudio

203 1546 248 1578 et
277 1538 445 1578 fiducia
466 1539 512 1578 in
533 1538 751 1579 Domino.
776 1537 945 1578 Noster
973 1549 1128 1585 cocus,
1161 1538 1217 1578 de
1248 1549 1337 1589 quo
1367 1538 1414 1577 in
1442 1537 1617 1577 eisdem
1646 1549 1831 1589 praece-

202 1608 417 1649 dentibus
438 1609 602 1649 litteris
621 1610 800 1661 plenius
822 1610 911 1660 egi.
936 1610 1105 1649 multas
1126 1609 1378 1648 lachrimas
1400 1608 1551 1648 fundit
1582 1608 1638 1648 ob
1660 1608 1706 1648 id
1727 1608 1833 1659 quia

205 1692 298 1720 non
319 1681 467 1732 potuit
489 1693 595 1721 cum
615 1681 817 1721 Domino
846 1680 996 1721 Croco
1018 1681 1101 1720 ire.
1127 1680 1247 1720 Nam
1276 1679 1506 1720 Dominus
1535 1679 1726 1729 Crocus,
1758 1679 1835 1730 qui

202 1758 312 1792 ante
351 1763 498 1792 annos
532 1751 692 1792 decem
726 1753 867 1792 semel
903 1752 1030 1792 solus
1068 1751 1265 1791 Romam
1295 1751 1393 1800 ivit,
1431 1751 1593 1791 maluit
1619 1749 1715 1801 jam
1749 1761 1833 1801 pro

193 1822 389 1863 ‘Christo
406 1824 532 1863 solus
553 1822 801 1874 proficisci,
819 1835 867 1863 se
881 1824 1014 1874 plene
1028 1822 1231 1863 Domino
1246 1822 1550 1872 committere,
1568 1827 1613 1861 et
1630 1821 1835 1862 omnium

205 1894 409 1945 aliquam
437 1894 677 1934 hominum
704 1894 918 1934 notitiam
945 1894 1220 1945 relinquere.
1253 1893 1341 1932 Hic
1363 1893 1486 1932 enim
1514 1903 1654 1932 cocus
1681 1892 1832 1932 hacte—

203 1976 291 2004 nus
312 1965 400 2016 ipsi
418 1965 790 2005 cohabitaverat.
815 1965 1005 2004 Interim
1021 1970 1215 2016 paratus
1232 1964 1317 2004 fuit
1335 1964 1537 2013 obedire,
1558 1964 1598 2003 si
1613 1963 1834 2003 fratribus

202 2035 329 2075 aliud
344 2036 497 2075 visum
515 2035 678 2075 fuisset
696 2036 742 2075 in
759 2035 961 2075 Domino
980 2035 1213 2086 expedire.
1231 2034 1518 2086 Cuperemus
1541 2042 1696 2074 autem
1713 2033 1835 2073 hunc

202 2106 417 2146 eumdem
440 2108 606 2146 coc‘um
626 2106 686 2146 ad
706 2105 755 2146 Ρ.
782 2106 840 2145 V.
861 2105 1058 2145 Romam
1079 2105 1415 2155 transmittere,
1440 2105 1479 2144 si
1499 2105 1549 2145 P.
1573 2105 1631 2145 V.
1657 2106 1835 2144 consul-

204 2183 301 2216 tum
323 2177 555 2216 videatur.
584 2177 704 2217 Nam
732 2177 806 2216 hic
830 2176 1032 2216 Lovanii
1053 2188 1147 2216 non
1173 2183 1325 2227 potest
1352 2188 1401 2216 se
1422 2176 1599 2226 studiis,
1631 2187 1750 2227 quae
1771 2182 1833 2215 tar

204 2259 311 2287 men
332 2248 534 2288 maxime
558 2248 648 2299 ipsi
669 2253 776 2288 sunt
798 2248 1082 2297 necessaria,
1107 2247 1348 2287 commode
1370 2247 1622 2299 applicare.

286 2317 551 2368 Praeterea,
584 2318 724 2358 Pater
745 2318 1034 2368 Reverende,
1066 2318 1275 2370 intelligo
1298 2318 1551 2358 Dominum
1571 2316 1833 2369 quemdam,

203 2389 251 2428 in
272 2389 525 2429 Hollandia
545 2389 813 2429 haereticae
834 2389 1083 2440 pravitatis
1104 2389 1443 2440 Inquisitorem,
1469 2388 1524 2429 de
1546 2400 1636 2440 quo
1658 2394 1836 2429 aestate

201 2454 455 2510 praeterita
485 2460 639 2500 multa
667 2460 727 2499 ad
747 2460 797 2500 Ρ.
824 2460 881 2500 V.
906 2460 1086 2511 scripsi,
1115 2460 1347 2511 quomodo
1378 2471 1560 2500 mecum
1586 2459 1748 2500 fuisset
1774 2460 1836 2498 lo-

194 2535 374 2580 quutus
398 2536 442 2570 et
477 2536 668 2582 cuperet
694 2543 767 2571 me
796 2530 855 2571 ad
877 2542 925 2571 se
954 2532 998 2571 in
1026 2530 1324 2571 Hollandiam
1348 2530 1522 2580 venire,
1556 2533 1651 2581 &c.,
1682 2530 1833 2571 denuo

202 2602 404 2641 multum
433 2601 703 2641 desiderare
733 2601 985 2642 adventum
1012 2613 1165 2642 meum
1194 2608 1238 2642 et
1259 2602 1431 2642 nemini
1460 2602 1523 2642 ita
1552 2600 1672 2641 affici
1699 2602 1835 2641 sicuti

203 2672 323 2711 mihi
344 2671 390 2711 in
412 2671 612 2712 Domino
637 2671 847 2713 afficitur.
878 2673 1065 2713 Interim
1087 2679 1242 2723 petere
1264 2679 1467 2723 veretur,
1491 2672 1648 2712 dicens
1672 2684 1721 2712 se
1742 2673 1832 2712 exi-

256 2879 266 2899 Ι
305 2879 381 2907 Rdi.
394 2880 508 2907 Patris
523 2880 676 2907 Danielis
694 2879 807 2915 Paeyb
820 2881 931 2911 roeck,
949 2881 1001 2914 qui
1020 2885 1094 2907 erat
1110 2888 1129 2907 a
1143 2880 1411 2908 Teneramunda.

255 2927 270 2945 '²
310 2926 466 2954 Ruardus
481 2925 605 2961 Taper.

253 2973 270 2990 ⁵
307 2974 500 3008 adsestnm
517 2974 667 3009 fSanctia
696 2974 852 3001 &avonis
869 2997 873 3003 ,
890 2975 975 3008 quod
993 2979 1042 3001 est
1060 2975 1097 3001 1.³²
1116 2974 1281 3001 Octobris.
