1987 3260
886 167 918 201 A
929 176 964 201 Ν.
997 164 1086 201 15Ξο
1725 167 1793 204 ‘237

884 615 1078 667 LXIX

235 843 282 880 P.
307 843 466 881 Petrus
485 841 688 880 Canisius

284 907 404 945 Patri
424 908 590 955 Ignatio
606 907 659 945 de
680 907 862 955 Loyola.

332 972 615 1020 Ingolstadio,
633 972 679 1009 28
698 971 975 1017 Decembris,
999 971 1089 1008 1550
1109 971 1133 1007 ¹.

937 1213 1033 1255 IHS

244 1392 343 1433 R.de
367 1393 413 1432 in
436 1391 622 1432 Christo
644 1391 800 1431 Pater.

243 1463 407 1503 Gratia
430 1462 605 1502 domini
623 1462 773 1502 nostri
789 1461 900 1514 Jesu
916 1461 1092 1502 Christi
1113 1468 1157 1502 et
1177 1474 1272 1514 pax
1288 1463 1535 1503 nobiscum
1550 1470 1791 1515 perpetua.

169 1535 422 1585 Postquam
442 1533 532 1574 huc
548 1533 676 1573 venit
695 1533 749 1573 R.
775 1532 823 1573 P.
848 1533 908 1573 M.
941 1532 1161 1574 Nicolaus
1189 1532 1470 1585 Goudanus,
1502 1535 1692 1586 eiusque
1721 1547 1792 1574 co-

164 1617 263 1646 mes
283 1605 343 1645 M.
372 1605 537 1645 Petrus
566 1603 838 1645 Scorichius
870 1604 1014 1654 (nunc
1043 1610 1236 1656 quartus
1268 1610 1337 1645 est
1364 1605 1581 1656 mensis),
1612 1617 1791 1645 summa

166 1677 254 1717 Dei
270 1677 477 1716 bonitate
497 1681 543 1715 et
563 1681 689 1715 recte
709 1676 922 1715 valemus
944 1681 1009 1725 et,
1032 1681 1083 1715 ut
1104 1682 1211 1716 ante
1233 1676 1517 1727 solebamus,
1554 1677 1600 1717 in
1620 1678 1795 1728 praele-

164 1747 304 1795 gendi
330 1746 566 1786 functione
592 1757 854 1786 versamur.
886 1745 983 1786 Nec
1009 1747 1172 1797 procul
1199 1746 1306 1787 hinc
1335 1747 1466 1787 abest
1499 1747 1553 1787 R.
1583 1747 1632 1787 P.
1664 1747 1795 1788 Clau-

166 1818 291 1867 dius,
315 1819 371 1857 de
392 1829 483 1869 quo
503 1829 644 1868 saepe
664 1817 821 1857 testati
843 1828 1003 1857 sumus
1024 1824 1254 1869 quantum
1270 1818 1491 1869 praesidii
1513 1824 1613 1858 tum
1644 1819 1792 1864 nobis.

168 1895 265 1928 tum
286 1887 507 1928 Societati
528 1888 636 1928 huic
656 1888 741 1928 toti
772 1887 969 1938 adferat,
1002 1887 1113 1928 dum
1140 1889 1187 1928 in
1214 1888 1426 1929 Comitiis
1454 1895 1610 1930 manet
1638 1890 1793 1941 Augu-

166 1960 329 1999 stanis.
354 1958 555 1999 Perfecit
574 1971 688 1999 sane
711 1958 916 2009 (summa
936 1957 1060 2007 Deo,
1084 1959 1207 2010 patri
1229 1970 1426 2010 summo,
1450 1960 1623 2010 gloria)
1646 1966 1695 2000 ut
1720 1960 1795 2000 Se-

167 2030 331 2070 reniss.
355 2029 672 2070 Romanorum
691 2028 813 2079 Rex,
843 2029 1189 2079 Ferdinandus,
1223 2041 1316 2069 non
1343 2030 1611 2081 promiserit
1640 2031 1792 2076 modo,

167 2101 249 2141 sed
270 2101 436 2140 litteris
458 2100 598 2140 etiam
621 2100 761 2149 datis,
792 2100 964 2151 partim
990 2100 1049 2140 ad
1069 2099 1343 2140 Pontificem
1365 2101 1514 2151 Max„
1545 2102 1716 2152 partim
1737 2102 1795 2141 ad

169 2171 221 2211 R.
251 2171 301 2211 P.
331 2172 407 2219 T.,
445 2171 805 2222 promissionem
839 2170 960 2210 hanc
995 2170 1212 2220 firmarit,
1252 2177 1524 2211 curaturum
1559 2183 1608 2211 se
1639 2172 1795 2212 statim

171 2244 217 2282 in
239 2241 479 2282 academia
502 2253 585 2281 sua
607 2240 867 2281 Viennensi
887 2247 936 2281 ut
956 2241 1179 2282 Societati
1200 2248 1389 2282 nostrae
1411 2243 1661 2294 collegium
1681 2243 1796 2282 bene

169 2314 379 2354 dotatum
399 2313 681 2363 assignetur.
705 2312 861 2363 Quare
882 2312 998 2352 duos
1018 2313 1127 2353 illuc
1148 2325 1172 2353 e
1194 2314 1369 2353 nostris
1392 2313 1659 2364 Theologos
1680 2314 1796 2354 mitti

170 2384 330 2434 voluit,
355 2383 432 2435 qui
452 2384 607 2423 locum
624 2388 668 2422 et
682 2382 983 2423 fundamenta
1001 2383 1142 2423 totius
1159 2382 1358 2435 Collegii
1375 2390 1674 2436 occuparent.
1696 2384 1796 2424 Hoc

167 2455 370 2506 primum
392 2454 510 2505 apud
534 2453 797 2494 Germanos
819 2454 1067 2505 collegium
1086 2455 1259 2495 nostris
1290 2455 1400 2505 erit,
1425 2455 1602 2495 tamdiu
1622 2455 1795 2495 deside-

221 2590 230 2609 ¹
270 2589 325 2616 Ex
344 2589 543 2623 apographo
566 2588 609 2616 ad
626 2588 866 2623 Hispanienses
880 2589 989 2616 socios
1005 2589 1112 2617 Roma
1128 2590 1243 2623 misso,
1261 2589 1292 2617 in
1308 2591 1387 2618 folio
1414 2590 1539 2625 duplici
1562 2592 1663 2618 nullis
1685 2599 1795 2618 nume-

169 2638 215 2664 ris
242 2636 433 2671 designato.
461 2636 707 2670 Autographae
737 2635 864 2663 Canisii
891 2637 1029 2664 litterae
1044 2658 1050 2670 ,
1086 2645 1227 2671 quarum
1255 2638 1491 2672 apographum
1517 2638 1697 2669 habemus.
1720 2644 1797 2666 sunt

170 2684 274 2711 etiam
297 2684 329 2710 in
353 2683 431 2710 folio
453 2682 589 2717 duplici,
605 2683 667 2710 hoc
683 2683 790 2710 modo:
807 2690 828 2710 a
842 2684 946 2710 verbo
966 2683 1072 2718 Jesus
1089 2684 1131 2711 ad
1147 2685 1254 2711 verba
1270 2684 1398 2711 Petrus
1415 2684 1578 2712 Canisz'us
1594 2686 1626 2713 in
1640 2686 1750 2720 prima
1765 2690 1795 2712 et

168 2731 315 2759 secunda
338 2731 465 2765 pagina
487 2730 555 2757 solii
581 2731 714 2764 prioris,
740 2731 791 2758 cui
814 2731 944 2758 numeri
969 2736 1047 2759 sunt
1070 2732 1087 2758 6
1110 2736 1143 2758 et
1169 2732 1228 2765 1195
1250 2732 1360 2766 prima
1375 2732 1572 2766 posterioris
1587 2732 1657 2760 folii
1672 2733 1797 2767 pagina

169 2779 276 2806 nitida
291 2779 424 2806 omnino
439 2782 499 2811 est,
515 2782 548 2805 et
563 2778 710 2805 secunda
725 2778 1050 2813 superscriptionem
1074 2782 1205 2806 tantum
1217 2780 1379 2813 continet,
1406 2787 1507 2807 manu
1527 2779 1653 2808 Canisii
1678 2788 1798 2808 exara-

169 2830 251 2860 tam,
274 2827 326 2853 cui
351 2826 384 2853 in
408 2826 476 2853 ima
499 2825 568 2852 solii
591 2833 651 2852 ora
678 2825 808 2853 addidit
831 2826 926 2854 alius:
953 2826 1051 2858 1550,
1075 2826 1129 2853 Ex
1154 2826 1387 2861 Ingolstadio,
1408 2827 1453 2854 28
1467 2827 1566 2854 Χλπί·
1581 2827 1617 2855 In
1632 2829 1796 2862 superiori

170 2877 283 2900 autem
298 2873 397 2907 hujus
413 2873 558 2907 paginae
574 2880 634 2900 ora
651 2873 824 2907 inceperat
839 2874 920 2907 ipse,
937 2879 972 2901 ut
989 2874 1145 2907 videtur,
1162 2873 1197 2901 P.
1215 2874 1371 2902 Canisius
1386 2875 1536 2902 scribere
1550 2879 1585 2910 p.
1598 2879 1725 2910 prone:
1740 2876 1797 2903 sed

171 2927 271 2947 verso
286 2921 416 2948 calamo
431 2921 568 2947 delevit.
586 2920 671 2947 Item
684 2921 782 2954 juxta
797 2921 955 2955 sigillum,
980 2921 1067 2955 quod
1089 2928 1187 2948 cerae
1213 2922 1336 2949 rubrae
1360 2921 1560 2956 impressum
1575 2927 1660 2953 erat,
1678 2927 1728 2949 cst
1744 2930 1799 2950 nu-

171 2974 282 2994 merus
297 2967 352 2994 50.
