1987 3260
905 179 989 216 AN.
1023 179 1113 216 1552
1756 182 1832 218 049

194 273 350 314 Distat
378 280 533 315 autem
559 274 777 317 Messana
805 276 902 317 fere
922 275 974 316 24
1000 276 1202 316 millibus
1228 288 1450 327 passuum
1480 289 1572 317 non
1600 278 1737 329 longe
1765 279 1825 318 ab

194 344 365 396 oppido
386 345 538 396 Mylis.
565 345 646 386 Est
668 346 819 398 spatio
837 347 1124 398 amplissima
1141 352 1185 387 et
1202 352 1506 387 numerantur
1523 348 1570 387 in
1587 359 1642 387 ea
1661 347 1708 388 18
1725 349 1819 388 mil-

192 415 253 454 lia
274 415 452 466 vitium,
477 423 664 467 praeter
686 417 826 457 etiam
849 417 1037 458 domum
1058 417 1120 456 ibi
1140 423 1404 457 extructam
1425 424 1469 457 et
1502 418 1647 458 latum
1679 419 1818 470 quod-

193 485 301 525 dam
321 486 539 537 spatium,
564 487 703 538 quod,
728 499 852 528 nunc
874 488 1112 538 incultum,
1135 487 1272 528 facile
1294 488 1383 528 coli
1403 493 1571 539 potest.

271 555 494 607 Magnum
521 563 590 597 est
626 558 672 598 in
708 558 797 598 hac
823 558 935 599 urbe
973 556 1110 609 hujus
1137 557 1383 599 Societatis
1419 571 1609 610 nomen,
1647 572 1818 611 magna

190 626 454 667 sanctitatis
476 628 776 669 existimatio.
800 627 895 669 Nec
916 640 1083 680 parum
1102 635 1241 669 aucta
1261 635 1331 670 est
1351 630 1514 681 paucis
1533 635 1639 670 ante
1657 631 1821 671 diebus

189 704 377 748 propter
401 709 562 738 eorum
583 700 827 751 nonnulla,
846 711 964 752 quae
986 701 1211 740 hactenus
1231 700 1459 747 recensui.
1484 706 1532 740 ut
1553 713 1646 741 non
1677 702 1821 752 vulgo

188 774 382 819 tantum,
409 769 491 809 sed
523 770 641 810 inter
663 771 892 811 maximos
913 782 1122 823 quosque
1143 771 1214 811 his
1239 771 1294 811 de
1320 771 1458 811 rebus
1479 771 1706 812 habeatur
1728 784 1818 812 ser-

187 850 277 879 mo.
315 839 371 880 Et
401 840 497 891 ipse
531 840 727 881 Pro—rex
761 842 988 893 proximis
1019 842 1194 892 diebus,
1225 854 1331 882 cum
1360 853 1603 883 reversum
1638 842 1819 883 Catana

188 908 239 948 R.
260 909 309 949 Ρ.
334 910 568 951 Antonius
585 923 691 951 eum
707 912 958 962 invisisset,
978 924 1129 964 pauca
1146 912 1347 964 primum
1363 913 1418 952 de
1435 919 1596 953 nostra
1614 914 1820 954 omniurn

186 981 336 1021 salute
356 982 642 1034 sciscitatus,
666 983 837 1034 statim,
861 995 953 1024 non
975 984 1309 1035 interrogantis
1330 983 1410 1024 sed
1432 985 1750 1025 asseverantis
1772 986 1818 1025 in

186 1063 363 1092 morem
383 1059 510 1092 moto
533 1054 701 1105 capite,
731 1066 814 1094 suo
842 1055 1060 1095 idiomate
1082 1055 1171 1095 ait:
1204 1067 1253 1094 se
1276 1055 1337 1095 Ita
1357 1055 1496 1095 hecho
1518 1056 1703 1106 frutto,
1724 1057 1818 1096 Pa-

184 1122 291 1171 dre‚·
318 1122 406 1163 hoc
430 1130 522 1172 est,
553 1130 602 1164 ut
630 1125 828 1165 verbum
848 1126 992 1165 verbo
1014 1125 1222 1166 reddam:
1246 1126 1398 1166 factus
1421 1132 1490 1166 est
1517 1126 1712 1175 fructus,
1732 1128 1816 1168 Pa-

184 1200 268 1233 ter,
298 1192 504 1234 Parvum
539 1201 608 1235 est
640 1195 749 1246 hoc,
780 1196 861 1236 sed
891 1196 937 1236 in
966 1196 1055 1237 hoc
1082 1197 1185 1236 viro
1216 1196 1407 1247 majoris
1433 1209 1597 1238 sensus
1624 1204 1725 1238 erat
1751 1199 1817 1238 in-

184 1263 371 1304 dicium.

263 1334 412 1387 Major
439 1336 581 1377 etiam
611 1344 806 1389 apparet
837 1350 951 1390 erga
972 1351 1057 1379 nos
1078 1345 1351 1390 magnatum
1378 1339 1585 1380 affectus.
1615 1340 1672 1380 Et
1700 1346 1815 1380 stra-

183 1412 332 1457 tegus,
357 1407 434 1457 qui
456 1414 525 1447 est
545 1408 756 1448 Marchio
777 1408 1152 1450 Hierarchiensis
1177 1409 1202 1460 ¹,
1225 1410 1500 1450 lectionibus
1528 1411 1777 1462 aliquando
1800 1411 1817 1428 ἵ

184 1477 409 1517 interesse
440 1479 587 1518 voluit
616 1479 662 1519 in
690 1479 878 1530 scholis,
913 1480 1215 1520 concionibus
1247 1487 1402 1521 autem
1429 1493 1523 1521 non
1550 1493 1673 1521 raro.
1703 1482 1813 1522 Fra-

183 1557 300 1588 trem
316 1560 452 1588 suum
466 1556 578 1589 natu
596 1550 823 1590 minorem
838 1551 1011 1591 nostris
1028 1551 1074 1591 in
1094 1551 1267 1591 scholis
1283 1551 1586 1592 erudiendum
1603 1552 1809 1593 tradidit.

183 1618 469 1660 Tentaverat
492 1620 530 1660 is
550 1618 597 1660 in
613 1621 975 1672 quadragesima
991 1628 1040 1662 ut
1056 1627 1213 1673 posset
1229 1617 1548 1673 quotidianam
1567 1623 1810 1663 lectionem

181 1690 549 1741 Evangeliorum
572 1698 616 1731 et
639 1692 954 1743 Epistolarum
976 1692 1161 1744 audire;
1191 1693 1272 1733 sed
1294 1693 1513 1744 quoniam
1534 1694 1713 1734 tardius
1734 1707 1810 1734 vo-

180 1761 338 1801 luisset
358 1761 535 1801 differri
552 1774 692 1813 quam
708 1774 951 1814 possemus
968 1770 1159 1815 propter
1175 1764 1443 1804 scholarum
1456 1765 1692 1815 lectiones,
1709 1766 1811 1805 ideo

180 1831 502 1882 obtemperare
524 1833 566 1873 ei
588 1833 676 1873 hac
698 1833 744 1873 in
765 1845 815 1873 re
836 1846 930 1873 non
945 1834 1193 1886 potuimus.
1218 1834 1346 1875 Haec
1364 1835 1459 1875 fere
1482 1835 1726 1876 Messanae
1745 1836 1806 1876 fa—

179 1909 254 1941 cta
279 1909 400 1942 sunt.

259 1972 308 2012 In
330 1972 534 2013 Abbatia
560 1980 716 2014 autem
732 1974 790 2014 D.
808 1976 1002 2028 Joannis
1020 1975 1175 2016 Osorii
1191 1975 1219 2026 ³,
1244 1988 1361 2028 quae
1379 1976 1461 2017 Sti.
1482 1977 1681 2029 Philippi
1702 1978 1810 2018 dici-

177 2050 265 2092 tur,
290 2051 333 2083 et
356 2044 504 2084 tribus
527 2045 584 2084 ab
615 2045 704 2085 hac
732 2046 843 2085 urbe
870 2057 1093 2097 passuum
1119 2047 1318 2087 millibus
1344 2048 1498 2097 distat,
1524 2047 1577 2087 R.
1600 2047 1648 2088 Ρ.
1672 2049 1808 2102 Joan-

178 2126 259 2153 nes
284 2114 523 2166 Philippus
546 2115 749 2156 Casinus
776 2116 936 2156 diebus
956 2116 1086 2156 festis
1107 2118 1413 2157 concionatus
1435 2124 1504 2158 est
1520 2117 1616 2169 jam
1639 2131 1665 2159 a
1686 2120 1806 2170 prin-

177 2185 298 2236 cipio
323 2186 497 2225 mensis
513 2186 727 2239 Januarii
748 2186 884 2238 hujus
906 2188 1028 2227 anni.
1053 2186 1324 2238 Rogaverat
1345 2188 1466 2228 enim
1494 2189 1691 2240 primum
1717 2189 1806 2230 Do-

176 2256 331 2296 minus
350 2257 559 2309 Joannes
581 2256 776 2297 Osorius
796 2258 882 2297 sibi
912 2257 1015 2298 dari
1037 2259 1251 2309 aliquem,
1276 2260 1354 2310 qui
1381 2260 1601 2300 continuo
1624 2261 1684 2300 ibi
1714 2273 1809 2300 ma-

177 2334 307 2367 neret
330 2326 364 2377 ⁴3
396 2328 477 2368 sed
506 2340 611 2367 cum
644 2328 1027 2368 animadversum
1055 2339 1175 2369 esset
1210 2330 1255 2370 id
1282 2341 1577 2382 nequaquam
1605 2343 1705 2371 esse
1735 2344 1807 2372 ne-

175 2408 319 2448 cesse,
354 2398 503 2438 visum
531 2405 599 2438 est
626 2399 740 2438 satis
768 2399 805 2438 si
833 2398 929 2439 dies
964 2399 1107 2439 festos
1142 2400 1309 2452 aliquis
1337 2407 1548 2441 nostrum
1586 2402 1647 2442 ibi
1682 2409 1807 2442 totos

174 2476 350 2518 ageret.
375 2469 475 2509 Hoc
500 2481 606 2509 cum
627 2470 668 2509 ei
689 2469 790 2509 R.d0
822 2470 970 2519 Patri,
995 2483 1130 2521 quem
1159 2472 1296 2511 modo
1317 2472 1571 2523 nominavi,
1596 2474 1805 2513 commis-

173 2550 274 2578 sum
301 2546 436 2590 esset,
472 2541 533 2579 ita
568 2547 754 2580 strenue
783 2541 968 2581 vineam
995 2541 1182 2582 Domini
1219 2543 1374 2590 coluit,
1413 2550 1461 2583 ut
1496 2544 1665 2583 multus
1702 2545 1807 2584 inde

225 2752 233 2771 ¹
278 2752 393 2778 Verba
412 2753 495 2779 haec
514 2754 573 2786 qni
588 2755 639 2779 es!
659 2753 818 2780 Marclzio
832 2754 1139 2786 Ht‘erarclu'cnsis,
1154 2757 1270 2783 addita
1286 2761 1360 2783 sunt
1385 2764 1404 2783 a
1427 2757 1590 2790 Polanco,
1615 2758 1668 2791 qui
1692 2762 1805 2784 tamen

171 2800 200 2826 in
218 2799 357 2831 claron„
382 2804 405 2826 t.
423 2807 444 2826 11
459 2821 463 2831 ,
480 2807 557 2833 pag.
583 2800 628 2832 39,
652 2807 682 2826 n.
707 2800 751 2833 30,
775 2801 861 2829 hunc
877 2801 1106 2829 Marchionem
1127 2804 1165 2829 dt*
1193 2804 1354 2835 Gz'rasso„
1370 2809 1402 2830 et
1424 2804 1455 2830 in
1471 2812 1552 2838 pag.
1569 2804 1631 2837 554,
1653 2812 1683 2831 n.
1697 2805 1750 2831 338
1765 2805 1806 2832 de

168 2846 294 2880 ,leraci
308 2847 506 2881 appellavit.

225 2895 238 2913 ι’
278 2895 472 2927 aliqnando
487 2896 622 2928 scripsit
639 2896 808 2923 Polancus
826 2898 880 2924 ubi
899 2898 1045 2925 habebat
1063 2899 1210 2926 Annibal
1230 2908 1296 2925 mw
1313 2900 1379 2926 die.

222 2940 235 2959 ³
277 2940 360 2967 Vide
377 2949 490 2975 supra,
508 2949 585 2975 pag.
601 2941 645 2975 94,
662 2946 730 2969 not.
746 2943 771 2970 2.

221 2990 235 3008 ⁴
275 2996 410 3015 moram
424 2989 563 3023 smeret
580 2990 766 3024 scripserat
785 2991 948 3019 Annibal.
