1987 3260
817 195 899 231 Ax.
932 195 1021 232 1352
1666 196 1730 232 481

106 290 198 330 -das
218 290 263 330 in
286 291 491 330 romanis
512 291 803 331 difficultates
823 297 1049 342 spectant.
1073 291 1298 331 Dedimus
1324 291 1512 342 insuper
1540 302 1731 342 operam

114 372 163 400 ut
183 372 409 412 persaepe
431 360 761 411 disputaretur,
781 361 967 412 jamque
1000 362 1197 402 vicimus
1217 367 1466 412 utcumque
1493 361 1730 402 difficulta-

114 438 221 480 tem,
246 443 363 482 quae
384 431 609 471 hactenus
630 432 935 472 abhorrentes
957 433 1151 472 istorum
1179 432 1361 472 animos
1382 433 1527 472 tenuit
1547 433 1605 472 ab
1628 433 1731 482 hoc,

115 502 221 542 licet
244 501 504 552 utilissimo.
530 510 684 541 tamen
713 502 786 542 hic
808 502 1047 542 rarissimo
1077 503 1305 552 instituto,
1330 502 1459 553 cujus
1488 514 1611 542 nunc
1643 503 1733 543 fru-

119 578 245 612 ctum
266 578 309 612 et
330 573 533 612 sentiunt
561 581 604 613 et
627 579 785 613 amant
805 573 1068 623 theologiae
1094 573 1302 613 studiosi.
1333 573 1492 624 Neque
1520 573 1618 613 sine
1647 574 1734 613 sin-

115 643 268 691 gulari
290 645 537 683 multorum
558 644 770 695 profectu
792 644 965 684 sactum
987 644 1109 695 quod
1130 645 1351 684 lectiones
1368 645 1544 695 aliquot
1564 645 1610 684 in
1631 655 1735 695 gra-

118 714 231 753 tiam
265 714 447 753 illorum
482 715 842 764 institueremus,
879 715 956 765 qui
982 715 1129 754 sacris
1164 721 1296 755 erant
1326 715 1565 755 ordinibus
1599 717 1737 766 paulo

118 791 222 835 post
262 785 487 825 initiandi.
531 785 648 825 Nam
689 786 811 837 apud
846 785 1126 836 Germanos,
1165 786 1273 825 dum
1308 786 1367 825 ad
1401 786 1739 826 sacerdotalem

119 854 359 906 adspirant
394 857 617 903 ordinem,
647 857 759 897 nulli
786 868 877 896 non
907 857 1226 907 admittuntur,
1251 857 1400 907 qualis
1427 857 1577 908 qualis
1609 863 1739 897 aetas

113 933 162 966 et
183 927 397 976 gravitas
417 928 474 967 sit
497 928 543 967 in
564 928 848 967 ordinandis.
877 928 1116 968 Excusant
1146 934 1300 967 autem
1326 928 1590 978 neglectum
1618 927 1741 967 hunc

116 1008 350 1037 canonum
382 1010 638 1047 sacrorum,
667 999 790 1049 quod
817 1010 998 1038 summa
1025 998 1343 1038 ministrorum
1373 998 1599 1038 ecclesiae
1620 999 1739 1038 visa-

119 1075 193 1107 tur
213 1068 382 1119 ubique
398 1070 611 1119 penuria:
636 1069 769 1119 quasi
785 1075 1031 1120 propterea
1054 1075 1260 1119 praestet
1284 1069 1645 1120 qualescumque
1668 1069 1741 1109 de-

121 1149 245 1178 mum
263 1150 399 1189 quam
416 1141 566 1179 nullos
583 1140 755 1179 habere
772 1140 1070 1191 presbyteros
1087 1140 1144 1179 ad
1161 1139 1422 1179 functiones
1439 1139 1677 1179 obeundas
1696 1141 1743 1180 in

119 1210 317 1260 templis.

200 1280 334 1330 Quod
369 1281 427 1320 ad
457 1288 801 1321 sacramentum
829 1282 994 1321 attinet
1021 1281 1341 1331 confessionis,
1373 1293 1459 1321 nec
1489 1282 1627 1332 pauci
1655 1292 1743 1321 nec

120 1352 341 1402 vulgares
368 1351 442 1390 hic
466 1351 690 1402 juvantur
721 1364 747 1391 a
777 1352 930 1401 nobis3
960 1359 1003 1391 et
1027 1351 1123 1402 jam
1151 1352 1368 1391 mulieres
1396 1352 1558 1391 audire
1592 1353 1741 1403 coepi·
1764 1366 1771 1372 ·

119 1433 236 1472 mus,
261 1433 365 1462 cum
388 1430 525 1461 antea
548 1423 734 1472 linguae
755 1434 840 1462 nos
862 1422 1118 1462 deterreret
1139 1422 1398 1462 difficultas.
1427 1423 1744 1463 Accesserunt

120 1500 365 1543 praeterea
387 1494 462 1544 qui
490 1505 727 1543 nunquam
758 1499 895 1532 antea
916 1492 1100 1532 fuerant
1127 1493 1342 1543 confessi,
1372 1500 1417 1533 et
1444 1494 1500 1533 ab
1527 1494 1628 1544 ipsa
1649 1494 1743 1544 qui-

118 1564 224 1603 dem
245 1575 329 1604 sua
351 1564 548 1615 pucritia
571 1564 617 1603 in
638 1564 973 1603 lutheranismo
996 1564 1208 1613 instituti,
1232 1564 1315 1603 sub
1338 1570 1534 1615 utraque
1562 1576 1743 1615 semper

121 1635 276 1686 specie
294 1636 772 1685 communicaverant,
797 1647 913 1686 quos
934 1634 1106 1675 Christi
1131 1635 1288 1685 gratia
1310 1635 1537 1685 singulari
1564 1635 1743 1675 lucrife-

119 1706 266 1746 cimus
299 1713 347 1746 ut
366 1706 461 1757 jam
483 1707 541 1746 ad
562 1706 801 1746 Ecclesiae
823 1706 1085 1746 doctrinam
1107 1712 1244 1756 atque
1266 1705 1560 1757 disciplinam
1589 1718 1637 1746 se
1658 1707 1744 1746 rite

122 1785 420 1828 componant,
451 1789 588 1828 saepe
623 1777 945 1827 confiteantur,
983 1777 1153 1817 seriam
1189 1777 1436 1816 ostendant
1472 1777 1743 1828 resipiscen-

121 1849 250 1899 tiam,
275 1855 320 1888 et
342 1849 397 1888 de
420 1860 467 1888 se
489 1860 661 1898 magna
682 1848 815 1888 nobis
836 1848 1158 1899 polliceantur.

200 1919 442 1959 Parochus
474 1919 661 1970 quidam
689 1920 782 1970 qui,
809 1919 983 1959 relictis
1012 1919 1240 1969 omnibus,
1272 1919 1346 1958 hic
1374 1919 1543 1969 degere
1580 1920 1742 1969 voluit,

121 1996 369 2041 postquam
392 1990 693 2041 spiritualiter
710 1997 779 2030 est
800 1990 1084 2029 exercitatus
1105 2002 1131 2029 a
1149 1990 1297 2039 nobis,
1318 1989 1639 2029 admirabilem
1657 1991 1745 2029 col-

122 2061 234 2111 legit
255 2061 457 2100 fructum
475 2073 531 2100 ex
554 2061 947 2109 meditationibuS,
972 2072 1087 2111 quas
1109 2061 1313 2100 solemus
1334 2072 1610 2111 proponere.
1634 2060 1745 2100 Fru-

123 2138 249 2172 ctum
271 2132 393 2171 hunc
422 2132 535 2171 fusis
562 2131 874 2182 poenitentiae
895 2130 1116 2181 lacrymis
1139 2137 1183 2170 et
1204 2131 1405 2181 optimae
1426 2131 1552 2170 vitae
1585 2142 1745 2170 conce-

121 2210 203 2254 pto
226 2203 457 2243 desiderio
485 2214 579 2242 non
606 2213 773 2252 parum
794 2201 976 2241 ardenti
1006 2201 1278 2241 declaravit.
1309 2200 1425 2241 Cum
1456 2201 1516 2241 ad
1544 2213 1654 2241 suas
1680 2213 1746 2241 re-

122 2274 225 2313 -dire
248 2285 361 2313 oves
390 2280 593 2324 pararet,
626 2272 763 2312 fidem
789 2272 922 2311 nobis
948 2271 1073 2311 dedit
1100 2278 1371 2312 curaturum
1404 2284 1467 2323 se,
1500 2278 1598 2312 tum
1626 2272 1749 2324 apud

126 2345 322 2393 amicos,
360 2352 456 2383 turn
486 2343 606 2394 apud
635 2355 744 2383 suas
772 2354 900 2391 oves,
931 2343 1065 2382 enixe
1096 2348 1145 2382 ut
1175 2354 1340 2382 sacrae
1369 2342 1675 2382 confessionis
1705 2349 1748 2383 et

128 2415 472 2455 communionis
493 2426 625 2464 usus,
649 2414 725 2465 qui
759 2413 1007 2453 Germanis
1028 2419 1097 2453 est
1124 2412 1633 2464 omninojrarissimus‚
1663 2413 1748 2453 fre-

129 2497 275 2537 quens
310 2485 703 2525 introduceretur:
741 2491 838 2524 tum
866 2485 913 2523 in
939 2484 1147 2535 singulos
1175 2495 1359 2523 menses
1379 2484 1672 2535 [scripturum
1700 2495 1749 2523 se

131 2558 266 2597 nobis
290 2558 462 2608 recepit
486 2556 586 2607 quis
607 2555 832 2596 ecclesiae
854 2561 1018 2605 status,
1042 2555 1144 2606 quis
1165 2555 1343 2594 fructus
1366 2555 1412 2594 in
1434 2566 1624 2594 suorum
1656 2556 1750 2594 ani-

129 2628 216 2668 mis
237 2635 375 2668 esset.
399 2626 557 2678 Adjuti
579 2633 684 2666 sunt
705 2633 748 2666 et
770 2627 848 2666 alii
867 2626 1077 2676 studiosi,
1102 2626 1210 2666 dum
1230 2637 1313 2677 per
1334 2637 1420 2665 nos
1437 2626 1639 2676 priorem
1662 2638 1751 2665 me-

122 2699 408 2739 ditationum
443 2705 712 2737 nostrarum
745 2704 926 2748 partem
954 2697 1221 2745 absolvunt,
1253 2696 1491 2746 injquibus
1528 2695 1752 2746 majorem

130 2781 270 2820 quam
291 2778 428 2809 antea
450 2780 653 2819 unquam
675 2767 730 2807 de
751 2767 923 2819 pietate
944 2767 1203 2818 profectum
1235 2778 1440 2817 sensere,
1463 2772 1512 2806 ut
1534 2766 1592 2805 ad
1618 2777 1752 2816 gene—

129 2841 274 2880 ralem
309 2847 608 2892 peccatorum
649 2837 990 2878 confessionem
1010 2836 1357 2888 ,instituendam
1393 2843 1548 2876 essent
1588 2836 1752 2876 instru-

127 2910 315 2950 ctiores.

209 2979 468 3021 Dominicis
490 2993 544 3021 ac
565 2980 694 3020 festis
716 2980 892 3029 diebus,
916 2978 1101 3030 quando
1119 2991 1144 3017 a
1163 2977 1353 3017 meridie
1369 2977 1568 3017 studiosi
1589 2977 1647 3017 ad
1669 2989 1755 3017 nos

320 3056 369 3095 T.
398 3068 425 3094 1.
1521 3061 1560 3096 31
