1987 3260
303 190 373 227 388
808 188 1031 224 LITTERAE
1057 197 1413 230 QUADRlMfiSTREs

293 299 346 326 eo
377 286 675 326 vehementer
703 283 1048 334 commendata,
1081 295 1108 322 a
1135 283 1487 334 quamplurimis
1516 284 1697 323 servari
1730 295 1785 323 ac
1814 283 1914 324 fieri

294 363 456 408 postea
475 356 610 396 nobis
630 355 817 406 quidam
838 355 955 394 civis
976 354 1148 394 retulit.

372 427 688 468 Concionatus
709 432 777 465 est
797 425 918 465 idem
935 424 1074 464 Pater
1089 436 1172 475 per
1192 423 1313 463 hanc
1330 424 1740 475 quadragesimam
1756 425 1919 465 diebus

294 498 537 538 dominicis
570 498 617 536 in
653 496 854 547 quodam
888 495 1173 535 monasterio
1207 494 1356 534 nostri
1390 493 1599 545 Collegii,
1637 496 1713 546 qui
1748 495 1914 536 dicitur

293 568 452 609 Sancti
472 568 687 620 Joannis3
712 567 779 606 sic
801 572 955 605 autem
983 565 1195 605 omnibus
1221 571 1385 616 gratus
1417 570 1538 615 erat,
1570 571 1619 605 ut
1646 577 1739 605 non
1769 568 1919 606 solum

292 650 548 691 permagna
577 638 675 689 ejus
702 637 928 677 ecclesiae
957 636 1202 676 multitudo
1225 636 1284 675 ad
1304 635 1585 675 audiendum
1615 648 1719 676 eum
1750 648 1916 677 conve-

292 710 433 760 nerit,
459 710 539 749 sed
570 721 627 748 ex
658 709 745 747 hoc
776 708 916 747 etiam
947 707 1115 758 oppido
1146 707 1287 757 aliqui
1317 718 1375 746 ex
1404 707 1703 757 optimatibus
1730 707 1777 747 in
1806 708 1917 748 illud

292 780 624 821 monasterium
652 790 700 818 se
728 778 992 819 conferrent
1026 778 1085 817 ad
1115 789 1220 818 eum
1249 776 1544 817 audiendum.
1573 777 1727 817 Distat
1760 783 1915 818 autem

291 851 489 891 Monson
515 850 596 898 (sic
618 850 740 889 enim
760 848 929 889 dicitur
951 848 1186 900 oppidum)
1211 848 1397 887 circiter
1418 847 1508 887 duo
1529 848 1745 887 milliaria
1768 860 1795 888 a
1822 860 1917 888 mo-

292 922 515 962 nasterio.
1074 918 1075 921 ’

371 992 440 1031 De
463 991 564 1031 aliis
583 990 821 1041 fratribus,
845 990 923 1042 qui
945 990 1004 1030 ad
1024 990 1184 1030 varias
1205 989 1428 1029 ecclesias
1454 989 1583 1028 missi
1600 994 1722 1039 sunt,
1747 989 1915 1029 similia

292 1069 369 1103 aut
386 1062 481 1102 fere
499 1062 661 1102 eadem
678 1060 924 1101 scribenda
941 1066 1087 1111 erant,
1108 1072 1226 1111 quae
1244 1060 1299 1099 de
1316 1060 1643 1111 superioribus3
1665 1072 1788 1110 nam,
1810 1071 1914 1099 cum

291 1134 412 1173 idem
439 1132 668 1172 Dominus
697 1131 852 1171 omnia
881 1131 997 1171 haec
1028 1136 1204 1182 ageret,
1242 1130 1449 1169 varietas
1484 1130 1914 1181 instrumentorum,

291 1215 408 1254 quae
429 1202 717 1243 similitudini
737 1202 953 1253 proxima
975 1207 1089 1251 erat,
1113 1212 1280 1252 parum
1301 1206 1380 1240 aut
1400 1200 1515 1240 nihil
1537 1212 1651 1251 opus
1684 1201 1913 1251 variabat3

290 1274 566 1326 praesertim
587 1285 712 1323 cum,
738 1278 786 1312 ut
808 1273 918 1323 dixi,
943 1284 1104 1312 omnes
1124 1271 1294 1311 fratres
1318 1271 1364 1310 in
1385 1271 1430 1310 id
1451 1271 1742 1322 potissimum
1771 1272 1917 1312 inten-

291 1345 441 1385 derint
460 1350 509 1384 ut
531 1355 737 1383 amorem
757 1349 966 1383 mutuum
987 1343 1273 1392 inducerent,
1298 1342 1374 1393 qui
1404 1342 1451 1381 in
1482 1341 1571 1381 hac
1598 1342 1789 1392 regione
1820 1342 1915 1382 fere

291 1416 523 1455 extinctus
543 1414 804 1454 videbatur.
828 1414 976 1453 Multa
999 1412 1105 1452 odia
1126 1419 1170 1452 et
1200 1412 1468 1452 inimicitias
1501 1412 1785 1463 dissiparunt
1811 1424 1915 1463 gra-

290 1498 387 1537 ves,
407 1487 528 1526 inter
546 1497 662 1537 quas
679 1484 906 1525 Dominus
921 1484 1131 1535 ignatius
1150 1483 1159 1502 ¹
1178 1483 1330 1523 effecit
1351 1489 1400 1522 ut
1421 1490 1639 1534 parentes
1659 1495 1821 1523 necem
1842 1495 1914 1523 cu-

286 1557 471 1608 jusdam
491 1557 584 1607 filii,
610 1568 750 1608 quam
769 1561 1004 1595 recentem
1021 1555 1251 1603 dicebant,
1273 1553 1560 1593 interfectori
1581 1554 1918 1605 condonarent,

291 1628 413 1679 quod
434 1628 575 1668 etiam
596 1627 809 1677 cognatis
835 1625 1079 1677 persuasit.
1114 1624 1247 1664 Multi
1277 1636 1334 1663 ex
1361 1624 1452 1674 his,
1485 1625 1562 1675 qui
1589 1624 1635 1663 in
1664 1624 1915 1664 amicitiam

290 1699 635 1749 redigebantur,
660 1709 766 1737 cum
787 1697 842 1737 de
865 1696 992 1748 agris
1016 1702 1093 1736 aut
1114 1695 1322 1747 pecuniis
1344 1695 1577 1735 contentio
1600 1702 1719 1746 erat,
1746 1707 1804 1736 ex
1826 1708 1915 1747 qua

290 1770 447 1809 odium
467 1769 618 1808 fuerat
640 1768 873 1818 obortum,
895 1766 1119 1806 fratribus
1141 1777 1189 1805 se
1217 1777 1391 1816 suaque
1420 1766 1790 1816 committebant,
1822 1767 1914 1806 ani-

290 1852 393 1880 mae
415 1839 552 1879 saluti
573 1839 751 1879 intenti.

368 1911 439 1950 EX
459 1910 536 1949 illo
556 1922 647 1949 uno
668 1909 922 1948 maximam
942 1908 1193 1959 quamdam
1214 1908 1500 1959 voluptatem
1522 1908 1569 1946 in
1590 1906 1792 1947 Domino
1814 1919 1913 1958 per-

290 1982 500 2033 cipimus,
524 1981 661 2032 quod,
686 1991 978 2031 quocumque
1001 1979 1238 2029 abeamus,
1258 1979 1304 2018 in
1321 1978 1554 2017 montibus
1572 1984 1615 2018 et
1637 1978 1763 2029 agris
1783 1990 1915 2029 prae·
1949 2013 1954 2016 .

289 2058 423 2104 cepta
443 2052 631 2092 Domini
652 2057 696 2091 et
718 2050 885 2090 similia
909 2062 934 2089 a
956 2050 1111 2101 pueris
1134 2049 1239 2089 cani
1261 2049 1494 2099 audimus,
1519 2049 1597 2100 qui
1623 2055 1761 2088 antea
1787 2050 1913 2089 velut

289 2136 315 2163 a
349 2123 590 2163 cunabulis
620 2122 883 2173 juramenta
921 2126 964 2160 et
999 2120 1152 2171 turpia
1188 2120 1333 2159 verba
1368 2119 1589 2159 imbibere
1618 2119 1909 2159 videbantur.

286 2194 389 2234 Non
408 2193 547 2245 pauci
568 2193 627 2232 ad
646 2203 732 2232 nos
751 2198 801 2231 ut
818 2191 1125 2231 confiteantur
1147 2190 1387 2239 accedunt,
1411 2190 1586 2229 relictis
1608 2189 1914 2229 ecclesiarum

287 2276 476 2304 suarum
497 2263 775 2312 rectoribus,
799 2268 848 2301 ut
870 2261 979 2312 quid
1000 2261 1159 2301 sanius
1182 2260 1237 2300 de
1259 2261 1356 2300 vita
1377 2272 1461 2299 sua
1493 2265 1714 2299 statuant.
1747 2260 1909 2310 Quem-

287 2336 394 2375 dam
416 2347 473 2374 ex
494 2335 549 2373 iis
570 2333 900 2385 parochiarum
920 2331 1178 2371 rectoribus
1200 2330 1545 2370 Conimbricam
1573 2330 1801 2380 misimus,
1834 2330 1909 2370 ubi

286 2405 509 2445 exercitia
549 2403 809 2454 spiritualia
846 2402 978 2449 fecit,
1020 2401 1178 2452 sicque
1213 2401 1359 2440 vitam
1394 2400 1615 2450 instituit,
1652 2406 1700 2439 ut
1740 2412 1908 2450 magno

286 2476 496 2525 exemplo
520 2474 622 2513 aliis
643 2473 714 2512 sit.

364 2545 509 2584 Multa
536 2544 627 2583 alia
654 2542 795 2582 scribi
828 2548 1041 2593 possent,
1078 2541 1354 2592 praesertim
1388 2540 1426 2580 si
1462 2540 1646 2590 singula
1681 2551 1904 2591 quaeque,

286 2628 403 2667 quae
424 2616 471 2654 in
486 2612 818 2665 componendis
850 2612 1067 2651 amicitiis
1094 2611 1383 2660 accidebant,
1409 2621 1684 2661 persequar3
1709 2610 1790 2650 sed
1811 2611 1904 2650 lon·

284 2698 396 2737 gum
416 2686 461 2725 id
483 2690 617 2724 esset.
642 2684 841 2723 Tantum
863 2682 953 2721 hoc
975 2681 1174 2721 referam
1195 2681 1250 2721 de
1273 2680 1546 2732 quibusdam
1568 2680 1802 2730 fratribus,
1826 2679 1905 2721 Fe—

339 2844 348 2862 ¹
387 2843 421 2869 P.
438 2843 591 2876 Ignatius
607 2843 646 2869 de
661 2840 829 2873 Acebedo,
846 2840 885 2866 de
901 2847 964 2874 quo
979 2840 1027 2866 ita
1049 2839 1179 2871 Tellegx,
1202 2839 1368 2866 Chronica
1391 2839 1435 2865 da
1453 2838 1666 2872 Compmzln'a
1683 2839 1725 2865 de
1745 2839 1832 2873 sesu
1849 2847 1902 2866 em

286 2890 500 2923 [pungant
517 2897 546 2921 11,
565 2897 592 2921 c,
611 2890 657 2916 18:
676 2889 751 2915 “lhe
767 2888 822 2921 foy
838 2887 1038 2915 necessario,
1051 2886 1303 2913 ordenandolho
1319 2894 1338 2913 a
1353 2886 1559 2918 obediencia,
1573 2886 1690 2919 largar
1705 2894 1722 2912 o
1738 2894 1854 2920 campo
1871 2892 1903 2913 et

284 2938 434 2964 acceitar
456 2945 472 2963 0
494 2937 627 2970 quarte]
652 2944 714 2970 que
739 2943 775 2962 os
798 2934 995 2968 Superiores
1011 2934 1064 2960 lhe
1090 2933 1285 2967 obrigaram
1313 2941 1332 2959 a
1357 2937 1483 2964 tomas,
1509 2933 1719 2959 mandandoo
1742 2934 1867 2960 retirar
1882 2942 1903 2960 a

287 2983 364 3011 Sam
381 2984 488 3013 Fins..,
