<?xml version="1.0" encoding="UTF-8"?>
<!DOCTYPE html PUBLIC "-//W3C//DTD XHTML 1.0 Transitional//EN"
    "http://www.w3.org/TR/xhtml1/DTD/xhtml1-transitional.dtd">
<html xmlns="http://www.w3.org/1999/xhtml" xml:lang="en" lang="en">
 <head>
  <title>
</title>
<meta http-equiv="Content-Type" content="text/html;charset=utf-8" />
  <meta name='ocr-system' content='tesseract 3.04.00' />
  <meta name='ocr-capabilities' content='ocr_page ocr_carea ocr_par ocr_line ocrx_word'/>
</head>
<body>
  <div class='ocr_page' id='page_1' title='image "./litteraequadrime1301lain_0659.png"; bbox 0 0 1987 3260; ppageno 0'>
   <div class='ocr_carea' id='block_1_1' title="bbox 856 140 1778 182">
    <p class='ocr_par' dir='ltr' id='par_1_1' title="bbox 856 140 1778 182">
     <span class='ocr_line' id='line_1_1' title="bbox 856 140 1778 182; baseline 0.003 -4"><span class='ocrx_word' id='word_1_1' title='bbox 856 140 939 178; x_wconf 84' lang='lat' dir='ltr'>AN.</span> <span class='ocrx_word' id='word_1_2' title='bbox 976 140 1068 178; x_wconf 84' lang='lat'>1552</span> <span class='ocrx_word' id='word_1_3' title='bbox 1705 144 1778 182; x_wconf 73' lang='lat'>053</span> 
     </span>
    </p>
   </div>
   <div class='ocr_carea' id='block_1_2' title="bbox 139 235 1785 2838">
    <p class='ocr_par' dir='ltr' id='par_1_2' title="bbox 139 235 1778 996">
     <span class='ocr_line' id='line_1_2' title="bbox 222 235 1775 290; baseline 0.003 -14"><span class='ocrx_word' id='word_1_4' title='bbox 222 235 335 276; x_wconf 87' lang='lat' dir='ltr'>Heri</span> <span class='ocrx_word' id='word_1_5' title='bbox 357 237 542 289; x_wconf 83' lang='lat' dir='ltr'>scripsit</span> <span class='ocrx_word' id='word_1_6' title='bbox 563 236 621 276; x_wconf 89' lang='lat' dir='ltr'>ad</span> <span class='ocrx_word' id='word_1_7' title='bbox 644 236 827 277; x_wconf 86' lang='lat' dir='ltr'>Patrem</span> <span class='ocrx_word' id='word_1_8' title='bbox 851 237 1109 289; x_wconf 86' lang='lat' dir='ltr'>Baptistam</span> <span class='ocrx_word' id='word_1_9' title='bbox 1130 237 1309 278; x_wconf 88' lang='lat' dir='ltr'>Doctor</span> <span class='ocrx_word' id='word_1_10' title='bbox 1339 238 1507 290; x_wconf 81' lang='lat' dir='ltr'>ipsius,</span> <span class='ocrx_word' id='word_1_11' title='bbox 1537 239 1775 280; x_wconf 92' lang='lat' dir='ltr'>dominum</span> 
     </span>
     <span class='ocr_line' id='line_1_3' title="bbox 139 307 1774 361; baseline 0.001 -14"><span class='ocrx_word' id='word_1_12' title='bbox 139 307 308 347; x_wconf 87' lang='lat' dir='ltr'>domus</span> <span class='ocrx_word' id='word_1_13' title='bbox 328 313 516 348; x_wconf 88' lang='lat' dir='ltr'>nostrae</span> <span class='ocrx_word' id='word_1_14' title='bbox 535 307 705 348; x_wconf 83' lang='lat' dir='ltr'>habere</span> <span class='ocrx_word' id='word_1_15' title='bbox 724 308 976 348; x_wconf 87' lang='lat' dir='ltr'>Abbatiam</span> <span class='ocrx_word' id='word_1_16' title='bbox 993 308 1243 360; x_wconf 88' lang='lat' dir='ltr'>quamdam</span> <span class='ocrx_word' id='word_1_17' title='bbox 1261 309 1611 359; x_wconf 89' lang='lat' dir='ltr'>monachorum,</span> <span class='ocrx_word' id='word_1_18' title='bbox 1632 320 1774 361; x_wconf 87' lang='lat' dir='ltr'>quam</span> 
     </span>
     <span class='ocr_line' id='line_1_4' title="bbox 143 377 1769 429; baseline 0.002 -13"><span class='ocrx_word' id='word_1_19' title='bbox 143 377 337 417; x_wconf 84' lang='lat' dir='ltr'><strong>libenter</strong></span> <span class='ocrx_word' id='word_1_20' title='bbox 365 378 503 417; x_wconf 86' lang='lat' dir='ltr'>vellet</span> <span class='ocrx_word' id='word_1_21' title='bbox 529 378 811 429; x_wconf 83' lang='lat' dir='ltr'>reformare;</span> <span class='ocrx_word' id='word_1_22' title='bbox 842 378 969 418; x_wconf 92' lang='lat' dir='ltr'>illum</span> <span class='ocrx_word' id='word_1_23' title='bbox 997 390 1110 418; x_wconf 88' lang='lat' dir='ltr'>vero</span> <span class='ocrx_word' id='word_1_24' title='bbox 1140 377 1402 429; x_wconf 90' lang='lat' dir='ltr'>hujusmodi</span> <span class='ocrx_word' id='word_1_25' title='bbox 1424 378 1769 420; x_wconf 80' lang='lat' dir='ltr'>reformationis</span> 
     </span>
     <span class='ocr_line' id='line_1_5' title="bbox 140 447 1773 502; baseline 0.002 -15"><span class='ocrx_word' id='word_1_26' title='bbox 140 447 324 488; x_wconf 84' lang='lat' dir='ltr'>futurae</span> <span class='ocrx_word' id='word_1_27' title='bbox 346 458 439 487; x_wconf 91' lang='lat' dir='ltr'>non</span> <span class='ocrx_word' id='word_1_28' title='bbox 460 448 669 488; x_wconf 80' lang='lat' dir='ltr'>invenire</span> <span class='ocrx_word' id='word_1_29' title='bbox 692 449 928 489; x_wconf 91' lang='lat' dir='ltr'>meliorem</span> <span class='ocrx_word' id='word_1_30' title='bbox 950 449 1137 489; x_wconf 90' lang='lat' dir='ltr'>modum</span> <span class='ocrx_word' id='word_1_31' title='bbox 1165 460 1304 501; x_wconf 89' lang='lat' dir='ltr'>quam</span> <span class='ocrx_word' id='word_1_32' title='bbox 1331 455 1379 489; x_wconf 93' lang='lat' dir='ltr'>ut</span> <span class='ocrx_word' id='word_1_33' title='bbox 1407 449 1632 500; x_wconf 88' lang='lat' dir='ltr'>novitios,</span> <span class='ocrx_word' id='word_1_34' title='bbox 1656 461 1773 502; x_wconf 91' lang='lat' dir='ltr'>quos</span> 
     </span>
     <span class='ocr_line' id='line_1_6' title="bbox 147 519 1775 570; baseline 0.002 -13"><span class='ocrx_word' id='word_1_35' title='bbox 147 524 334 569; x_wconf 87' lang='lat' dir='ltr'>vocant,</span> <span class='ocrx_word' id='word_1_36' title='bbox 360 519 454 558; x_wconf 90' lang='lat' dir='ltr'>alat</span> <span class='ocrx_word' id='word_1_37' title='bbox 475 519 521 558; x_wconf 91' lang='lat' dir='ltr'>in</span> <span class='ocrx_word' id='word_1_38' title='bbox 542 519 709 559; x_wconf 89' lang='lat' dir='ltr'>studiis</span> <span class='ocrx_word' id='word_1_39' title='bbox 737 526 780 559; x_wconf 91' lang='lat' dir='ltr'>et</span> <span class='ocrx_word' id='word_1_40' title='bbox 809 521 854 559; x_wconf 93' lang='lat' dir='ltr'>in</span> <span class='ocrx_word' id='word_1_41' title='bbox 884 520 1109 559; x_wconf 89' lang='lat' dir='ltr'>bonorum</span> <span class='ocrx_word' id='word_1_42' title='bbox 1137 519 1374 560; x_wconf 90' lang='lat' dir='ltr'>hominum</span> <span class='ocrx_word' id='word_1_43' title='bbox 1401 520 1775 570; x_wconf 88' lang='lat' dir='ltr'>conversatione;</span> 
     </span>
     <span class='ocr_line' id='line_1_7' title="bbox 142 588 1774 642; baseline 0.001 -13"><span class='ocrx_word' id='word_1_44' title='bbox 142 600 338 640; x_wconf 90' lang='lat' dir='ltr'>eamque</span> <span class='ocrx_word' id='word_1_45' title='bbox 360 589 418 629; x_wconf 93' lang='lat' dir='ltr'>ob</span> <span class='ocrx_word' id='word_1_46' title='bbox 446 601 543 629; x_wconf 90' lang='lat' dir='ltr'>rem</span> <span class='ocrx_word' id='word_1_47' title='bbox 567 588 663 640; x_wconf 87' lang='lat' dir='ltr'>jam</span> <span class='ocrx_word' id='word_1_48' title='bbox 693 590 864 630; x_wconf 87' lang='lat' dir='ltr'>habere</span> <span class='ocrx_word' id='word_1_49' title='bbox 891 590 937 629; x_wconf 91' lang='lat' dir='ltr'>in</span> <span class='ocrx_word' id='word_1_50' title='bbox 966 591 1163 641; x_wconf 87' lang='lat' dir='ltr'>collegio</span> <span class='ocrx_word' id='word_1_51' title='bbox 1194 590 1396 641; x_wconf 89' lang='lat' dir='ltr'>quodam</span> <span class='ocrx_word' id='word_1_52' title='bbox 1425 590 1561 642; x_wconf 91' lang='lat' dir='ltr'>hujus</span> <span class='ocrx_word' id='word_1_53' title='bbox 1592 590 1774 631; x_wconf 89' lang='lat' dir='ltr'>Acade-</span> 
     </span>
     <span class='ocr_line' id='line_1_8' title="bbox 145 660 1775 713; baseline 0.002 -14"><span class='ocrx_word' id='word_1_54' title='bbox 145 660 263 700; x_wconf 85' lang='lat' dir='ltr'>miae</span> <span class='ocrx_word' id='word_1_55' title='bbox 292 660 521 700; x_wconf 84' lang='lat' dir='ltr'>novitium</span> <span class='ocrx_word' id='word_1_56' title='bbox 549 661 799 712; x_wconf 83' lang='lat' dir='ltr'>quemdam</span> <span class='ocrx_word' id='word_1_57' title='bbox 828 661 1078 711; x_wconf 81' lang='lat' dir='ltr'>scribebat,</span> <span class='ocrx_word' id='word_1_58' title='bbox 1111 673 1247 712; x_wconf 90' lang='lat' dir='ltr'>quem</span> <span class='ocrx_word' id='word_1_59' title='bbox 1277 661 1432 701; x_wconf 90' lang='lat' dir='ltr'>multis</span> <span class='ocrx_word' id='word_1_60' title='bbox 1461 663 1775 713; x_wconf 90' lang='lat' dir='ltr'>persuasioni-</span> 
     </span>
     <span class='ocr_line' id='line_1_9' title="bbox 144 730 1776 783; baseline 0.002 -14"><span class='ocrx_word' id='word_1_61' title='bbox 144 730 228 770; x_wconf 94' lang='lat' dir='ltr'>bus</span> <span class='ocrx_word' id='word_1_62' title='bbox 258 731 379 770; x_wconf 91' lang='lat' dir='ltr'>idem</span> <span class='ocrx_word' id='word_1_63' title='bbox 403 731 602 782; x_wconf 89' lang='lat' dir='ltr'>Doctor,</span> <span class='ocrx_word' id='word_1_64' title='bbox 626 732 841 783; x_wconf 88' lang='lat' dir='ltr'>loquens,</span> <span class='ocrx_word' id='word_1_65' title='bbox 866 738 915 772; x_wconf 92' lang='lat' dir='ltr'>ut</span> <span class='ocrx_word' id='word_1_66' title='bbox 932 731 1184 783; x_wconf 83' lang='lat' dir='ltr'>credimuS,</span> <span class='ocrx_word' id='word_1_67' title='bbox 1206 732 1251 771; x_wconf 91' lang='lat' dir='ltr'>in</span> <span class='ocrx_word' id='word_1_68' title='bbox 1273 743 1474 783; x_wconf 88' lang='lat' dir='ltr'>persona</span> <span class='ocrx_word' id='word_1_69' title='bbox 1496 731 1670 772; x_wconf 90' lang='lat' dir='ltr'>domini</span> <span class='ocrx_word' id='word_1_70' title='bbox 1690 733 1776 783; x_wconf 90' lang='lat' dir='ltr'>sui,</span> 
     </span>
     <span class='ocr_line' id='line_1_10' title="bbox 142 802 1777 854; baseline 0.001 -13"><span class='ocrx_word' id='word_1_71' title='bbox 142 802 329 851; x_wconf 84' lang='lat' dir='ltr'>petebat</span> <span class='ocrx_word' id='word_1_72' title='bbox 368 814 394 841; x_wconf 83' lang='lat' dir='ltr'>a</span> <span class='ocrx_word' id='word_1_73' title='bbox 434 802 572 842; x_wconf 88' lang='lat' dir='ltr'>Patre</span> <span class='ocrx_word' id='word_1_74' title='bbox 609 803 836 854; x_wconf 80' lang='lat' dir='ltr'>Baptista,</span> <span class='ocrx_word' id='word_1_75' title='bbox 876 809 924 843; x_wconf 90' lang='lat' dir='ltr'>ut</span> <span class='ocrx_word' id='word_1_76' title='bbox 962 803 1248 854; x_wconf 80' lang='lat' dir='ltr'>reciperetur</span> <span class='ocrx_word' id='word_1_77' title='bbox 1288 803 1334 842; x_wconf 91' lang='lat' dir='ltr'>in</span> <span class='ocrx_word' id='word_1_78' title='bbox 1374 803 1661 843; x_wconf 83' lang='lat' dir='ltr'>consortium</span> <span class='ocrx_word' id='word_1_79' title='bbox 1699 815 1777 844; x_wconf 91' lang='lat' dir='ltr'>no-</span> 
     </span>
     <span class='ocr_line' id='line_1_11' title="bbox 143 872 1778 925; baseline 0.001 -13"><span class='ocrx_word' id='word_1_80' title='bbox 143 880 314 922; x_wconf 87' lang='lat' dir='ltr'>strum,</span> <span class='ocrx_word' id='word_1_81' title='bbox 337 872 486 913; x_wconf 90' lang='lat' dir='ltr'>donec</span> <span class='ocrx_word' id='word_1_82' title='bbox 508 874 661 914; x_wconf 84' lang='lat' dir='ltr'>studia</span> <span class='ocrx_word' id='word_1_83' title='bbox 686 874 985 924; x_wconf 88' lang='lat' dir='ltr'>absolvisset;</span> <span class='ocrx_word' id='word_1_84' title='bbox 1009 874 1161 925; x_wconf 91' lang='lat' dir='ltr'>ipsum</span> <span class='ocrx_word' id='word_1_85' title='bbox 1181 873 1368 914; x_wconf 87' lang='lat' dir='ltr'>Patrem</span> <span class='ocrx_word' id='word_1_86' title='bbox 1395 874 1655 925; x_wconf 85' lang='lat' dir='ltr'>Baptistam</span> <span class='ocrx_word' id='word_1_87' title='bbox 1678 885 1778 914; x_wconf 91' lang='lat' dir='ltr'>rem</span> 
     </span>
     <span class='ocr_line' id='line_1_12' title="bbox 142 943 1601 996; baseline 0.001 -14"><span class='ocrx_word' id='word_1_88' title='bbox 142 949 330 993; x_wconf 83' lang='lat' dir='ltr'>gratam</span> <span class='ocrx_word' id='word_1_89' title='bbox 350 943 585 984; x_wconf 89' lang='lat' dir='ltr'>facturum</span> <span class='ocrx_word' id='word_1_90' title='bbox 606 944 793 984; x_wconf 90' lang='lat' dir='ltr'>domino</span> <span class='ocrx_word' id='word_1_91' title='bbox 815 944 980 984; x_wconf 90' lang='lat' dir='ltr'>domus</span> <span class='ocrx_word' id='word_1_92' title='bbox 1001 950 1210 994; x_wconf 90' lang='lat' dir='ltr'>nostrae,</span> <span class='ocrx_word' id='word_1_93' title='bbox 1241 945 1280 984; x_wconf 92' lang='lat' dir='ltr'>si</span> <span class='ocrx_word' id='word_1_94' title='bbox 1300 945 1601 996; x_wconf 88' lang='lat' dir='ltr'>reciperetur.</span> 
     </span>
    </p>

    <p class='ocr_par' dir='ltr' id='par_1_3' title="bbox 143 1013 1785 2551">
     <span class='ocr_line' id='line_1_13' title="bbox 223 1013 1778 1068; baseline 0.002 -15"><span class='ocrx_word' id='word_1_95' title='bbox 223 1013 566 1064; x_wconf 86' lang='lat' dir='ltr'>Argumentum</span> <span class='ocrx_word' id='word_1_96' title='bbox 596 1026 759 1065; x_wconf 91' lang='lat' dir='ltr'>unum,</span> <span class='ocrx_word' id='word_1_97' title='bbox 795 1027 885 1068; x_wconf 93' lang='lat' dir='ltr'>quo</span> <span class='ocrx_word' id='word_1_98' title='bbox 915 1015 1244 1067; x_wconf 79' lang='lat' dir='ltr'>persuadebat,</span> <span class='ocrx_word' id='word_1_99' title='bbox 1278 1021 1378 1055; x_wconf 90' lang='lat' dir='ltr'>erat</span> <span class='ocrx_word' id='word_1_100' title='bbox 1408 1016 1661 1066; x_wconf 81' lang='lat' dir='ltr'>amplitudo</span> <span class='ocrx_word' id='word_1_101' title='bbox 1698 1016 1778 1056; x_wconf 89' lang='lat' dir='ltr'>do-</span> 
     </span>
     <span class='ocr_line' id='line_1_14' title="bbox 146 1085 1776 1137; baseline 0.002 -14"><span class='ocrx_word' id='word_1_102' title='bbox 146 1096 246 1124; x_wconf 92' lang='lat' dir='ltr'>mus</span> <span class='ocrx_word' id='word_1_103' title='bbox 284 1090 327 1124; x_wconf 86' lang='lat' dir='ltr'>et</span> <span class='ocrx_word' id='word_1_104' title='bbox 361 1085 600 1133; x_wconf 86' lang='lat' dir='ltr'>vacuitas;</span> <span class='ocrx_word' id='word_1_105' title='bbox 639 1086 857 1136; x_wconf 91' lang='lat' dir='ltr'>alterum,</span> <span class='ocrx_word' id='word_1_106' title='bbox 894 1086 933 1126; x_wconf 93' lang='lat' dir='ltr'>si</span> <span class='ocrx_word' id='word_1_107' title='bbox 969 1086 1085 1126; x_wconf 89' lang='lat' dir='ltr'>haec</span> <span class='ocrx_word' id='word_1_108' title='bbox 1113 1098 1140 1126; x_wconf 86' lang='lat' dir='ltr'>a</span> <span class='ocrx_word' id='word_1_109' title='bbox 1169 1086 1302 1126; x_wconf 92' lang='lat' dir='ltr'>nobis</span> <span class='ocrx_word' id='word_1_110' title='bbox 1332 1086 1623 1137; x_wconf 86' lang='lat' dir='ltr'>impetraret,</span> <span class='ocrx_word' id='word_1_111' title='bbox 1656 1086 1776 1126; x_wconf 89' lang='lat' dir='ltr'>forte</span> 
     </span>
     <span class='ocr_line' id='line_1_15' title="bbox 144 1153 1777 1208; baseline 0.002 -14"><span class='ocrx_word' id='word_1_112' title='bbox 144 1155 381 1194; x_wconf 85' lang='lat' dir='ltr'>dominum</span> <span class='ocrx_word' id='word_1_113' title='bbox 408 1153 505 1205; x_wconf 90' lang='lat' dir='ltr'>ejus</span> <span class='ocrx_word' id='word_1_114' title='bbox 533 1156 723 1196; x_wconf 91' lang='lat' dir='ltr'>bursam</span> <span class='ocrx_word' id='word_1_115' title='bbox 751 1167 889 1196; x_wconf 90' lang='lat' dir='ltr'>suam</span> <span class='ocrx_word' id='word_1_116' title='bbox 914 1156 1047 1196; x_wconf 90' lang='lat' dir='ltr'>nobis</span> <span class='ocrx_word' id='word_1_117' title='bbox 1078 1157 1381 1208; x_wconf 88' lang='lat' dir='ltr'>aperiturum.</span> <span class='ocrx_word' id='word_1_118' title='bbox 1414 1156 1622 1197; x_wconf 90' lang='lat' dir='ltr'>Tertium</span> <span class='ocrx_word' id='word_1_119' title='bbox 1651 1157 1777 1197; x_wconf 82' lang='lat' dir='ltr'>vitle-</span> 
     </span>
     <span class='ocr_line' id='line_1_16' title="bbox 147 1226 1776 1279; baseline 0.002 -15"><span class='ocrx_word' id='word_1_120' title='bbox 147 1226 281 1265; x_wconf 85' lang='lat' dir='ltr'>batur</span> <span class='ocrx_word' id='word_1_121' title='bbox 302 1237 329 1264; x_wconf 91' lang='lat' dir='ltr'>a</span> <span class='ocrx_word' id='word_1_122' title='bbox 351 1226 580 1266; x_wconf 91' lang='lat' dir='ltr'>charitate</span> <span class='ocrx_word' id='word_1_123' title='bbox 603 1234 860 1278; x_wconf 89' lang='lat' dir='ltr'>sumptum,</span> <span class='ocrx_word' id='word_1_124' title='bbox 885 1227 1084 1275; x_wconf 89' lang='lat' dir='ltr'>scilicet,</span> <span class='ocrx_word' id='word_1_125' title='bbox 1109 1228 1216 1279; x_wconf 90' lang='lat' dir='ltr'>quia</span> <span class='ocrx_word' id='word_1_126' title='bbox 1238 1227 1380 1267; x_wconf 89' lang='lat' dir='ltr'>futuri</span> <span class='ocrx_word' id='word_1_127' title='bbox 1401 1239 1610 1268; x_wconf 89' lang='lat' dir='ltr'>essemus</span> <span class='ocrx_word' id='word_1_128' title='bbox 1632 1239 1776 1268; x_wconf 90' lang='lat' dir='ltr'>causa</span> 
     </span>
     <span class='ocr_line' id='line_1_17' title="bbox 147 1296 1778 1350; baseline 0.002 -15"><span class='ocrx_word' id='word_1_129' title='bbox 147 1296 309 1336; x_wconf 83' lang='lat' dir='ltr'>salutis</span> <span class='ocrx_word' id='word_1_130' title='bbox 330 1296 450 1336; x_wconf 90' lang='lat' dir='ltr'>illius</span> <span class='ocrx_word' id='word_1_131' title='bbox 472 1298 709 1347; x_wconf 91' lang='lat' dir='ltr'>monachi,</span> <span class='ocrx_word' id='word_1_132' title='bbox 741 1298 778 1337; x_wconf 94' lang='lat' dir='ltr'>si</span> <span class='ocrx_word' id='word_1_133' title='bbox 809 1310 835 1337; x_wconf 92' lang='lat' dir='ltr'>a</span> <span class='ocrx_word' id='word_1_134' title='bbox 857 1297 988 1338; x_wconf 91' lang='lat' dir='ltr'>nobis</span> <span class='ocrx_word' id='word_1_135' title='bbox 1014 1299 1313 1350; x_wconf 88' lang='lat' dir='ltr'>reciperetur.</span> <span class='ocrx_word' id='word_1_136' title='bbox 1338 1298 1387 1338; x_wconf 89' lang='lat' dir='ltr'>P.</span> <span class='ocrx_word' id='word_1_137' title='bbox 1412 1299 1643 1350; x_wconf 84' lang='lat' dir='ltr'>Baptista,</span> <span class='ocrx_word' id='word_1_138' title='bbox 1668 1299 1778 1350; x_wconf 89' lang='lat' dir='ltr'>quia</span> 
     </span>
     <span class='ocr_line' id='line_1_18' title="bbox 147 1367 1777 1421; baseline 0.002 -15"><span class='ocrx_word' id='word_1_139' title='bbox 147 1367 431 1417; x_wconf 77' lang='lat' dir='ltr'>valetudine,</span> <span class='ocrx_word' id='word_1_140' title='bbox 456 1380 547 1419; x_wconf 92' lang='lat' dir='ltr'>qua</span> <span class='ocrx_word' id='word_1_141' title='bbox 569 1369 706 1417; x_wconf 89' lang='lat' dir='ltr'>solet,</span> <span class='ocrx_word' id='word_1_142' title='bbox 732 1369 932 1409; x_wconf 84' lang='lat' dir='ltr'>adversa</span> <span class='ocrx_word' id='word_1_143' title='bbox 954 1369 1217 1415; x_wconf 82' lang='lat' dir='ltr'>laborabat,</span> <span class='ocrx_word' id='word_1_144' title='bbox 1249 1376 1292 1409; x_wconf 93' lang='lat' dir='ltr'>et</span> <span class='ocrx_word' id='word_1_145' title='bbox 1321 1382 1347 1409; x_wconf 90' lang='lat' dir='ltr'>a</span> <span class='ocrx_word' id='word_1_146' title='bbox 1375 1370 1640 1421; x_wconf 89' lang='lat' dir='ltr'>receptione</span> <span class='ocrx_word' id='word_1_147' title='bbox 1661 1369 1777 1409; x_wconf 91' lang='lat' dir='ltr'>litte-</span> 
     </span>
     <span class='ocr_line' id='line_1_19' title="bbox 143 1439 1773 1492; baseline 0.002 -15"><span class='ocrx_word' id='word_1_148' title='bbox 143 1449 299 1478; x_wconf 86' lang='lat' dir='ltr'>rarum</span> <span class='ocrx_word' id='word_1_149' title='bbox 320 1439 442 1478; x_wconf 91' lang='lat' dir='ltr'>intra</span> <span class='ocrx_word' id='word_1_150' title='bbox 463 1446 662 1490; x_wconf 90' lang='lat' dir='ltr'>quatuor</span> <span class='ocrx_word' id='word_1_151' title='bbox 684 1439 824 1480; x_wconf 88' lang='lat' dir='ltr'>horas</span> <span class='ocrx_word' id='word_1_152' title='bbox 846 1440 1219 1492; x_wconf 90' lang='lat' dir='ltr'>respondendum</span> <span class='ocrx_word' id='word_1_153' title='bbox 1241 1446 1341 1480; x_wconf 90' lang='lat' dir='ltr'>erat</span> <span class='ocrx_word' id='word_1_154' title='bbox 1363 1440 1471 1480; x_wconf 91' lang='lat' dir='ltr'>huic</span> <span class='ocrx_word' id='word_1_155' title='bbox 1493 1441 1773 1491; x_wconf 86' lang='lat' dir='ltr'>quaestioni,</span> 
     </span>
     <span class='ocr_line' id='line_1_20' title="bbox 145 1509 1773 1563; baseline 0.002 -15"><span class='ocrx_word' id='word_1_156' title='bbox 145 1509 267 1549; x_wconf 90' lang='lat' dir='ltr'>misit</span> <span class='ocrx_word' id='word_1_157' title='bbox 298 1509 489 1550; x_wconf 87' lang='lat' dir='ltr'>fratrem</span> <span class='ocrx_word' id='word_1_158' title='bbox 519 1517 732 1550; x_wconf 87' lang='lat' dir='ltr'>nostrum</span> <span class='ocrx_word' id='word_1_159' title='bbox 760 1510 985 1563; x_wconf 86' lang='lat' dir='ltr'>Jacobum</span> <span class='ocrx_word' id='word_1_160' title='bbox 1013 1511 1257 1551; x_wconf 87' lang='lat' dir='ltr'>Morellum</span> <span class='ocrx_word' id='word_1_161' title='bbox 1287 1512 1333 1552; x_wconf 91' lang='lat' dir='ltr'>in</span> <span class='ocrx_word' id='word_1_162' title='bbox 1367 1512 1616 1562; x_wconf 86' lang='lat' dir='ltr'>collegium</span> <span class='ocrx_word' id='word_1_163' title='bbox 1647 1512 1773 1562; x_wconf 89' lang='lat' dir='ltr'>illud,</span> 
     </span>
     <span class='ocr_line' id='line_1_21' title="bbox 146 1579 1776 1634; baseline 0.002 -15"><span class='ocrx_word' id='word_1_164' title='bbox 146 1580 191 1620; x_wconf 91' lang='lat' dir='ltr'>in</span> <span class='ocrx_word' id='word_1_165' title='bbox 221 1592 311 1631; x_wconf 90' lang='lat' dir='ltr'>quo</span> <span class='ocrx_word' id='word_1_166' title='bbox 348 1579 498 1631; x_wconf 88' lang='lat' dir='ltr'>ajebat</span> <span class='ocrx_word' id='word_1_167' title='bbox 534 1581 712 1622; x_wconf 90' lang='lat' dir='ltr'>Doctor</span> <span class='ocrx_word' id='word_1_168' title='bbox 747 1582 958 1622; x_wconf 90' lang='lat' dir='ltr'>habitare</span> <span class='ocrx_word' id='word_1_169' title='bbox 980 1583 1274 1623; x_wconf 87' lang='lat' dir='ltr'>monachum.</span> <span class='ocrx_word' id='word_1_170' title='bbox 1310 1582 1354 1623; x_wconf 88' lang='lat' dir='ltr'>Is</span> <span class='ocrx_word' id='word_1_171' title='bbox 1388 1589 1691 1634; x_wconf 87' lang='lat' dir='ltr'>percontatus</span> <span class='ocrx_word' id='word_1_172' title='bbox 1730 1583 1776 1622; x_wconf 89' lang='lat' dir='ltr'>in</span> 
     </span>
     <span class='ocr_line' id='line_1_22' title="bbox 145 1651 1777 1705; baseline 0.002 -15"><span class='ocrx_word' id='word_1_173' title='bbox 145 1662 236 1702; x_wconf 87' lang='lat' dir='ltr'>quo</span> <span class='ocrx_word' id='word_1_174' title='bbox 258 1651 469 1691; x_wconf 91' lang='lat' dir='ltr'>cubiculo</span> <span class='ocrx_word' id='word_1_175' title='bbox 490 1652 742 1703; x_wconf 84' lang='lat' dir='ltr'>habitaret,</span> <span class='ocrx_word' id='word_1_176' title='bbox 773 1652 951 1693; x_wconf 79' lang='lat' dir='ltr'>audivit</span> <span class='ocrx_word' id='word_1_177' title='bbox 978 1665 1071 1693; x_wconf 91' lang='lat' dir='ltr'>non</span> <span class='ocrx_word' id='word_1_178' title='bbox 1100 1654 1297 1705; x_wconf 88' lang='lat' dir='ltr'>amplius</span> <span class='ocrx_word' id='word_1_179' title='bbox 1324 1653 1536 1694; x_wconf 88' lang='lat' dir='ltr'>habitare</span> <span class='ocrx_word' id='word_1_180' title='bbox 1566 1654 1612 1693; x_wconf 90' lang='lat' dir='ltr'>in</span> <span class='ocrx_word' id='word_1_181' title='bbox 1641 1654 1777 1694; x_wconf 87' lang='lat' dir='ltr'>colle-</span> 
     </span>
     <span class='ocr_line' id='line_1_23' title="bbox 148 1722 1778 1776; baseline 0.002 -15"><span class='ocrx_word' id='word_1_182' title='bbox 148 1722 224 1772; x_wconf 82' lang='lat' dir='ltr'>gio</span> <span class='ocrx_word' id='word_1_183' title='bbox 259 1722 351 1762; x_wconf 90' lang='lat' dir='ltr'>illo.</span> <span class='ocrx_word' id='word_1_184' title='bbox 380 1722 627 1764; x_wconf 88' lang='lat' dir='ltr'>Rationem</span> <span class='ocrx_word' id='word_1_185' title='bbox 654 1724 977 1765; x_wconf 88' lang='lat' dir='ltr'>sciscitaturus</span> <span class='ocrx_word' id='word_1_186' title='bbox 1004 1725 1234 1776; x_wconf 83' lang='lat' dir='ltr'>quaesivit</span> <span class='ocrx_word' id='word_1_187' title='bbox 1263 1725 1479 1776; x_wconf 88' lang='lat' dir='ltr'>quisnam</span> <span class='ocrx_word' id='word_1_188' title='bbox 1505 1725 1669 1765; x_wconf 87' lang='lat' dir='ltr'>fuisset</span> <span class='ocrx_word' id='word_1_189' title='bbox 1697 1725 1778 1765; x_wconf 91' lang='lat' dir='ltr'>ibi—</span> 
     </span>
     <span class='ocr_line' id='line_1_24' title="bbox 149 1793 1780 1847; baseline 0.002 -16"><span class='ocrx_word' id='word_1_190' title='bbox 149 1793 254 1832; x_wconf 83' lang='lat' dir='ltr'>dem</span> <span class='ocrx_word' id='word_1_191' title='bbox 281 1793 400 1833; x_wconf 89' lang='lat' dir='ltr'>illius</span> <span class='ocrx_word' id='word_1_192' title='bbox 428 1801 725 1846; x_wconf 88' lang='lat' dir='ltr'>praeceptor:</span> <span class='ocrx_word' id='word_1_193' title='bbox 757 1801 895 1847; x_wconf 88' lang='lat' dir='ltr'>atque</span> <span class='ocrx_word' id='word_1_194' title='bbox 926 1795 1112 1835; x_wconf 89' lang='lat' dir='ltr'>demum</span> <span class='ocrx_word' id='word_1_195' title='bbox 1142 1796 1333 1836; x_wconf 79' lang='lat' dir='ltr'>invenit.</span> <span class='ocrx_word' id='word_1_196' title='bbox 1364 1796 1674 1847; x_wconf 86' lang='lat' dir='ltr'>Paedagogus</span> <span class='ocrx_word' id='word_1_197' title='bbox 1706 1796 1780 1835; x_wconf 91' lang='lat' dir='ltr'>ille</span> 
     </span>
     <span class='ocr_line' id='line_1_25' title="bbox 151 1863 1780 1918; baseline 0.002 -16"><span class='ocrx_word' id='word_1_198' title='bbox 151 1863 389 1915; x_wconf 86' lang='lat' dir='ltr'>respondit</span> <span class='ocrx_word' id='word_1_199' title='bbox 418 1866 701 1906; x_wconf 89' lang='lat' dir='ltr'>monachum</span> <span class='ocrx_word' id='word_1_200' title='bbox 728 1866 915 1918; x_wconf 89' lang='lat' dir='ltr'>quidem</span> <span class='ocrx_word' id='word_1_201' title='bbox 941 1867 1115 1917; x_wconf 90' lang='lat' dir='ltr'>ingenii</span> <span class='ocrx_word' id='word_1_202' title='bbox 1136 1878 1238 1907; x_wconf 90' lang='lat' dir='ltr'>esse</span> <span class='ocrx_word' id='word_1_203' title='bbox 1268 1867 1327 1906; x_wconf 90' lang='lat' dir='ltr'>ad</span> <span class='ocrx_word' id='word_1_204' title='bbox 1356 1867 1535 1907; x_wconf 89' lang='lat' dir='ltr'>litteras</span> <span class='ocrx_word' id='word_1_205' title='bbox 1563 1867 1681 1917; x_wconf 87' lang='lat' dir='ltr'>nati,</span> <span class='ocrx_word' id='word_1_206' title='bbox 1704 1878 1780 1906; x_wconf 85' lang='lat' dir='ltr'>ve-</span> 
     </span>
     <span class='ocr_line' id='line_1_26' title="bbox 153 1934 1782 1988; baseline 0.002 -15"><span class='ocrx_word' id='word_1_207' title='bbox 153 1946 273 1984; x_wconf 86' lang='lat' dir='ltr'>rum,</span> <span class='ocrx_word' id='word_1_208' title='bbox 299 1934 420 1985; x_wconf 88' lang='lat' dir='ltr'>quod</span> <span class='ocrx_word' id='word_1_209' title='bbox 451 1935 510 1974; x_wconf 88' lang='lat' dir='ltr'>ad</span> <span class='ocrx_word' id='word_1_210' title='bbox 544 1947 697 1976; x_wconf 90' lang='lat' dir='ltr'>mores</span> <span class='ocrx_word' id='word_1_211' title='bbox 726 1937 909 1988; x_wconf 90' lang='lat' dir='ltr'>attinet,</span> <span class='ocrx_word' id='word_1_212' title='bbox 941 1937 1215 1977; x_wconf 90' lang='lat' dir='ltr'>dissolutum</span> <span class='ocrx_word' id='word_1_213' title='bbox 1246 1944 1290 1977; x_wconf 93' lang='lat' dir='ltr'>et</span> <span class='ocrx_word' id='word_1_214' title='bbox 1321 1937 1562 1987; x_wconf 75' lang='lat' dir='ltr'>effrenem,</span> <span class='ocrx_word' id='word_1_215' title='bbox 1595 1937 1711 1977; x_wconf 86' lang='lat' dir='ltr'>adeo</span> <span class='ocrx_word' id='word_1_216' title='bbox 1734 1943 1782 1976; x_wconf 92' lang='lat' dir='ltr'>ut</span> 
     </span>
     <span class='ocr_line' id='line_1_27' title="bbox 154 2007 1784 2059; baseline 0.002 -15"><span class='ocrx_word' id='word_1_217' title='bbox 154 2017 405 2056; x_wconf 85' lang='lat' dir='ltr'>numquam</span> <span class='ocrx_word' id='word_1_218' title='bbox 445 2007 679 2057; x_wconf 90' lang='lat' dir='ltr'>compesci</span> <span class='ocrx_word' id='word_1_219' title='bbox 720 2008 920 2059; x_wconf 91' lang='lat' dir='ltr'>potuerit</span> <span class='ocrx_word' id='word_1_220' title='bbox 960 2007 1141 2047; x_wconf 91' lang='lat' dir='ltr'>blandis</span> <span class='ocrx_word' id='word_1_221' title='bbox 1181 2008 1336 2048; x_wconf 83' lang='lat' dir='ltr'>verbis</span> <span class='ocrx_word' id='word_1_222' title='bbox 1379 2014 1457 2047; x_wconf 88' lang='lat' dir='ltr'>aut</span> <span class='ocrx_word' id='word_1_223' title='bbox 1497 2008 1634 2048; x_wconf 91' lang='lat' dir='ltr'>minis</span> <span class='ocrx_word' id='word_1_224' title='bbox 1673 2009 1784 2059; x_wconf 92' lang='lat' dir='ltr'>quin</span> 
     </span>
     <span class='ocr_line' id='line_1_28' title="bbox 154 2076 1783 2130; baseline 0.002 -15"><span class='ocrx_word' id='word_1_225' title='bbox 154 2076 357 2126; x_wconf 87' lang='lat' dir='ltr'>quotidie</span> <span class='ocrx_word' id='word_1_226' title='bbox 379 2077 526 2116; x_wconf 81' lang='lat' dir='ltr'>exiret</span> <span class='ocrx_word' id='word_1_227' title='bbox 548 2078 622 2117; x_wconf 74' lang='lat' dir='ltr'>vel</span> <span class='ocrx_word' id='word_1_228' title='bbox 641 2077 687 2117; x_wconf 91' lang='lat' dir='ltr'>in</span> <span class='ocrx_word' id='word_1_229' title='bbox 714 2078 875 2117; x_wconf 89' lang='lat' dir='ltr'>urbem</span> <span class='ocrx_word' id='word_1_230' title='bbox 901 2079 976 2117; x_wconf 81' lang='lat' dir='ltr'>vel</span> <span class='ocrx_word' id='word_1_231' title='bbox 1005 2080 1049 2117; x_wconf 89' lang='lat' dir='ltr'>in</span> <span class='ocrx_word' id='word_1_232' title='bbox 1079 2089 1240 2129; x_wconf 87' lang='lat' dir='ltr'>agros,</span> <span class='ocrx_word' id='word_1_233' title='bbox 1266 2083 1537 2129; x_wconf 88' lang='lat' dir='ltr'>patremque</span> <span class='ocrx_word' id='word_1_234' title='bbox 1560 2077 1678 2129; x_wconf 87' lang='lat' dir='ltr'>ejus,</span> <span class='ocrx_word' id='word_1_235' title='bbox 1705 2079 1783 2130; x_wconf 91' lang='lat' dir='ltr'>qui</span> 
     </span>
     <span class='ocr_line' id='line_1_29' title="bbox 153 2146 1781 2200; baseline 0.002 -14"><span class='ocrx_word' id='word_1_236' title='bbox 153 2146 231 2186; x_wconf 88' lang='lat' dir='ltr'>alit</span> <span class='ocrx_word' id='word_1_237' title='bbox 253 2159 357 2186; x_wconf 92' lang='lat' dir='ltr'>eum</span> <span class='ocrx_word' id='word_1_238' title='bbox 377 2147 423 2186; x_wconf 91' lang='lat' dir='ltr'>in</span> <span class='ocrx_word' id='word_1_239' title='bbox 451 2148 633 2198; x_wconf 90' lang='lat' dir='ltr'>studiis,</span> <span class='ocrx_word' id='word_1_240' title='bbox 667 2149 787 2188; x_wconf 89' lang='lat' dir='ltr'>nolle</span> <span class='ocrx_word' id='word_1_241' title='bbox 809 2161 912 2188; x_wconf 91' lang='lat' dir='ltr'>eum</span> <span class='ocrx_word' id='word_1_242' title='bbox 940 2149 1058 2199; x_wconf 85' lang='lat' dir='ltr'>cogi.</span> <span class='ocrx_word' id='word_1_243' title='bbox 1088 2148 1281 2200; x_wconf 85' lang='lat' dir='ltr'>Saepius</span> <span class='ocrx_word' id='word_1_244' title='bbox 1311 2149 1450 2189; x_wconf 87' lang='lat' dir='ltr'>etiam</span> <span class='ocrx_word' id='word_1_245' title='bbox 1480 2149 1781 2200; x_wconf 89' lang='lat' dir='ltr'>perturbasse</span> 
     </span>
     <span class='ocr_line' id='line_1_30' title="bbox 149 2216 1785 2271; baseline 0.002 -15"><span class='ocrx_word' id='word_1_246' title='bbox 149 2216 440 2267; x_wconf 79' lang='lat' dir='ltr'>J&#39;uventutem</span> <span class='ocrx_word' id='word_1_247' title='bbox 476 2230 615 2269; x_wconf 89' lang='lat' dir='ltr'>quam</span> <span class='ocrx_word' id='word_1_248' title='bbox 649 2219 952 2259; x_wconf 81' lang='lat' dir='ltr'>erudiendam</span> <span class='ocrx_word' id='word_1_249' title='bbox 986 2220 1187 2259; x_wconf 86' lang='lat' dir='ltr'>habebat</span> <span class='ocrx_word' id='word_1_250' title='bbox 1220 2220 1542 2271; x_wconf 88' lang='lat' dir='ltr'>paedagogus.</span> <span class='ocrx_word' id='word_1_251' title='bbox 1584 2220 1785 2260; x_wconf 91' lang='lat' dir='ltr'>Demum</span> 
     </span>
     <span class='ocr_line' id='line_1_31' title="bbox 153 2288 1781 2342; baseline 0.002 -15"><span class='ocrx_word' id='word_1_252' title='bbox 153 2288 327 2328; x_wconf 87' lang='lat' dir='ltr'>factum</span> <span class='ocrx_word' id='word_1_253' title='bbox 348 2296 416 2328; x_wconf 90' lang='lat' dir='ltr'>est</span> <span class='ocrx_word' id='word_1_254' title='bbox 438 2296 506 2338; x_wconf 81' lang='lat' dir='ltr'>ut,</span> <span class='ocrx_word' id='word_1_255' title='bbox 530 2290 694 2329; x_wconf 90' lang='lat' dir='ltr'>nolens</span> <span class='ocrx_word' id='word_1_256' title='bbox 716 2290 877 2330; x_wconf 78' lang='lat' dir='ltr'>vivere</span> <span class='ocrx_word' id='word_1_257' title='bbox 905 2291 989 2330; x_wconf 90' lang='lat' dir='ltr'>sub</span> <span class='ocrx_word' id='word_1_258' title='bbox 1016 2291 1208 2331; x_wconf 88' lang='lat' dir='ltr'>arbitrio</span> <span class='ocrx_word' id='word_1_259' title='bbox 1236 2291 1578 2342; x_wconf 79' lang='lat' dir='ltr'>praeceptoris,</span> <span class='ocrx_word' id='word_1_260' title='bbox 1600 2304 1623 2331; x_wconf 94' lang='lat' dir='ltr'>e</span> <span class='ocrx_word' id='word_1_261' title='bbox 1647 2292 1781 2331; x_wconf 91' lang='lat' dir='ltr'>colle-</span> 
     </span>
     <span class='ocr_line' id='line_1_32' title="bbox 154 2359 1783 2412; baseline 0.002 -14"><span class='ocrx_word' id='word_1_262' title='bbox 154 2359 230 2405; x_wconf 81' lang='lat' dir='ltr'>gio</span> <span class='ocrx_word' id='word_1_263' title='bbox 259 2360 525 2399; x_wconf 84' lang='lat' dir='ltr'>discesserit</span> <span class='ocrx_word' id='word_1_264' title='bbox 554 2360 599 2400; x_wconf 93' lang='lat' dir='ltr'>in</span> <span class='ocrx_word' id='word_1_265' title='bbox 631 2361 880 2412; x_wconf 83' lang='lat' dir='ltr'>quamdam</span> <span class='ocrx_word' id='word_1_266' title='bbox 909 2361 1095 2401; x_wconf 90' lang='lat' dir='ltr'>domum</span> <span class='ocrx_word' id='word_1_267' title='bbox 1126 2363 1436 2412; x_wconf 87' lang='lat' dir='ltr'>saecularem,</span> <span class='ocrx_word' id='word_1_268' title='bbox 1467 2363 1611 2402; x_wconf 91' lang='lat' dir='ltr'>multa</span> <span class='ocrx_word' id='word_1_269' title='bbox 1634 2362 1783 2402; x_wconf 86' lang='lat' dir='ltr'>detra-</span> 
     </span>
     <span class='ocr_line' id='line_1_33' title="bbox 156 2431 1784 2483; baseline 0.003 -15"><span class='ocrx_word' id='word_1_270' title='bbox 156 2436 287 2469; x_wconf 84' lang='lat' dir='ltr'>ctans</span> <span class='ocrx_word' id='word_1_271' title='bbox 315 2431 611 2481; x_wconf 86' lang='lat' dir='ltr'>praeceptori</span> <span class='ocrx_word' id='word_1_272' title='bbox 639 2443 745 2481; x_wconf 89' lang='lat' dir='ltr'>suo,</span> <span class='ocrx_word' id='word_1_273' title='bbox 778 2438 826 2471; x_wconf 93' lang='lat' dir='ltr'>ut</span> <span class='ocrx_word' id='word_1_274' title='bbox 847 2431 1029 2472; x_wconf 88' lang='lat' dir='ltr'>facilius</span> <span class='ocrx_word' id='word_1_275' title='bbox 1050 2432 1352 2483; x_wconf 85' lang='lat' dir='ltr'>persuaderet</span> <span class='ocrx_word' id='word_1_276' title='bbox 1382 2433 1504 2482; x_wconf 90' lang='lat' dir='ltr'>patri</span> <span class='ocrx_word' id='word_1_277' title='bbox 1525 2433 1784 2473; x_wconf 91' lang='lat' dir='ltr'>discessum</span> 
     </span>
     <span class='ocr_line' id='line_1_34' title="bbox 155 2501 420 2551; baseline 0.008 -13"><span class='ocrx_word' id='word_1_278' title='bbox 155 2512 180 2538; x_wconf 87' lang='lat' dir='ltr'>a</span> <span class='ocrx_word' id='word_1_279' title='bbox 206 2501 420 2551; x_wconf 84' lang='lat' dir='ltr'>collegio.</span> 
     </span>
    </p>

    <p class='ocr_par' dir='ltr' id='par_1_4' title="bbox 156 2570 1785 2838">
     <span class='ocr_line' id='line_1_35' title="bbox 235 2570 1784 2625; baseline 0.003 -15"><span class='ocrx_word' id='word_1_280' title='bbox 235 2570 317 2610; x_wconf 82' lang='lat' dir='ltr'>His</span> <span class='ocrx_word' id='word_1_281' title='bbox 340 2571 509 2611; x_wconf 87' lang='lat' dir='ltr'>auditis</span> <span class='ocrx_word' id='word_1_282' title='bbox 530 2572 676 2612; x_wconf 78' lang='lat' dir='ltr'>voluit</span> <span class='ocrx_word' id='word_1_283' title='bbox 710 2573 869 2613; x_wconf 81' lang='lat' dir='ltr'>videre</span> <span class='ocrx_word' id='word_1_284' title='bbox 896 2574 1198 2620; x_wconf 87' lang='lat' dir='ltr'>monachum,</span> <span class='ocrx_word' id='word_1_285' title='bbox 1229 2585 1365 2625; x_wconf 91' lang='lat' dir='ltr'>quem</span> <span class='ocrx_word' id='word_1_286' title='bbox 1393 2575 1455 2614; x_wconf 89' lang='lat' dir='ltr'>ait</span> <span class='ocrx_word' id='word_1_287' title='bbox 1484 2586 1584 2614; x_wconf 91' lang='lat' dir='ltr'>esse</span> <span class='ocrx_word' id='word_1_288' title='bbox 1607 2575 1784 2614; x_wconf 84' lang='lat' dir='ltr'>ordinis</span> 
     </span>
     <span class='ocr_line' id='line_1_36' title="bbox 158 2641 1780 2696; baseline 0.002 -15"><span class='ocrx_word' id='word_1_289' title='bbox 158 2641 265 2681; x_wconf 82' lang='lat' dir='ltr'>Divi</span> <span class='ocrx_word' id='word_1_290' title='bbox 306 2642 561 2688; x_wconf 80' lang='lat' dir='ltr'>Benedicti,</span> <span class='ocrx_word' id='word_1_291' title='bbox 601 2644 767 2684; x_wconf 86' lang='lat' dir='ltr'>aetatis</span> <span class='ocrx_word' id='word_1_292' title='bbox 803 2645 1136 2696; x_wconf 88' lang='lat' dir='ltr'>septemdecim</span> <span class='ocrx_word' id='word_1_293' title='bbox 1175 2657 1426 2696; x_wconf 89' lang='lat' dir='ltr'>annorum,</span> <span class='ocrx_word' id='word_1_294' title='bbox 1465 2652 1544 2685; x_wconf 88' lang='lat' dir='ltr'>aut</span> <span class='ocrx_word' id='word_1_295' title='bbox 1579 2646 1780 2695; x_wconf 90' lang='lat' dir='ltr'>circiter,</span> 
     </span>
     <span class='ocr_line' id='line_1_37' title="bbox 156 2713 1780 2767; baseline 0.003 -16"><span class='ocrx_word' id='word_1_296' title='bbox 156 2713 332 2752; x_wconf 87' lang='lat' dir='ltr'>altioris</span> <span class='ocrx_word' id='word_1_297' title='bbox 370 2714 555 2764; x_wconf 90' lang='lat' dir='ltr'>quidem</span> <span class='ocrx_word' id='word_1_298' title='bbox 596 2720 825 2765; x_wconf 86' lang='lat' dir='ltr'>staturae,</span> <span class='ocrx_word' id='word_1_299' title='bbox 869 2716 1107 2756; x_wconf 90' lang='lat' dir='ltr'>humerale</span> <span class='ocrx_word' id='word_1_300' title='bbox 1147 2722 1328 2756; x_wconf 90' lang='lat' dir='ltr'>tantum</span> <span class='ocrx_word' id='word_1_301' title='bbox 1366 2717 1541 2756; x_wconf 90' lang='lat' dir='ltr'>ordinis</span> <span class='ocrx_word' id='word_1_302' title='bbox 1581 2716 1780 2767; x_wconf 88' lang='lat' dir='ltr'>insigne,</span> 
     </span>
     <span class='ocr_line' id='line_1_38' title="bbox 156 2783 1785 2838; baseline 0.002 -16"><span class='ocrx_word' id='word_1_303' title='bbox 156 2783 279 2833; x_wconf 84' lang='lat' dir='ltr'>quod</span> <span class='ocrx_word' id='word_1_304' title='bbox 313 2784 470 2823; x_wconf 89' lang='lat' dir='ltr'>italico</span> <span class='ocrx_word' id='word_1_305' title='bbox 509 2796 636 2825; x_wconf 90' lang='lat' dir='ltr'>more</span> <span class='ocrx_word' id='word_1_306' title='bbox 671 2786 943 2836; x_wconf 90' lang='lat' dir='ltr'>patientiam</span> <span class='ocrx_word' id='word_1_307' title='bbox 982 2794 1176 2831; x_wconf 79' lang='lat' dir='ltr'>vocant.</span> <span class='ocrx_word' id='word_1_308' title='bbox 1220 2787 1445 2827; x_wconf 88' lang='lat' dir='ltr'>ferentem</span> <span class='ocrx_word' id='word_1_309' title='bbox 1483 2787 1515 2836; x_wconf 90' lang='lat'>¹;</span> <span class='ocrx_word' id='word_1_310' title='bbox 1557 2787 1785 2838; x_wconf 88' lang='lat' dir='ltr'>reliquum</span> 
     </span>
    </p>
   </div>
   <div class='ocr_carea' id='block_1_3' title="bbox 211 2943 1521 2981">
    <p class='ocr_par' dir='ltr' id='par_1_5' title="bbox 211 2943 1521 2981">
     <span class='ocr_line' id='line_1_39' title="bbox 211 2943 1521 2981; baseline 0.003 -12"><span class='ocrx_word' id='word_1_311' title='bbox 211 2943 220 2962; x_wconf 89' lang='lat'>¹</span> <span class='ocrx_word' id='word_1_312' title='bbox 263 2943 448 2978; x_wconf 63' lang='lat' dir='ltr'>§capulare</span> <span class='ocrx_word' id='word_1_313' title='bbox 468 2944 709 2979; x_wconf 63' lang='lat' dir='ltr'>monasticum,</span> <span class='ocrx_word' id='word_1_314' title='bbox 728 2944 912 2973; x_wconf 78' lang='lat' dir='ltr'>humerale</span> <span class='ocrx_word' id='word_1_315' title='bbox 928 2947 1053 2973; x_wconf 78' lang='lat' dir='ltr'>dictum</span> <span class='ocrx_word' id='word_1_316' title='bbox 1069 2947 1147 2981; x_wconf 83' lang='lat' dir='ltr'>quia</span> <span class='ocrx_word' id='word_1_317' title='bbox 1164 2948 1204 2973; x_wconf 79' lang='lat' dir='ltr'>ab</span> <span class='ocrx_word' id='word_1_318' title='bbox 1223 2947 1372 2973; x_wconf 87' lang='lat' dir='ltr'>humeris</span> <span class='ocrx_word' id='word_1_319' title='bbox 1388 2947 1521 2980; x_wconf 75' lang='lat' dir='ltr'>pendet.</span> 
     </span>
    </p>
   </div>
  </div>
 </body>
</html>
