1987 3260
868 178 947 216 Ax.
979 178 1069 216 1550
1718 181 1785 218 181

158 276 381 327 pulissent
402 281 539 326 atque
561 275 627 315 eis
648 276 703 315 de
731 276 943 316 omnibus
978 275 1274 325 necessariis,
1306 281 1403 316 tum
1441 276 1499 315 ad
1536 276 1782 317 habitatio-

157 358 262 386 nem
279 352 376 386 tum
393 345 451 386 ad
464 346 616 386 studia
633 346 966 397 spectantibus,
990 345 1167 386 affatim
1185 346 1371 385 omnino
1390 346 1630 397 provisum
1646 354 1784 397 esset,

158 424 487 468 praeterquam
516 416 638 467 quod
670 416 833 457 domus
865 417 931 457 eis
958 417 1016 456 ab
1044 417 1174 457 initio
1204 416 1440 467 dedicata,
1470 428 1572 456 meo
1601 417 1786 468 quidem

153 486 343 537 judicio,
367 488 596 538 omnium,
621 499 739 539 quae
763 488 809 527 in
830 488 918 528 hac
940 488 1130 528 civitate
1154 487 1462 538 reperiuntur,
1493 493 1561 527 est
1583 499 1784 527 commo-

156 558 369 608 dissima,
393 564 490 598 tum
511 565 700 609 propter
732 559 965 606 cubicula,
990 558 1132 598 multa
1163 569 1309 609 eaque
1330 557 1504 609 optima
1524 590 1531 607 ‚
1555 564 1652 598 tum
1682 570 1783 610 pro-

155 635 256 679 pter
283 629 405 669 horti
433 629 822 680 magnitudinem,
856 636 952 670 tum
983 629 1123 669 etiarn
1150 636 1340 680 propter
1371 629 1636 669 scholarum
1661 640 1784 669 com-

154 699 438 750 moditatem,
462 701 643 751 quaein
665 707 797 752 parte
821 701 942 740 horti
964 699 1120 740 domui
1142 706 1265 740 stant
1287 700 1551 751 oppositae,
1577 706 1715 752 atque
1738 701 1783 740 in

154 770 398 821 principali
420 773 599 822 platea,
621 782 739 822 quae
761 772 807 811 in
828 778 989 811 centro
1012 771 1145 822 quasi
1175 777 1243 810 est
1275 771 1503 819 civitatis,
1534 771 1782 811 terminan-

154 846 240 885 tur,
272 841 378 880 licet
400 841 456 881 ob
492 841 579 882 hoc
615 848 821 882 remotae
852 842 1112 892 videantur,
1149 841 1369 893 quoniam
1402 842 1555 881 nullus
1586 842 1782 882 sentitur

154 912 374 962 strepitus
395 918 438 952 et
462 913 565 952 aliis
581 912 794 952 domibus
810 924 903 952 non
920 919 1026 952 sunt
1047 912 1379 952 circumdatae.

234 981 440 1022 Reverso
462 983 602 1023 etiam
622 995 680 1023 ex
709 982 928 1023 Messana
959 995 1064 1023 cum
1096 983 1143 1022 P.
1166 984 1355 1034 Laynez
1376 982 1623 1034 Pro-rege,
1648 983 1778 1023 initia

153 1052 316 1092 studiis
338 1059 444 1093 sunt
465 1054 574 1093 data
595 1054 659 1094 ita
687 1061 736 1093 ut
764 1054 809 1093 in
837 1053 880 1093 S.
915 1053 1198 1094 Catharinae
1228 1053 1366 1104 festo,
1396 1060 1641 1105 praesente
1671 1053 1777 1094 Pro—

152 1134 263 1173 rege
297 1131 486 1175 totaque
517 1124 721 1171 civitate,
760 1136 866 1164 cum
900 1125 1054 1164 multis
1086 1125 1334 1173 nobilibus,
1373 1125 1553 1165 eximiis
1588 1125 1703 1165 viris
1733 1132 1777 1165 et

154 1196 335 1244 populo,
360 1195 479 1234 duae
500 1195 685 1234 habitae
707 1202 813 1234 sunt
835 1195 1077 1241 lectiones,
1103 1197 1249 1235 altera
1272 1196 1317 1235 in
1339 1195 1597 1246 theologia,
1628 1197 1776 1236 altera

150 1378 365 1412 attingantur
388 1379 593 1413 summatim,
617 1380 648 1406 in
663 1387 727 1413 quo
743 1380 876 1407 omnino
893 1384 963 1406 tres
978 1380 1104 1407 vetusti
1121 1380 1262 1412 codices,
1281 1387 1362 1414 quos
1377 1388 1440 1414 ego
1456 1381 1535 1414 vidi,
1550 1381 1774 1408 consentiunt.

149 1424 200 1451 Ex
216 1426 256 1452 iis
270 1431 384 1453 autem
400 1427 474 1458 duo,
491 1427 594 1454 latine
610 1427 804 1461 conscripti,
831 1427 879 1454 ita
903 1427 1045 1454 habent:
1070 1427 1207 1461 primus,
1232 1428 1326 1461 isque
1350 1428 1602 1455 vetustissimus
1617 1429 1774 1455 omnium:

149 1473 209 1499 “ab
224 1472 358 1507 Ignatio
372 1474 489 1501 eodem
512 1482 598 1501 anno
622 1482 678 1506 xxi,
704 1475 860 1502 nimirum
884 1474 1044 1501 Nicolaus
1066 1474 1226 1510 Lanoyus
1251 1474 1392 1509 Collegii
1416 1476 1614 1510 designatus
1640 1476 1774 1509 Rector,

152 1519 274 1546 Paulus
299 1521 461 1555 Achilles,
489 1521 609 1549 Petrus
630 1521 812 1555 Venustus,
838 1522 960 1549 Petrus
984 1521 1228 1555 Ribadeneira,
1253 1523 1399 1555 Joannes
1424 1522 1606 1557 Rogerius,
1631 1523 1775 1551 Michael

150 1566 310 1601 Botellus,
328 1568 473 1596 Sanctus
487 1568 675 1602 Navarrus,
702 1569 861 1596 Nicolaus
885 1569 1144 1601 StisoferratuS.
1166 1570 1312 1603 Joannes
1336 1570 1493 1605 Baptista
1518 1571 1774 1606 Sanctopetrus‚

151 1623 189 1642 ac
207 1620 276 1642 tres
291 1620 482 1649 praeterea,
499 1616 691 1651 Septembri
706 1624 818 1644 mense
843 1618 989 1651 ineunte,
1011 1618 1223 1651 mittuntur:„
1237 1625 1257 1645 a
1273 1625 1336 1651 quo
1351 1625 1489 1645 numero
1511 1618 1673 1650 Jacobum
1689 1618 1777 1653 Lay-

149 1663 250 1691 nium,
268 1662 511 1699 Hieronymum
536 1663 812 1698 Domenechium,
838 1669 871 1691 et
893 1664 1094 1698 juvenalem
1117 1665 1311 1692 Busterium
1335 1670 1453 1699 aperte
1477 1666 1637 1697 excludit,
1664 1665 1775 1692 subdit

148 1710 246 1736 enim:
264 1710 313 1736 “hi
339 1710 381 1737 ad
402 1717 458 1737 xn.
484 1711 613 1738 calend.
640 1711 797 1739 Octobris
821 1712 1025 1739 Panormum
1049 1712 1197 1746 adducti,
1222 1719 1412 1747 magnaque
1429 1713 1585 1745 omnium,
1603 1720 1641 1739 ac
1657 1712 1775 1746 Vegae

148 1757 352 1790 praesertim
366 1758 498 1785 laetitia
515 1760 657 1793 excepti,
674 1767 750 1786 cum
770 1759 895 1792 Jacobo
919 1759 1061 1795 Laynio,
1087 1759 1293 1794 Hieronymo
1315 1760 1554 1790 Domenechio,
1571 1764 1604 1786 et
1620 1759 1775 1792 Juvenali

152 1803 318 1838 Busterio,
334 1805 388 1839 qui
405 1812 465 1838 per
480 1806 511 1833 id
527 1807 689 1840 temporis
705 1806 829 1841 Ignatii
842 1807 939 1842 jussu
954 1807 1112 1834 Panormi
1133 1807 1210 1835 aliis
1235 1812 1337 1842 atque
1359 1808 1435 1834 allis
1457 1808 1602 1841 negotiis
1625 1807 1775 1841 impediti

150 1853 389 1885 versabantur,
405 1857 442 1880 ut
457 1852 612 1887 Ignatius
623 1855 785 1889 jusserat,
799 1862 833 1882 se
851 1856 1056 1889 conjungunt
1071 1859 1104 1882 et
1121 1854 1263 1889 Collegii
1285 1855 1503 1882 fundamenta
1526 1858 1683 1888 ponunt.„
1699 1854 1776 1887 Qui-

147 1898 208 1925 bus
223 1899 347 1926 addere
364 1903 414 1926 est
430 1899 601 1932 Julianum
621 1901 820 1933 Flandrum,
842 1901 1061 1929 Domenechii
1083 1903 1226 1930 socium:
1249 1910 1327 1929 nam
1349 1902 1525 1936 Philippus
1551 1902 1704 1935 Casinus,
1721 1903 1775 1936 qui

147 1953 222 1972 cum
237 1945 368 1981 Laynio
385 1952 540 1979 venerat,
560 1952 597 1975 ut
613 1947 780 1976 Codretus
795 1949 957 1983 meminit,
980 1950 1155 1978 duodecim
1179 1950 1245 1977 illis
1269 1950 1544 1981 adventantibus,
1565 1949 1606 1976 ad
1628 1949 1777 1977 infimam

145 1994 394 2027 grammaticae
410 1995 554 2022 classem
569 1996 741 2029 tuendam,
758 1996 948 2024 Messanam
960 2002 1184 2025 concesserat.
1197 1998 1297 2024 Alter
1310 2004 1403 2030 vero,
1419 1997 1525 2024 Paulo
1538 1997 1671 2024 Achille
1684 1997 1775 2029 vivo,

146 2040 256 2068 editus
272 2041 388 2073 codex,
404 2043 685 2075 quemadmodum
698 2048 817 2071 auctor
828 2044 947 2078 innuit,
960 2045 1167 2072 enumeratis
1178 2052 1239 2078 per
1251 2044 1387 2072 nomina
1400 2048 1433 2071 et
1445 2043 1774 2078 cognominaiisdem

145 2095 282 2119 novem,
299 2090 512 2116 continenter
527 2090 678 2125 subjicit:
697 2092 753 2118 “et
770 2096 840 2118 tres
855 2091 928 2123 alii,
946 2100 1085 2126 quorum
1107 2092 1243 2120 nomina
1266 2099 1330 2119 non
1351 2096 1562 2119 succurrunt.
1574 2113 1587 2124 „
1610 2091 1775 2118 Codretus

146 2135 286 2169 Δεηίᾳυε
303 2136 417 2163 decem
430 2137 531 2164 fuisse
547 2142 722 2171 memor-au
741 2139 789 2165 ait
805 2139 903 2166 enim:
923 2138 1002 2166 f‘hoc
1018 2139 1200 2166 secundum
1216 2140 1248 2166 in
1264 2139 1380 2166 Sicilia
1395 2138 1582 2173 Collegium
1598 2139 1670 2170 fuit.
1687 2145 1774 2166 anno

147 2181 251 2209 ferme
268 2188 343 2217 post
358 2182 582 2218 Messanense,
599 2186 825 2220 sesquialtero
841 2190 1084 2219 constructum,
1110 2187 1294 2221 eodemque
1316 2187 1458 2214 Patrum
1478 2186 1705 2220 Fratrumque
1722 2194 1776 2213 nu-

144 2236 248 2262 mero,
265 2230 448 2265 iisdemque
469 2232 635 2260 reditibus
657 2233 919 2268 quingentorum
941 2242 1122 2262 aureorum
1143 2235 1175 2261 in
1197 2242 1303 2262 annos
1325 2234 1504 2268 singulos„
1526 2234 1611 2261 Nam
1627 2234 1682 2268 qui
1697 2233 1774 2261 Col·

147 2277 272 2311 legium
287 2278 384 2311 primi
401 2279 579 2306 condidere
594 2280 832 2308 Mamertinum
847 2282 962 2309 decem
977 2282 1079 2309 fuisse
1095 2282 1298 2309 tradiderat.
1320 2281 1385 2309 Sed
1409 2289 1484 2309 cum
1500 2281 1667 2308 Panormo
1681 2282 1774 2308 abes-

145 2325 340 2353 set.mirum
356 2333 420 2352 non
445 2330 496 2353 est
521 2335 596 2354 eum
619 2328 651 2354 in
675 2329 726 2355 die
753 2336 882 2363 quoque
909 2329 1076 2357 adventus
1101 2316 1305 2362 adnotando,
1331 2336 1430 2364 quem
1454 2329 1496 2356 ad
1521 2328 1627 2363 pridie
1643 2329 1773 2356 calend.

145 2370 301 2399 Octobris
327 2373 454 2407 rejicit,
481 2375 657 2402 titubasse.
683 2375 867 2404 Caeterum
890 2377 1129 2404 dissentientes
1157 2377 1343 2412 scriptores
1365 2377 1409 2404 ad
1432 2377 1593 2404 veritatis
1620 2376 1773 2403 semitam

144 2420 301 2447 revocari
319 2421 417 2448 facile
432 2429 528 2456 posse
545 2423 704 2454 arbitror,
721 2424 747 2451 si
765 2428 834 2451 tres
850 2425 942 2456 illos,
963 2432 1104 2459 quorum
1126 2425 1261 2452 nomina
1283 2425 1472 2459 antiquitas
1494 2424 1705 2456 obliteravit,
1721 2425 1775 2451 ob-

144 2466 314 2495 scuriores
329 2468 432 2496 fuisse
448 2469 600 2497 homines
614 2471 800 2505 opinemur,
816 2472 1009 2499 domesticis
1024 2472 1193 2506 obsequiis
1208 2472 1372 2506 addictos,
1400 2479 1482 2506 quos
1505 2479 1606 2500 caeco
1628 2472 1772 2506 quodam

143 2513 278 2542 silentio
294 2516 492 2544 nominatim
507 2525 571 2544 non
586 2518 738 2552 indicari,
756 2526 853 2546 nemo
869 2520 1010 2547 doleret.
1023 2519 1061 2547 In
1076 2527 1117 2547 ea
1132 2524 1247 2547 autem
1259 2520 1392 2547 colonia
1407 2520 1512 2547 laicos
1528 2520 1656 2554 aliquot
1671 2519 1773 2546 fuisse

144 2564 316 2588 testantur
333 2564 486 2597 publicae
500 2564 650 2598 litterae,
667 2566 785 2599 quibus
807 2566 844 2593 Β.
868 2566 1020 2600 Ignatius
1041 2575 1101 2602 per
1126 2567 1355 2598 tabellionem.
1376 2567 1527 2594 Blasium
1548 2567 1586 2593 de
1609 2565 1773 2593 Casarru-

144 2607 227 2642 bias,
244 2608 368 2637 Romae
385 2619 471 2638 anno
488 2612 565 2645 1552,
581 2613 614 2639 27
626 2612 765 2647 Aprilis,
783 2612 925 2648 Collegii
940 2614 1173 2642 Panormitani
1195 2615 1444 2642 institutionem
1459 2619 1573 2641 ratam
1589 2614 1723 2645 habuit:
1740 2614 1772 2640 in

144 2655 264 2687 quibus
279 2662 339 2684 est:
358 2658 465 2685 “misit
483 2659 525 2686 ad
543 2660 719 2687 civitatem
735 2660 1015 2689 Panormitanam
1029 2661 1068 2688 R.
1085 2662 1118 2688 P.
1136 2662 1176 2689 D.
1192 2661 1395 2696 Magistrum
1410 2661 1587 2689 Nicolaum
1599 2661 1637 2687 de
1651 2661 1768 2693 Lanoi,

145 2705 178 2728 et
194 2703 279 2730 alios
300 2706 531 2740 presbyteros,
553 2711 586 2736 et
608 2707 781 2734 scholares
802 2707 997 2741 Societatis,
1017 2713 1050 2736 et
1072 2710 1176 2736 laicos
1199 2709 1309 2736 dictae
1333 2708 1574 2741 Societatis...‚,
1591 2708 1770 2742 Hucusque

144 2748 324 2785 Aguilera,
346 2760 373 2779 c.
396 2753 437 2785 II,
459 2754 540 2787 n.(l.,
565 2755 619 2789 qui
636 2755 772 2782 tandem
797 2757 981 2783 concludit:
998 2758 1149 2784 “omnino
1170 2757 1284 2791 igitur,
1302 2757 1357 2791 qui
1373 2756 1650 2784 Panormitanum
1666 2755 1773 2782 Colle-

142 2794 234 2828 gium
250 2799 348 2831 primi
364 2800 586 2836 incoluerunt,
602 2802 773 2830 sexdecim
788 2803 959 2830 numerari
976 2808 1143 2838 oportere,
1160 2811 1220 2838 pro
1235 2807 1408 2838 comperto
1423 2804 1636 2837 relinquitur,
1652 2803 1678 2829 si
1695 2803 1771 2829 duo-

143 2844 252 2873 decim
267 2846 342 2879 illis,
359 2847 414 2881 qui
426 2855 490 2875 uno
502 2853 691 2876 commeatu
708 2850 813 2877 delati
828 2854 915 2881 sunt,
930 2850 1129 2886 Laynius'et
1145 2851 1394 2878 Domenechius
1415 2858 1489 2878 cum
1513 2851 1640 2877 duobus
1658 2850 1769 2887 sociis,

142 2890 275 2923 Juliano
299 2897 329 2920 et
346 2893 499 2922 Carnoza
513 2895 689 2929 (Zornoza)
704 2903 1031 2930 annumerentur.,.-—-
1044 2898 1118 2931 Jam
1134 2906 1216 2926 vero
1231 2900 1337 2925 multo
1356 2899 1474 2933 major.
1500 2898 1530 2925 ni
1548 2899 1690 2924 multum
1707 2897 1768 2923 fal-

145 2936 253 2968 limur.
269 2939 348 2968 fides
368 2941 510 2968 debetur
531 2941 607 2969 huic
623 2949 642 2970 a
657 2942 804 2970 Polanco
820 2944 1018 2972 emendatae
1033 2945 1190 2974 versioni,
1204 2950 1320 2979 utpote
1333 2946 1596 2979 quibuscumque
1611 2944 1770 2971 vetustis-

147 2983 243 3013 simis
259 2987 427 3015 codicibus
444 2989 636 3017 vetustiori.
