<?xml version="1.0" encoding="UTF-8"?>
<!DOCTYPE html PUBLIC "-//W3C//DTD XHTML 1.0 Transitional//EN"
    "http://www.w3.org/TR/xhtml1/DTD/xhtml1-transitional.dtd">
<html xmlns="http://www.w3.org/1999/xhtml" xml:lang="en" lang="en">
 <head>
  <title>
</title>
<meta http-equiv="Content-Type" content="text/html;charset=utf-8" />
  <meta name='ocr-system' content='tesseract 3.04.00' />
  <meta name='ocr-capabilities' content='ocr_page ocr_carea ocr_par ocr_line ocrx_word'/>
</head>
<body>
  <div class='ocr_page' id='page_1' title='image "./litteraequadrime1301lain_0239.png"; bbox 0 0 1987 3260; ppageno 0'>
   <div class='ocr_carea' id='block_1_1' title="bbox 890 177 1783 215">
    <p class='ocr_par' dir='ltr' id='par_1_1' title="bbox 890 177 1783 215">
     <span class='ocr_line' id='line_1_1' title="bbox 890 177 1783 215; baseline 0 0"><span class='ocrx_word' id='word_1_1' title='bbox 890 179 973 215; x_wconf 70' lang='lat' dir='ltr'>Ax.</span> <span class='ocrx_word' id='word_1_2' title='bbox 1006 177 1096 215; x_wconf 77' lang='lat'>1550</span> <span class='ocrx_word' id='word_1_3' title='bbox 1711 178 1783 215; x_wconf 76' lang='lat'>233</span> 
     </span>
    </p>
   </div>
   <div class='ocr_carea' id='block_1_2' title="bbox 154 273 1810 2802">
    <p class='ocr_par' dir='ltr' id='par_1_2' title="bbox 154 273 1783 738">
     <span class='ocr_line' id='line_1_2' title="bbox 154 273 1781 325; baseline -0.001 -11"><span class='ocrx_word' id='word_1_4' title='bbox 154 275 312 324; x_wconf 87' lang='lat' dir='ltr'>batur,</span> <span class='ocrx_word' id='word_1_5' title='bbox 351 274 438 314; x_wconf 90' lang='lat' dir='ltr'>nisi</span> <span class='ocrx_word' id='word_1_6' title='bbox 475 274 756 314; x_wconf 90' lang='lat' dir='ltr'>obstitissem</span> <span class='ocrx_word' id='word_1_7' title='bbox 795 285 902 325; x_wconf 85' lang='lat' dir='ltr'>ego,</span> <span class='ocrx_word' id='word_1_8' title='bbox 939 274 1065 314; x_wconf 91' lang='lat' dir='ltr'>illam</span> <span class='ocrx_word' id='word_1_9' title='bbox 1105 273 1203 313; x_wconf 86' lang='lat' dir='ltr'>voti</span> <span class='ocrx_word' id='word_1_10' title='bbox 1237 279 1499 324; x_wconf 90' lang='lat' dir='ltr'>compotem</span> <span class='ocrx_word' id='word_1_11' title='bbox 1533 273 1652 323; x_wconf 84' lang='lat' dir='ltr'>sore,</span> <span class='ocrx_word' id='word_1_12' title='bbox 1689 286 1781 313; x_wconf 91' lang='lat' dir='ltr'>non</span> 
     </span>
     <span class='ocr_line' id='line_1_3' title="bbox 155 343 1781 396; baseline -0.001 -11"><span class='ocrx_word' id='word_1_13' title='bbox 155 345 254 386; x_wconf 90' lang='lat' dir='ltr'>sine</span> <span class='ocrx_word' id='word_1_14' title='bbox 277 345 409 385; x_wconf 90' lang='lat' dir='ltr'>ruina</span> <span class='ocrx_word' id='word_1_15' title='bbox 430 345 575 396; x_wconf 88' lang='lat' dir='ltr'>ipsius</span> <span class='ocrx_word' id='word_1_16' title='bbox 595 345 879 385; x_wconf 87' lang='lat' dir='ltr'>monasterii.</span> <span class='ocrx_word' id='word_1_17' title='bbox 903 343 1094 385; x_wconf 87' lang='lat' dir='ltr'>Sublata</span> <span class='ocrx_word' id='word_1_18' title='bbox 1113 344 1310 395; x_wconf 79' lang='lat' dir='ltr'>proinde</span> <span class='ocrx_word' id='word_1_19' title='bbox 1327 344 1453 383; x_wconf 91' lang='lat' dir='ltr'>omni</span> <span class='ocrx_word' id='word_1_20' title='bbox 1473 355 1554 395; x_wconf 90' lang='lat' dir='ltr'>spe</span> <span class='ocrx_word' id='word_1_21' title='bbox 1575 343 1781 394; x_wconf 86' lang='lat' dir='ltr'>hujusce-</span> 
     </span>
     <span class='ocr_line' id='line_1_4' title="bbox 156 414 1781 467; baseline -0.001 -12"><span class='ocrx_word' id='word_1_22' title='bbox 156 416 283 455; x_wconf 84' lang='lat' dir='ltr'>modi</span> <span class='ocrx_word' id='word_1_23' title='bbox 304 415 563 466; x_wconf 76' lang='lat' dir='ltr'>electionis,</span> <span class='ocrx_word' id='word_1_24' title='bbox 588 415 706 455; x_wconf 93' lang='lat' dir='ltr'>duae</span> <span class='ocrx_word' id='word_1_25' title='bbox 728 422 886 467; x_wconf 90' lang='lat' dir='ltr'>partes</span> <span class='ocrx_word' id='word_1_26' title='bbox 903 414 1171 466; x_wconf 79' lang='lat' dir='ltr'>eligentium</span> <span class='ocrx_word' id='word_1_27' title='bbox 1189 420 1232 454; x_wconf 91' lang='lat' dir='ltr'>et</span> <span class='ocrx_word' id='word_1_28' title='bbox 1251 426 1304 454; x_wconf 89' lang='lat' dir='ltr'>eo</span> <span class='ocrx_word' id='word_1_29' title='bbox 1323 414 1522 466; x_wconf 88' lang='lat' dir='ltr'>amplius</span> <span class='ocrx_word' id='word_1_30' title='bbox 1539 414 1596 454; x_wconf 92' lang='lat' dir='ltr'>ad</span> <span class='ocrx_word' id='word_1_31' title='bbox 1613 415 1781 464; x_wconf 83' lang='lat' dir='ltr'>eligen-</span> 
     </span>
     <span class='ocr_line' id='line_1_5' title="bbox 155 485 1780 538; baseline -0.001 -12"><span class='ocrx_word' id='word_1_32' title='bbox 155 486 264 526; x_wconf 89' lang='lat' dir='ltr'>dum</span> <span class='ocrx_word' id='word_1_33' title='bbox 299 486 547 538; x_wconf 89' lang='lat' dir='ltr'>quamdam</span> <span class='ocrx_word' id='word_1_34' title='bbox 581 487 741 534; x_wconf 87' lang='lat' dir='ltr'>aliam,</span> <span class='ocrx_word' id='word_1_35' title='bbox 766 492 810 526; x_wconf 84' lang='lat' dir='ltr'>et</span> <span class='ocrx_word' id='word_1_36' title='bbox 831 492 984 527; x_wconf 87' lang='lat' dir='ltr'>aetate</span> <span class='ocrx_word' id='word_1_37' title='bbox 1014 492 1058 526; x_wconf 91' lang='lat' dir='ltr'>et</span> <span class='ocrx_word' id='word_1_38' title='bbox 1089 485 1354 526; x_wconf 91' lang='lat' dir='ltr'>conditione</span> <span class='ocrx_word' id='word_1_39' title='bbox 1375 485 1780 537; x_wconf 81' lang='lat' dir='ltr'>praestantiorem,</span> 
     </span>
     <span class='ocr_line' id='line_1_6' title="bbox 156 555 1782 609; baseline -0.001 -13"><span class='ocrx_word' id='word_1_40' title='bbox 156 568 240 596; x_wconf 88' lang='lat' dir='ltr'>sua</span> <span class='ocrx_word' id='word_1_41' title='bbox 263 557 415 596; x_wconf 87' lang='lat' dir='ltr'>studia</span> <span class='ocrx_word' id='word_1_42' title='bbox 437 563 785 607; x_wconf 88' lang='lat' dir='ltr'>converterunt;</span> <span class='ocrx_word' id='word_1_43' title='bbox 815 569 905 609; x_wconf 89' lang='lat' dir='ltr'>qua</span> <span class='ocrx_word' id='word_1_44' title='bbox 928 559 1095 607; x_wconf 89' lang='lat' dir='ltr'>electa,</span> <span class='ocrx_word' id='word_1_45' title='bbox 1120 562 1373 597; x_wconf 89' lang='lat' dir='ltr'>tractatum</span> <span class='ocrx_word' id='word_1_46' title='bbox 1395 563 1464 596; x_wconf 88' lang='lat' dir='ltr'>est</span> <span class='ocrx_word' id='word_1_47' title='bbox 1486 556 1542 596; x_wconf 92' lang='lat' dir='ltr'>de</span> <span class='ocrx_word' id='word_1_48' title='bbox 1564 555 1782 595; x_wconf 83' lang='lat' dir='ltr'>reforma-</span> 
     </span>
     <span class='ocr_line' id='line_1_7' title="bbox 156 626 1783 679; baseline -0.001 -12"><span class='ocrx_word' id='word_1_49' title='bbox 156 627 280 667; x_wconf 88' lang='lat' dir='ltr'>tione</span> <span class='ocrx_word' id='word_1_50' title='bbox 302 627 592 678; x_wconf 86' lang='lat' dir='ltr'>monasterii,</span> <span class='ocrx_word' id='word_1_51' title='bbox 617 628 740 679; x_wconf 89' lang='lat' dir='ltr'>quod</span> <span class='ocrx_word' id='word_1_52' title='bbox 768 628 1006 679; x_wconf 84' lang='lat' dir='ltr'>negotium</span> <span class='ocrx_word' id='word_1_53' title='bbox 1033 628 1079 667; x_wconf 89' lang='lat' dir='ltr'>in</span> <span class='ocrx_word' id='word_1_54' title='bbox 1107 627 1305 667; x_wconf 90' lang='lat' dir='ltr'>reditum</span> <span class='ocrx_word' id='word_1_55' title='bbox 1332 626 1486 666; x_wconf 82' lang='lat' dir='ltr'>Patris</span> <span class='ocrx_word' id='word_1_56' title='bbox 1511 626 1701 677; x_wconf 84' lang='lat' dir='ltr'>Laynez</span> <span class='ocrx_word' id='word_1_57' title='bbox 1722 626 1783 665; x_wconf 91' lang='lat' dir='ltr'>di-</span> 
     </span>
     <span class='ocr_line' id='line_1_8' title="bbox 157 699 408 738; baseline -0.004 -2"><span class='ocrx_word' id='word_1_58' title='bbox 157 699 303 737; x_wconf 86' lang='lat' dir='ltr'>latum</span> <span class='ocrx_word' id='word_1_59' title='bbox 323 705 408 738; x_wconf 88' lang='lat' dir='ltr'>est.</span> 
     </span>
    </p>

    <p class='ocr_par' dir='ltr' id='par_1_3' title="bbox 156 767 1788 1528">
     <span class='ocr_line' id='line_1_9' title="bbox 235 767 1785 818; baseline -0.001 -11"><span class='ocrx_word' id='word_1_60' title='bbox 235 767 327 808; x_wconf 85' lang='lat' dir='ltr'>Sub</span> <span class='ocrx_word' id='word_1_61' title='bbox 348 768 463 808; x_wconf 86' lang='lat' dir='ltr'>haec</span> <span class='ocrx_word' id='word_1_62' title='bbox 492 769 538 808; x_wconf 90' lang='lat' dir='ltr'>in</span> <span class='ocrx_word' id='word_1_63' title='bbox 565 769 778 809; x_wconf 86' lang='lat' dir='ltr'>morbum</span> <span class='ocrx_word' id='word_1_64' title='bbox 804 769 964 809; x_wconf 79' lang='lat' dir='ltr'>incidit</span> <span class='ocrx_word' id='word_1_65' title='bbox 993 769 1222 809; x_wconf 80' lang='lat' dir='ltr'>Dominus</span> <span class='ocrx_word' id='word_1_66' title='bbox 1244 767 1440 808; x_wconf 86' lang='lat' dir='ltr'>Praeses</span> <span class='ocrx_word' id='word_1_67' title='bbox 1467 767 1474 785; x_wconf 93' lang='lat'><strong>¹</strong></span> <span class='ocrx_word' id='word_1_68' title='bbox 1498 767 1627 817; x_wconf 88' lang='lat' dir='ltr'>apud</span> <span class='ocrx_word' id='word_1_69' title='bbox 1649 779 1785 818; x_wconf 89' lang='lat' dir='ltr'>quem</span> 
     </span>
     <span class='ocr_line' id='line_1_10' title="bbox 156 838 1784 890; baseline -0.001 -12"><span class='ocrx_word' id='word_1_70' title='bbox 156 839 488 879; x_wconf 78' lang='lat' dir='ltr'>consolationis</span> <span class='ocrx_word' id='word_1_71' title='bbox 510 838 607 890; x_wconf 86' lang='lat' dir='ltr'>ejus</span> <span class='ocrx_word' id='word_1_72' title='bbox 629 851 771 880; x_wconf 87' lang='lat' dir='ltr'>causa</span> <span class='ocrx_word' id='word_1_73' title='bbox 792 840 942 880; x_wconf 88' lang='lat' dir='ltr'>mansi</span> <span class='ocrx_word' id='word_1_74' title='bbox 962 851 1078 890; x_wconf 90' lang='lat' dir='ltr'>pene</span> <span class='ocrx_word' id='word_1_75' title='bbox 1108 839 1323 879; x_wconf 88' lang='lat' dir='ltr'>assiduus</span> <span class='ocrx_word' id='word_1_76' title='bbox 1354 839 1431 878; x_wconf 93' lang='lat' dir='ltr'>diu</span> <span class='ocrx_word' id='word_1_77' title='bbox 1458 846 1690 889; x_wconf 89' lang='lat' dir='ltr'>noctuque</span> <span class='ocrx_word' id='word_1_78' title='bbox 1709 849 1716 887; x_wconf 79' lang='lat'><em>3</em></span> <span class='ocrx_word' id='word_1_79' title='bbox 1738 838 1784 877; x_wconf 91' lang='lat' dir='ltr'>in</span> 
     </span>
     <span class='ocr_line' id='line_1_11' title="bbox 156 909 1784 962; baseline -0.001 -13"><span class='ocrx_word' id='word_1_80' title='bbox 156 921 447 961; x_wconf 88' lang='lat' dir='ltr'>quocumque</span> <span class='ocrx_word' id='word_1_81' title='bbox 482 910 545 950; x_wconf 93' lang='lat' dir='ltr'>illi</span> <span class='ocrx_word' id='word_1_82' title='bbox 578 911 707 962; x_wconf 90' lang='lat' dir='ltr'>potui</span> <span class='ocrx_word' id='word_1_83' title='bbox 741 910 928 961; x_wconf 78' lang='lat' dir='ltr'>adesse,</span> <span class='ocrx_word' id='word_1_84' title='bbox 958 922 1051 950; x_wconf 90' lang='lat' dir='ltr'>non</span> <span class='ocrx_word' id='word_1_85' title='bbox 1078 910 1201 950; x_wconf 87' lang='lat' dir='ltr'>defui</span> <span class='ocrx_word' id='word_1_86' title='bbox 1237 909 1387 949; x_wconf 84' lang='lat' dir='ltr'>officio</span> <span class='ocrx_word' id='word_1_87' title='bbox 1424 921 1539 949; x_wconf 88' lang='lat' dir='ltr'>meo.</span> <span class='ocrx_word' id='word_1_88' title='bbox 1578 909 1668 948; x_wconf 87' lang='lat' dir='ltr'>Ter</span> <span class='ocrx_word' id='word_1_89' title='bbox 1704 915 1784 948; x_wconf 90' lang='lat' dir='ltr'>aut</span> 
     </span>
     <span class='ocr_line' id='line_1_12' title="bbox 157 979 1785 1031; baseline -0.001 -12"><span class='ocrx_word' id='word_1_90' title='bbox 157 986 322 1031; x_wconf 88' lang='lat' dir='ltr'>quater</span> <span class='ocrx_word' id='word_1_91' title='bbox 364 981 409 1020; x_wconf 93' lang='lat' dir='ltr'>in</span> <span class='ocrx_word' id='word_1_92' title='bbox 445 981 583 1031; x_wconf 81' lang='lat' dir='ltr'>gravi</span> <span class='ocrx_word' id='word_1_93' title='bbox 617 988 661 1021; x_wconf 86' lang='lat' dir='ltr'>et</span> <span class='ocrx_word' id='word_1_94' title='bbox 688 982 886 1021; x_wconf 89' lang='lat' dir='ltr'>molesta</span> <span class='ocrx_word' id='word_1_95' title='bbox 913 981 990 1021; x_wconf 89' lang='lat' dir='ltr'>illa</span> <span class='ocrx_word' id='word_1_96' title='bbox 1026 992 1110 1021; x_wconf 90' lang='lat' dir='ltr'>sua</span> <span class='ocrx_word' id='word_1_97' title='bbox 1144 981 1412 1020; x_wconf 86' lang='lat' dir='ltr'>infirmitate</span> <span class='ocrx_word' id='word_1_98' title='bbox 1443 979 1685 1020; x_wconf 85' lang='lat' dir='ltr'>confessus</span> <span class='ocrx_word' id='word_1_99' title='bbox 1715 986 1785 1019; x_wconf 89' lang='lat' dir='ltr'>est</span> 
     </span>
     <span class='ocr_line' id='line_1_13' title="bbox 157 1050 1784 1102; baseline 0 -12"><span class='ocrx_word' id='word_1_100' title='bbox 157 1051 283 1097; x_wconf 75' lang='lat' dir='ltr'>mihi.</span> <span class='ocrx_word' id='word_1_101' title='bbox 308 1058 351 1090; x_wconf 80' lang='lat' dir='ltr'>et</span> <span class='ocrx_word' id='word_1_102' title='bbox 374 1052 512 1090; x_wconf 86' lang='lat' dir='ltr'>toties</span> <span class='ocrx_word' id='word_1_103' title='bbox 533 1063 718 1092; x_wconf 88' lang='lat' dir='ltr'>sacram</span> <span class='ocrx_word' id='word_1_104' title='bbox 750 1052 1123 1092; x_wconf 82' lang='lat' dir='ltr'>communionem</span> <span class='ocrx_word' id='word_1_105' title='bbox 1150 1052 1369 1102; x_wconf 85' lang='lat' dir='ltr'>suscepit.</span> <span class='ocrx_word' id='word_1_106' title='bbox 1401 1050 1475 1091; x_wconf 86' lang='lat' dir='ltr'>Ab</span> <span class='ocrx_word' id='word_1_107' title='bbox 1505 1050 1670 1090; x_wconf 91' lang='lat' dir='ltr'>eodem</span> <span class='ocrx_word' id='word_1_108' title='bbox 1690 1062 1784 1090; x_wconf 94' lang='lat' dir='ltr'>non</span> 
     </span>
     <span class='ocr_line' id='line_1_14' title="bbox 158 1121 1782 1173; baseline -0.001 -12"><span class='ocrx_word' id='word_1_109' title='bbox 158 1122 332 1162; x_wconf 89' lang='lat' dir='ltr'>recessi</span> <span class='ocrx_word' id='word_1_110' title='bbox 352 1122 499 1162; x_wconf 90' lang='lat' dir='ltr'>donec</span> <span class='ocrx_word' id='word_1_111' title='bbox 522 1123 726 1162; x_wconf 86' lang='lat' dir='ltr'>animam</span> <span class='ocrx_word' id='word_1_112' title='bbox 755 1134 889 1162; x_wconf 89' lang='lat' dir='ltr'>suam</span> <span class='ocrx_word' id='word_1_113' title='bbox 916 1123 1037 1170; x_wconf 88' lang='lat' dir='ltr'>Deo,</span> <span class='ocrx_word' id='word_1_114' title='bbox 1062 1123 1270 1162; x_wconf 92' lang='lat' dir='ltr'>omnium</span> <span class='ocrx_word' id='word_1_115' title='bbox 1295 1123 1523 1173; x_wconf 78' lang='lat' dir='ltr'>Creatori,</span> <span class='ocrx_word' id='word_1_116' title='bbox 1554 1121 1782 1162; x_wconf 86' lang='lat' dir='ltr'>redderet.</span> 
     </span>
     <span class='ocr_line' id='line_1_15' title="bbox 160 1192 1785 1245; baseline 0 -13"><span class='ocrx_word' id='word_1_117' title='bbox 160 1192 382 1243; x_wconf 84' lang='lat' dir='ltr'>Migravit</span> <span class='ocrx_word' id='word_1_118' title='bbox 405 1194 560 1245; x_wconf 89' lang='lat' dir='ltr'>itaque</span> <span class='ocrx_word' id='word_1_119' title='bbox 582 1206 640 1233; x_wconf 82' lang='lat' dir='ltr'>ex</span> <span class='ocrx_word' id='word_1_120' title='bbox 661 1193 748 1233; x_wconf 91' lang='lat' dir='ltr'>hoc</span> <span class='ocrx_word' id='word_1_121' title='bbox 771 1195 959 1233; x_wconf 91' lang='lat' dir='ltr'>saeculo</span> <span class='ocrx_word' id='word_1_122' title='bbox 980 1193 1096 1234; x_wconf 89' lang='lat' dir='ltr'>adeo</span> <span class='ocrx_word' id='word_1_123' title='bbox 1125 1200 1307 1245; x_wconf 90' lang='lat' dir='ltr'>sancte,</span> <span class='ocrx_word' id='word_1_124' title='bbox 1337 1205 1439 1233; x_wconf 91' lang='lat' dir='ltr'>meo</span> <span class='ocrx_word' id='word_1_125' title='bbox 1467 1192 1651 1244; x_wconf 89' lang='lat' dir='ltr'>quidem</span> <span class='ocrx_word' id='word_1_126' title='bbox 1669 1192 1785 1243; x_wconf 89' lang='lat' dir='ltr'>judi-</span> 
     </span>
     <span class='ocr_line' id='line_1_16' title="bbox 162 1264 1786 1315; baseline 0 -12"><span class='ocrx_word' id='word_1_127' title='bbox 162 1264 255 1313; x_wconf 78' lang='lat' dir='ltr'>cio,</span> <span class='ocrx_word' id='word_1_128' title='bbox 286 1269 335 1304; x_wconf 90' lang='lat' dir='ltr'>ut</span> <span class='ocrx_word' id='word_1_129' title='bbox 367 1270 577 1315; x_wconf 83' lang='lat' dir='ltr'>optarem</span> <span class='ocrx_word' id='word_1_130' title='bbox 606 1276 874 1314; x_wconf 88' lang='lat' dir='ltr'>supremum</span> <span class='ocrx_word' id='word_1_131' title='bbox 901 1265 1023 1304; x_wconf 89' lang='lat' dir='ltr'>diem</span> <span class='ocrx_word' id='word_1_132' title='bbox 1048 1265 1173 1304; x_wconf 85' lang='lat' dir='ltr'>vitae</span> <span class='ocrx_word' id='word_1_133' title='bbox 1207 1276 1338 1304; x_wconf 88' lang='lat' dir='ltr'>meae</span> <span class='ocrx_word' id='word_1_134' title='bbox 1372 1270 1468 1304; x_wconf 90' lang='lat' dir='ltr'>tam</span> <span class='ocrx_word' id='word_1_135' title='bbox 1502 1264 1624 1304; x_wconf 84' lang='lat' dir='ltr'>felici</span> <span class='ocrx_word' id='word_1_136' title='bbox 1658 1264 1786 1303; x_wconf 84' lang='lat' dir='ltr'>exitu</span> 
     </span>
     <span class='ocr_line' id='line_1_17' title="bbox 161 1334 1787 1386; baseline 0 -12"><span class='ocrx_word' id='word_1_137' title='bbox 161 1334 417 1374; x_wconf 88' lang='lat' dir='ltr'>terminari.</span> <span class='ocrx_word' id='word_1_138' title='bbox 447 1334 551 1385; x_wconf 90' lang='lat' dir='ltr'>Ipso</span> <span class='ocrx_word' id='word_1_139' title='bbox 579 1335 651 1374; x_wconf 91' lang='lat' dir='ltr'>die</span> <span class='ocrx_word' id='word_1_140' title='bbox 679 1335 982 1386; x_wconf 78' lang='lat' dir='ltr'>exequiarum</span> <span class='ocrx_word' id='word_1_141' title='bbox 1010 1335 1134 1375; x_wconf 77' lang='lat' dir='ltr'>D.nus</span> <span class='ocrx_word' id='word_1_142' title='bbox 1162 1335 1327 1375; x_wconf 85' lang='lat' dir='ltr'>Petrus</span> <span class='ocrx_word' id='word_1_143' title='bbox 1357 1335 1666 1375; x_wconf 84' lang='lat' dir='ltr'>Ribadeneira</span> <span class='ocrx_word' id='word_1_144' title='bbox 1688 1346 1787 1374; x_wconf 89' lang='lat' dir='ltr'>ora-</span> 
     </span>
     <span class='ocr_line' id='line_1_18' title="bbox 161 1405 1788 1457; baseline 0 -13"><span class='ocrx_word' id='word_1_145' title='bbox 161 1406 333 1445; x_wconf 93' lang='lat' dir='ltr'>tionem</span> <span class='ocrx_word' id='word_1_146' title='bbox 367 1405 608 1445; x_wconf 86' lang='lat' dir='ltr'>funebrem</span> <span class='ocrx_word' id='word_1_147' title='bbox 645 1406 825 1456; x_wconf 85' lang='lat' dir='ltr'>habuit,</span> <span class='ocrx_word' id='word_1_148' title='bbox 862 1417 953 1457; x_wconf 89' lang='lat' dir='ltr'>qua</span> <span class='ocrx_word' id='word_1_149' title='bbox 983 1405 1280 1445; x_wconf 80' lang='lat' dir='ltr'>manifestum</span> <span class='ocrx_word' id='word_1_150' title='bbox 1310 1405 1545 1457; x_wconf 83' lang='lat' dir='ltr'>specimen</span> <span class='ocrx_word' id='word_1_151' title='bbox 1576 1405 1788 1445; x_wconf 79' lang='lat' dir='ltr'>omnibus</span> 
     </span>
     <span class='ocr_line' id='line_1_19' title="bbox 160 1476 1330 1528; baseline 0 -13"><span class='ocrx_word' id='word_1_152' title='bbox 160 1476 373 1528; x_wconf 91' lang='lat' dir='ltr'>praebuit</span> <span class='ocrx_word' id='word_1_153' title='bbox 396 1476 648 1526; x_wconf 81' lang='lat' dir='ltr'>singularis</span> <span class='ocrx_word' id='word_1_154' title='bbox 669 1482 713 1516; x_wconf 92' lang='lat' dir='ltr'>et</span> <span class='ocrx_word' id='word_1_155' title='bbox 733 1477 987 1516; x_wconf 88' lang='lat' dir='ltr'>memoriae</span> <span class='ocrx_word' id='word_1_156' title='bbox 1009 1482 1053 1516; x_wconf 91' lang='lat' dir='ltr'>et</span> <span class='ocrx_word' id='word_1_157' title='bbox 1068 1476 1330 1516; x_wconf 86' lang='lat' dir='ltr'>facundiae.</span> 
     </span>
    </p>

    <p class='ocr_par' dir='ltr' id='par_1_4' title="bbox 163 1545 1789 1739">
     <span class='ocr_line' id='line_1_20' title="bbox 238 1545 1783 1598; baseline 0 -12"><span class='ocrx_word' id='word_1_158' title='bbox 238 1546 375 1586; x_wconf 89' lang='lat' dir='ltr'>Pater</span> <span class='ocrx_word' id='word_1_159' title='bbox 397 1546 607 1587; x_wconf 84' lang='lat' dir='ltr'>Minister</span> <span class='ocrx_word' id='word_1_160' title='bbox 627 1545 639 1564; x_wconf 78' lang='lat'>&#39;²</span> <span class='ocrx_word' id='word_1_161' title='bbox 659 1547 955 1598; x_wconf 85' lang='lat' dir='ltr'>prosequitur</span> <span class='ocrx_word' id='word_1_162' title='bbox 978 1553 1226 1587; x_wconf 90' lang='lat' dir='ltr'>consuetas</span> <span class='ocrx_word' id='word_1_163' title='bbox 1257 1558 1366 1587; x_wconf 85' lang='lat' dir='ltr'>suas</span> <span class='ocrx_word' id='word_1_164' title='bbox 1395 1547 1645 1587; x_wconf 90' lang='lat' dir='ltr'>conciones</span> <span class='ocrx_word' id='word_1_165' title='bbox 1665 1547 1783 1598; x_wconf 89' lang='lat' dir='ltr'>apud</span> 
     </span>
     <span class='ocr_line' id='line_1_21' title="bbox 163 1617 1789 1669; baseline -0.001 -11"><span class='ocrx_word' id='word_1_166' title='bbox 163 1617 447 1668; x_wconf 74' lang='lat' dir='ltr'>Conversas,</span> <span class='ocrx_word' id='word_1_167' title='bbox 473 1617 689 1668; x_wconf 89' lang='lat' dir='ltr'>auditque</span> <span class='ocrx_word' id='word_1_168' title='bbox 717 1617 910 1658; x_wconf 90' lang='lat' dir='ltr'>subinde</span> <span class='ocrx_word' id='word_1_169' title='bbox 937 1619 1280 1668; x_wconf 90' lang='lat' dir='ltr'>nonnullarum,</span> <span class='ocrx_word' id='word_1_170' title='bbox 1306 1630 1424 1669; x_wconf 88' lang='lat' dir='ltr'>quae</span> <span class='ocrx_word' id='word_1_171' title='bbox 1447 1619 1505 1658; x_wconf 91' lang='lat' dir='ltr'>ad</span> <span class='ocrx_word' id='word_1_172' title='bbox 1527 1618 1616 1657; x_wconf 93' lang='lat' dir='ltr'>hoc</span> <span class='ocrx_word' id='word_1_173' title='bbox 1637 1617 1789 1668; x_wconf 90' lang='lat' dir='ltr'>ipsum</span> 
     </span>
     <span class='ocr_line' id='line_1_22' title="bbox 164 1688 916 1739; baseline -0.001 -12"><span class='ocrx_word' id='word_1_174' title='bbox 164 1689 476 1739; x_wconf 81' lang='lat' dir='ltr'>postularunt,</span> <span class='ocrx_word' id='word_1_175' title='bbox 500 1688 831 1729; x_wconf 89' lang='lat' dir='ltr'>confessiones.</span> <span class='ocrx_word' id='word_1_176' title='bbox 914 1695 916 1697; x_wconf 73' lang='grc'><strong><em>’</em></strong></span> 
     </span>
    </p>

    <p class='ocr_par' dir='ltr' id='par_1_5' title="bbox 164 1758 1788 1881">
     <span class='ocr_line' id='line_1_23' title="bbox 244 1758 1788 1811; baseline -0.002 -11"><span class='ocrx_word' id='word_1_177' title='bbox 244 1758 558 1800; x_wconf 90' lang='lat' dir='ltr'>Concionatur</span> <span class='ocrx_word' id='word_1_178' title='bbox 591 1771 771 1811; x_wconf 90' lang='lat' dir='ltr'>quoque</span> <span class='ocrx_word' id='word_1_179' title='bbox 797 1760 933 1800; x_wconf 90' lang='lat' dir='ltr'>solito</span> <span class='ocrx_word' id='word_1_180' title='bbox 959 1771 1089 1799; x_wconf 90' lang='lat' dir='ltr'>more</span> <span class='ocrx_word' id='word_1_181' title='bbox 1127 1765 1172 1800; x_wconf 88' lang='lat' dir='ltr'>et</span> <span class='ocrx_word' id='word_1_182' title='bbox 1206 1760 1261 1800; x_wconf 89' lang='lat' dir='ltr'>D.</span> <span class='ocrx_word' id='word_1_183' title='bbox 1300 1760 1472 1800; x_wconf 87' lang='lat' dir='ltr'>Paulus</span> <span class='ocrx_word' id='word_1_184' title='bbox 1502 1758 1514 1778; x_wconf 76' lang='lat'>⁵</span> <span class='ocrx_word' id='word_1_185' title='bbox 1544 1759 1788 1799; x_wconf 84' lang='lat' dir='ltr'>dominicis</span> 
     </span>
     <span class='ocr_line' id='line_1_24' title="bbox 164 1830 968 1881; baseline 0 -12"><span class='ocrx_word' id='word_1_186' title='bbox 164 1830 326 1870; x_wconf 89' lang='lat' dir='ltr'>diebus</span> <span class='ocrx_word' id='word_1_187' title='bbox 346 1830 393 1870; x_wconf 92' lang='lat' dir='ltr'>in</span> <span class='ocrx_word' id='word_1_188' title='bbox 413 1831 583 1881; x_wconf 92' lang='lat' dir='ltr'>templo</span> <span class='ocrx_word' id='word_1_189' title='bbox 604 1830 968 1871; x_wconf 86' lang='lat' dir='ltr'>Misericordiae.</span> 
     </span>
    </p>

    <p class='ocr_par' dir='ltr' id='par_1_6' title="bbox 166 1901 1793 2084">
     <span class='ocr_line' id='line_1_25' title="bbox 244 1901 1793 1951; baseline 0 -11"><span class='ocrx_word' id='word_1_190' title='bbox 244 1901 295 1941; x_wconf 90' lang='lat' dir='ltr'>In</span> <span class='ocrx_word' id='word_1_191' title='bbox 315 1901 686 1951; x_wconf 87' lang='lat' dir='ltr'>praesentiarum</span> <span class='ocrx_word' id='word_1_192' title='bbox 706 1901 989 1942; x_wconf 89' lang='lat' dir='ltr'>incumbitur</span> <span class='ocrx_word' id='word_1_193' title='bbox 1013 1902 1310 1942; x_wconf 89' lang='lat' dir='ltr'>renovationi</span> <span class='ocrx_word' id='word_1_194' title='bbox 1336 1902 1588 1942; x_wconf 89' lang='lat' dir='ltr'>lectionum</span> <span class='ocrx_word' id='word_1_195' title='bbox 1609 1907 1653 1941; x_wconf 90' lang='lat' dir='ltr'>et</span> <span class='ocrx_word' id='word_1_196' title='bbox 1674 1901 1793 1940; x_wconf 90' lang='lat' dir='ltr'>ordi-</span> 
     </span>
     <span class='ocr_line' id='line_1_26' title="bbox 166 1971 1793 2023; baseline 0.001 -13"><span class='ocrx_word' id='word_1_197' title='bbox 166 1971 344 2011; x_wconf 88' lang='lat' dir='ltr'>nationi</span> <span class='ocrx_word' id='word_1_198' title='bbox 365 1972 631 2012; x_wconf 89' lang='lat' dir='ltr'>scholarum</span> <span class='ocrx_word' id='word_1_199' title='bbox 653 1978 715 2023; x_wconf 90' lang='lat' dir='ltr'>ut,</span> <span class='ocrx_word' id='word_1_200' title='bbox 738 1973 888 2023; x_wconf 88' lang='lat' dir='ltr'>primo</span> <span class='ocrx_word' id='word_1_201' title='bbox 911 1984 1033 2012; x_wconf 91' lang='lat' dir='ltr'>anno</span> <span class='ocrx_word' id='word_1_202' title='bbox 1055 1973 1316 2012; x_wconf 89' lang='lat' dir='ltr'>studiorum</span> <span class='ocrx_word' id='word_1_203' title='bbox 1337 1973 1539 2019; x_wconf 79' lang='lat' dir='ltr'>evoluto,</span> <span class='ocrx_word' id='word_1_204' title='bbox 1557 1972 1793 2023; x_wconf 89' lang='lat' dir='ltr'>sequentis</span> 
     </span>
     <span class='ocr_line' id='line_1_27' title="bbox 166 2042 1133 2084; baseline -0.001 -2"><span class='ocrx_word' id='word_1_205' title='bbox 166 2049 341 2082; x_wconf 87' lang='lat' dir='ltr'>novata</span> <span class='ocrx_word' id='word_1_206' title='bbox 362 2042 516 2082; x_wconf 90' lang='lat' dir='ltr'>studia</span> <span class='ocrx_word' id='word_1_207' title='bbox 536 2055 646 2083; x_wconf 87' lang='lat' dir='ltr'>mox</span> <span class='ocrx_word' id='word_1_208' title='bbox 667 2050 852 2083; x_wconf 91' lang='lat' dir='ltr'>sumant</span> <span class='ocrx_word' id='word_1_209' title='bbox 874 2043 1133 2084; x_wconf 81' lang='lat' dir='ltr'>exordium.</span> 
     </span>
    </p>

    <p class='ocr_par' dir='ltr' id='par_1_7' title="bbox 167 2113 1795 2448">
     <span class='ocr_line' id='line_1_28' title="bbox 245 2113 1793 2166; baseline 0.001 -13"><span class='ocrx_word' id='word_1_210' title='bbox 245 2114 350 2166; x_wconf 89' lang='lat' dir='ltr'>Jam</span> <span class='ocrx_word' id='word_1_211' title='bbox 370 2113 622 2153; x_wconf 91' lang='lat' dir='ltr'>constituta</span> <span class='ocrx_word' id='word_1_212' title='bbox 642 2120 711 2154; x_wconf 92' lang='lat' dir='ltr'>est</span> <span class='ocrx_word' id='word_1_213' title='bbox 731 2114 896 2154; x_wconf 90' lang='lat' dir='ltr'>domus</span> <span class='ocrx_word' id='word_1_214' title='bbox 916 2126 998 2154; x_wconf 93' lang='lat' dir='ltr'>seu</span> <span class='ocrx_word' id='word_1_215' title='bbox 1017 2114 1244 2155; x_wconf 88' lang='lat' dir='ltr'>habitatio</span> <span class='ocrx_word' id='word_1_216' title='bbox 1262 2115 1571 2162; x_wconf 85' lang='lat' dir='ltr'>novitiorum,</span> <span class='ocrx_word' id='word_1_217' title='bbox 1596 2126 1793 2165; x_wconf 86' lang='lat' dir='ltr'>quorum</span> 
     </span>
     <span class='ocr_line' id='line_1_29' title="bbox 167 2184 1793 2237; baseline 0 -13"><span class='ocrx_word' id='word_1_218' title='bbox 167 2185 342 2224; x_wconf 80' lang='lat' dir='ltr'>nullum</span> <span class='ocrx_word' id='word_1_219' title='bbox 370 2184 523 2225; x_wconf 91' lang='lat' dir='ltr'>adhuc</span> <span class='ocrx_word' id='word_1_220' title='bbox 552 2185 841 2235; x_wconf 86' lang='lat' dir='ltr'>suscepimus</span> <span class='ocrx_word' id='word_1_221' title='bbox 872 2185 962 2225; x_wconf 91' lang='lat' dir='ltr'>nisi</span> <span class='ocrx_word' id='word_1_222' title='bbox 991 2185 1135 2225; x_wconf 91' lang='lat' dir='ltr'>filium</span> <span class='ocrx_word' id='word_1_223' title='bbox 1167 2185 1410 2237; x_wconf 89' lang='lat' dir='ltr'>cujusdam</span> <span class='ocrx_word' id='word_1_224' title='bbox 1430 2185 1672 2236; x_wconf 87' lang='lat' dir='ltr'>Doctoris,</span> <span class='ocrx_word' id='word_1_225' title='bbox 1703 2186 1793 2225; x_wconf 90' lang='lat' dir='ltr'>etsi</span> 
     </span>
     <span class='ocr_line' id='line_1_30' title="bbox 167 2255 1788 2307; baseline 0.001 -12"><span class='ocrx_word' id='word_1_226' title='bbox 167 2267 259 2295; x_wconf 90' lang='lat' dir='ltr'>non</span> <span class='ocrx_word' id='word_1_227' title='bbox 278 2255 415 2306; x_wconf 90' lang='lat' dir='ltr'>pauci</span> <span class='ocrx_word' id='word_1_228' title='bbox 438 2267 540 2295; x_wconf 85' lang='lat' dir='ltr'>sese</span> <span class='ocrx_word' id='word_1_229' title='bbox 561 2256 694 2295; x_wconf 89' lang='lat' dir='ltr'>nobis</span> <span class='ocrx_word' id='word_1_230' title='bbox 715 2255 926 2296; x_wconf 87' lang='lat' dir='ltr'>offerant.</span> <span class='ocrx_word' id='word_1_231' title='bbox 956 2255 1050 2296; x_wconf 90' lang='lat' dir='ltr'>Res</span> <span class='ocrx_word' id='word_1_232' title='bbox 1080 2256 1190 2307; x_wconf 88' lang='lat' dir='ltr'>ista,</span> <span class='ocrx_word' id='word_1_233' title='bbox 1227 2262 1277 2296; x_wconf 92' lang='lat' dir='ltr'>ut</span> <span class='ocrx_word' id='word_1_234' title='bbox 1307 2262 1351 2296; x_wconf 94' lang='lat' dir='ltr'>et</span> <span class='ocrx_word' id='word_1_235' title='bbox 1381 2257 1501 2296; x_wconf 89' lang='lat' dir='ltr'>aliae</span> <span class='ocrx_word' id='word_1_236' title='bbox 1521 2257 1788 2306; x_wconf 86' lang='lat' dir='ltr'>nonnullae,</span> 
     </span>
     <span class='ocr_line' id='line_1_31' title="bbox 168 2325 1795 2378; baseline 0.001 -13"><span class='ocrx_word' id='word_1_237' title='bbox 168 2325 376 2366; x_wconf 86' lang='lat' dir='ltr'>differtur</span> <span class='ocrx_word' id='word_1_238' title='bbox 396 2337 542 2378; x_wconf 92' lang='lat' dir='ltr'>usque</span> <span class='ocrx_word' id='word_1_239' title='bbox 563 2326 622 2366; x_wconf 90' lang='lat' dir='ltr'>ad</span> <span class='ocrx_word' id='word_1_240' title='bbox 644 2326 894 2367; x_wconf 90' lang='lat' dir='ltr'>adventum</span> <span class='ocrx_word' id='word_1_241' title='bbox 916 2325 1038 2368; x_wconf 89' lang='lat' dir='ltr'>Suae</span> <span class='ocrx_word' id='word_1_242' title='bbox 1054 2327 1371 2368; x_wconf 83' lang='lat' dir='ltr'>Excellentiae</span> <span class='ocrx_word' id='word_1_243' title='bbox 1389 2333 1433 2367; x_wconf 93' lang='lat' dir='ltr'>et</span> <span class='ocrx_word' id='word_1_244' title='bbox 1449 2327 1624 2378; x_wconf 89' lang='lat' dir='ltr'>pariter</span> <span class='ocrx_word' id='word_1_245' title='bbox 1642 2326 1795 2366; x_wconf 84' lang='lat' dir='ltr'>Patris</span> 
     </span>
     <span class='ocr_line' id='line_1_32' title="bbox 171 2396 489 2448; baseline -0.003 -12"><span class='ocrx_word' id='word_1_246' title='bbox 171 2396 268 2436; x_wconf 86' lang='lat' dir='ltr'>D.ni</span> <span class='ocrx_word' id='word_1_247' title='bbox 284 2398 489 2448; x_wconf 85' lang='lat' dir='ltr'>Laynez.</span> 
     </span>
    </p>

    <p class='ocr_par' dir='ltr' id='par_1_8' title="bbox 247 2467 1810 2519">
     <span class='ocr_line' id='line_1_33' title="bbox 247 2467 1810 2519; baseline 0.003 -12"><span class='ocrx_word' id='word_1_248' title='bbox 247 2467 389 2508; x_wconf 91' lang='lat' dir='ltr'>Aliud</span> <span class='ocrx_word' id='word_1_249' title='bbox 410 2468 457 2507; x_wconf 92' lang='lat' dir='ltr'>in</span> <span class='ocrx_word' id='word_1_250' title='bbox 478 2468 715 2519; x_wconf 88' lang='lat' dir='ltr'>praesenti</span> <span class='ocrx_word' id='word_1_251' title='bbox 736 2469 939 2509; x_wconf 86' lang='lat' dir='ltr'>occurrit</span> <span class='ocrx_word' id='word_1_252' title='bbox 960 2469 1088 2509; x_wconf 90' lang='lat' dir='ltr'>nihil.</span> <span class='ocrx_word' id='word_1_253' title='bbox 1805 2510 1810 2516; x_wconf 82' lang='grc'><em>,</em></span> 
     </span>
    </p>

    <p class='ocr_par' dir='ltr' id='par_1_9' title="bbox 171 2538 1794 2649">
     <span class='ocr_line' id='line_1_34' title="bbox 249 2538 1794 2592; baseline -0.001 -13"><span class='ocrx_word' id='word_1_254' title='bbox 249 2538 421 2579; x_wconf 91' lang='lat' dir='ltr'>Omnes</span> <span class='ocrx_word' id='word_1_255' title='bbox 447 2539 711 2579; x_wconf 89' lang='lat' dir='ltr'>orationum</span> <span class='ocrx_word' id='word_1_256' title='bbox 738 2545 1003 2580; x_wconf 88' lang='lat' dir='ltr'>vestrarum</span> <span class='ocrx_word' id='word_1_257' title='bbox 1033 2540 1277 2592; x_wconf 40' lang='lat' dir='ltr'>suffragiis.</span> <span class='ocrx_word' id='word_1_258' title='bbox 1301 2552 1386 2581; x_wconf 90' lang='lat' dir='ltr'>nos</span> <span class='ocrx_word' id='word_1_259' title='bbox 1417 2540 1652 2580; x_wconf 90' lang='lat' dir='ltr'>humiliter</span> <span class='ocrx_word' id='word_1_260' title='bbox 1673 2550 1794 2579; x_wconf 92' lang='lat' dir='ltr'>com-</span> 
     </span>
     <span class='ocr_line' id='line_1_35' title="bbox 171 2610 458 2649; baseline 0.003 -1"><span class='ocrx_word' id='word_1_261' title='bbox 171 2610 458 2649; x_wconf 90' lang='lat' dir='ltr'>mendamus.</span> 
     </span>
    </p>

    <p class='ocr_par' dir='ltr' id='par_1_10' title="bbox 248 2680 1253 2729">
     <span class='ocr_line' id='line_1_36' title="bbox 248 2680 1253 2729; baseline 0.001 -9"><span class='ocrx_word' id='word_1_262' title='bbox 248 2680 467 2720; x_wconf 86' lang='lat' dir='ltr'>Panormi</span> <span class='ocrx_word' id='word_1_263' title='bbox 486 2680 692 2729; x_wconf 84' lang='lat' dir='ltr'>Siciliae,</span> <span class='ocrx_word' id='word_1_264' title='bbox 717 2681 924 2722; x_wconf 90' lang='lat' dir='ltr'>calendis</span> <span class='ocrx_word' id='word_1_265' title='bbox 946 2681 1110 2722; x_wconf 91' lang='lat' dir='ltr'>Octob.</span> <span class='ocrx_word' id='word_1_266' title='bbox 1140 2681 1253 2721; x_wconf 78' lang='lat'>1550.</span> 
     </span>
    </p>

    <p class='ocr_par' dir='ltr' id='par_1_11' title="bbox 250 2751 1790 2802">
     <span class='ocr_line' id='line_1_37' title="bbox 250 2751 1790 2802; baseline 0 -12"><span class='ocrx_word' id='word_1_267' title='bbox 250 2751 310 2790; x_wconf 81' lang='lat' dir='ltr'>In</span> <span class='ocrx_word' id='word_1_268' title='bbox 333 2751 511 2802; x_wconf 71' lang='lat' dir='ltr'>2.⁰fol.</span> <span class='ocrx_word' id='word_1_269' title='bbox 535 2751 622 2802; x_wconf 50' lang='grc' dir='ltr'>τέ),</span> <span class='ocrx_word' id='word_1_270' title='bbox 645 2763 789 2791; x_wconf 74' lang='lat' dir='ltr'>mann</span> <span class='ocrx_word' id='word_1_271' title='bbox 811 2752 982 2792; x_wconf 78' lang='lat' dir='ltr'>Patris</span> <span class='ocrx_word' id='word_1_272' title='bbox 1003 2753 1234 2793; x_wconf 76' lang='lat' dir='ltr'>Polanco:</span> <span class='ocrx_word' id='word_1_273' title='bbox 1254 2753 1325 2792; x_wconf 81' lang='lat' dir='ltr'>Ex</span> <span class='ocrx_word' id='word_1_274' title='bbox 1346 2752 1594 2801; x_wconf 87' lang='lat' dir='ltr'>Panormo,</span> <span class='ocrx_word' id='word_1_275' title='bbox 1619 2752 1790 2792; x_wconf 83' lang='lat' dir='ltr'>Sicilia.</span> 
     </span>
    </p>
   </div>
   <div class='ocr_carea' id='block_1_3' title="bbox 226 2886 1362 2961">
    <p class='ocr_par' dir='ltr' id='par_1_12' title="bbox 226 2886 1362 2961">
     <span class='ocr_line' id='line_1_38' title="bbox 231 2886 1362 2922; baseline 0.001 -9"><span class='ocrx_word' id='word_1_276' title='bbox 231 2886 238 2905; x_wconf 87' lang='lat'>¹</span> <span class='ocrx_word' id='word_1_277' title='bbox 280 2886 514 2914; x_wconf 85' lang='lat' dir='ltr'>Ferdinandus</span> <span class='ocrx_word' id='word_1_278' title='bbox 530 2887 569 2914; x_wconf 87' lang='lat' dir='ltr'>de</span> <span class='ocrx_word' id='word_1_279' title='bbox 586 2887 684 2920; x_wconf 84' lang='lat' dir='ltr'>Vega</span> <span class='ocrx_word' id='word_1_280' title='bbox 697 2908 703 2920; x_wconf 81' lang='lat'>,</span> <span class='ocrx_word' id='word_1_281' title='bbox 718 2887 857 2920; x_wconf 88' lang='lat' dir='ltr'>Joannis</span> <span class='ocrx_word' id='word_1_282' title='bbox 871 2887 910 2915; x_wconf 87' lang='lat' dir='ltr'>de</span> <span class='ocrx_word' id='word_1_283' title='bbox 928 2887 1025 2922; x_wconf 84' lang='lat' dir='ltr'>Vega</span> <span class='ocrx_word' id='word_1_284' title='bbox 1044 2888 1130 2915; x_wconf 88' lang='lat' dir='ltr'>filius</span> <span class='ocrx_word' id='word_1_285' title='bbox 1146 2892 1227 2916; x_wconf 88' lang='lat' dir='ltr'>natu</span> <span class='ocrx_word' id='word_1_286' title='bbox 1243 2889 1362 2922; x_wconf 86' lang='lat' dir='ltr'>major.</span> 
     </span>
     <span class='ocr_line' id='line_1_39' title="bbox 226 2933 650 2961; baseline -0.002 0"><span class='ocrx_word' id='word_1_287' title='bbox 226 2933 239 2951; x_wconf 73' lang='lat'>“-&#39;</span> <span class='ocrx_word' id='word_1_288' title='bbox 279 2933 315 2960; x_wconf 90' lang='lat' dir='ltr'>P.</span> <span class='ocrx_word' id='word_1_289' title='bbox 329 2934 473 2961; x_wconf 61' lang='lat' dir='ltr'>Michael</span> <span class='ocrx_word' id='word_1_290' title='bbox 488 2934 650 2960; x_wconf 79' lang='lat' dir='ltr'>Botellus.</span> 
     </span>
    </p>
   </div>
   <div class='ocr_carea' id='block_1_4' title="bbox 226 2979 1120 3015">
    <p class='ocr_par' dir='ltr' id='par_1_13' title="bbox 226 2979 1120 3015">
     <span class='ocr_line' id='line_1_40' title="bbox 226 2979 1120 3015; baseline 0.002 -8"><span class='ocrx_word' id='word_1_291' title='bbox 226 2979 240 2998; x_wconf 68' lang='grc' dir='ltr'>ὖ</span> <span class='ocrx_word' id='word_1_292' title='bbox 278 2980 351 3014; x_wconf 85' lang='lat' dir='ltr'>Ipse</span> <span class='ocrx_word' id='word_1_293' title='bbox 365 2982 559 3009; x_wconf 83' lang='lat' dir='ltr'>litterarum</span> <span class='ocrx_word' id='word_1_294' title='bbox 574 2981 730 3015; x_wconf 80' lang='lat' dir='ltr'>scriptor,</span> <span class='ocrx_word' id='word_1_295' title='bbox 748 2981 782 3009; x_wconf 81' lang='lat' dir='ltr'>P.</span> <span class='ocrx_word' id='word_1_296' title='bbox 797 2982 921 3009; x_wconf 90' lang='lat' dir='ltr'>Paulus</span> <span class='ocrx_word' id='word_1_297' title='bbox 934 2983 1120 3010; x_wconf 83' lang='lat' dir='ltr'>d’Achillis.</span> 
     </span>
    </p>
   </div>
  </div>
 </body>
</html>
