1987 3260
855 187 938 223 ΑΝ.
972 185 1062 222 1552
1703 183 1772 220 681

891 635 1039 690 CLV

222 849 378 888 Petrus
398 861 484 887 van
503 848 581 886 der
600 848 742 885 Bosch
762 845 983 893 (Sylvius),

268 914 335 952 Ex
353 913 674 952 commissione
694 911 835 949 Patris
854 910 1038 948 Adriani
1058 908 1396 953 Adriaenssens,

319 979 439 1018 Patri
457 979 626 1027 Ignatio
645 977 698 1015 de
720 977 904 1025 Loyola.

362 1044 573 1087 Lovanio.
598 1043 641 1080 10
659 1043 776 1090 Junii
793 1040 883 1078 1552
902 1042 926 1077 ¹.

921 1184 1019 1260 usis

233 1349 394 1392 Gratia
422 1356 467 1390 et
493 1361 586 1401 pax
611 1347 801 1388 Domini
827 1347 984 1388 Nostri
1010 1346 1122 1399 Jesu
1150 1344 1343 1395 Christi,
1377 1344 1435 1384 sit
1463 1354 1646 1394 semper
1673 1355 1779 1383 cum

155 1423 366 1463 omnibus
387 1421 534 1461 nobis.
558 1419 724 1460 Amen.

232 1492 494 1544 Superioris
534 1489 907 1542 quadrimestris,
943 1489 998 1528 de
1032 1488 1085 1527 R.
1122 1487 1171 1527 Ρ.
1204 1487 1256 1527 T.
1290 1485 1525 1536 mandato,
1550 1485 1781 1525 rationem

155 1564 438 1613 reddituruS,
464 1561 788 1602 colendissime
809 1561 856 1599 in
877 1559 1063 1600 Christo
1084 1558 1236 1608 Pater,
1260 1557 1372 1597 illud
1392 1557 1593 1608 primum
1622 1567 1780 1596 recen—

154 1636 262 1675 sebo
287 1634 599 1674 felicissimam
620 1633 746 1672 illam
766 1632 814 1671 P.
839 1630 1039 1671 Adriani
1060 1629 1394 1669 adversitatem
1422 1627 1451 1678 ⁶³,
1480 1627 1597 1667 adeo
1630 1627 1687 1667 ab
1716 1627 1780 1666 in<

153 1707 310 1746 stituto
332 1711 492 1745 nostro
512 1705 665 1744 nullos
686 1713 958 1751 revocasse,
989 1707 1038 1741 ut
1068 1700 1249 1751 frigidis
1279 1700 1567 1750 singularem
1593 1698 1782 1737 virtutis

154 1777 369 1816 ardorem
391 1775 669 1825 accenderit,
693 1773 861 1826 tepidis
881 1784 974 1812 non
995 1772 1230 1812 mediocre
1252 1772 1407 1811 calcar
1429 1769 1673 1819 addiderit,
1693 1768 1780 1808 fer-

152 1848 289 1887 vidos
310 1847 479 1887 mirum
499 1847 543 1886 in
565 1846 753 1886 modum
775 1844 1008 1884 animarit.
1034 1842 1150 1883 Cum
1171 1842 1293 1882 enim
1314 1842 1440 1881 nulla
1460 1841 1782 1881 calamitatum

153 1919 214 1967 vi,
238 1919 454 1969 nulloque
476 1927 805 1956 aerumnarum
826 1926 1071 1964 concursu,
1091 1914 1258 1954 mentis
1279 1914 1353 1953 ille
1376 1913 1511 1963 vigor
1533 1911 1779 1951 labefacta-

154 1998 241 2039 tur,
261 1988 614 2038 constantiaque
636 1986 829 2026 infamat
850 1986 1048 2025 aliorum
1068 1984 1322 2032 infamiam,
1342 1988 1568 2034 quotquot
1588 1982 1685 2022 fere
1706 1982 1783 2021 hic

153 2060 434 2110 insigniores
468 2065 574 2098 sunt
609 2057 965 2097 concionatores
990 2057 1099 2105 hoc,
1141 2061 1190 2095 ut
1224 2054 1531 2105 suspicamur,
1567 2054 1781 2104 exemplo

153 2131 419 2182 provocati,
446 2130 562 2170 alius
583 2129 673 2168 alio
695 2127 937 2177 idiomate,
968 2126 1027 2166 ad
1055 2125 1293 2176 religionis
1321 2125 1585 2176 ingressum
1618 2123 1781 2163 alacri-

153 2210 242 2252 ter,
284 2200 542 2252 impavide,
566 2206 842 2249 strenueque
874 2198 1195 2237 cohortantur.
1219 2196 1482 2247 Quinimmo
1504 2194 1783 2246 palmarium

125 2262 128 2266 ’
155 2272 296 2321 istud,
326 2272 365 2312 si
393 2272 514 2323 quod
549 2271 693 2320 aliud,
730 2269 925 2319 factum,
955 2274 1051 2308 tam
1081 2268 1172 2307 alte
1200 2266 1383 2307 radices
1410 2267 1528 2317 egit,
1559 2272 1608 2305 ut
1634 2266 1785 2305 relatu

154 2344 304 2383 Patris
326 2342 558 2383 Leonardi
578 2340 592 2360 ⁵
614 2340 911 2380 didicerimus
931 2339 1232 2379 Colonienses
1260 2350 1354 2378 non
1381 2337 1496 2377 satis
1523 2336 1783 2387 condignas

153 2414 340 2455 Christo
367 2414 528 2453 laudes
557 2423 694 2464 posse
723 2412 1011 2463 persolvere,
1045 2409 1168 2461 quod
1201 2415 1247 2449 et
1277 2409 1368 2459 his,
1401 2409 1540 2459 longe
1576 2407 1784 2447 omnium

155 2484 538 2536 corruptissimis,
563 2482 849 2534 temporibus
870 2481 1080 2521 invenire
1108 2480 1186 2531 sit,
1216 2481 1314 2531 qui,
1344 2479 1531 2520 divinae
1559 2479 1783 2518 bonitatis

155 2567 313 2595 amore
336 2556 690 2605 animarumque
711 2554 859 2592 salute
881 2552 1020 2602 ducti,
1042 2551 1257 2592 humanis
1278 2563 1327 2591 se
1349 2551 1535 2590 casibus
1555 2556 1651 2590 tam
1674 2550 1783 2589 viri-

156 2627 258 2666 liter
279 2637 513 2676 exponere
535 2636 627 2664 non
648 2630 921 2674 graventur.

236 2698 419 2747 Quanta
441 2697 637 2747 denique
660 2695 863 2735 omnium
885 2694 1191 2735 admiratione
1213 2699 1451 2745 spectatus
1474 2693 1547 2731 ille
1570 2691 1657 2741 vir,
1689 2691 1785 2730 Ma-

212 2858 221 2877 ¹
261 2856 508 2890 Autographae
524 2855 631 2891 Sylvii
647 2855 782 2882 litterae
798 2854 922 2881 suntin
938 2854 1015 2881 folio
1031 2853 1152 2888 duplici
1170 2853 1283 2880 nn.113
1294 2857 1327 2880 et
1345 2853 1404 2879 144.
1419 2853 1483 2879 Est
1496 2856 1526 2879 et
1542 2851 1778 2886 apographum

157 2906 189 2932 in
206 2905 294 2931 foliis
308 2904 324 2930 7
340 2904 390 2930 v.⁰
407 2908 439 2930 et
453 2903 470 2929 8
485 2902 617 2929 Codicis
636 2902 714 2929 1551.

209 2953 222 2970 ·-'
261 2952 376 2978 Sermo
393 2957 443 2978 est
460 2951 497 2977 de
514 2950 626 2977 Patris
644 2949 782 2977 Adriani
798 2949 1077 2981 incarceratione,
1098 2952 1163 2975 etc.

211 3000 223 3016 ³
263 2999 297 3026 P.
317 2998 354 3026 L.
374 2999 500 3025 Kessci.
