1987 3260
294 202 365 239 386
805 202 1030 239 LITTERAE
1057 214 1407 245 QUADRmIEsTREs

293 310 462 349 magna
486 298 689 338 omnium
710 298 977 347 devotione,
1004 298 1188 339 circiter
1209 306 1444 341 trecentos
1474 302 1683 341 homines
1712 302 1913 342 invicem

292 369 635 419 reconciliavit,
666 380 863 420 quorum
890 369 1022 408 multi
1048 381 1141 408 non
1168 370 1463 411 mediocriter
1484 371 1648 411 offensi
1677 372 1910 412 existima-

292 441 473 480 bantur.

369 511 443 551 Ad
464 510 599 562 hujus
615 509 766 550 Patris
782 521 951 561 genua,
970 510 1017 550 in
1032 512 1217 562 templo,
1237 512 1470 562 praesenti
1487 518 1586 552 tota
1601 514 1906 563 multitudine,

289 584 426 622 homo
450 582 637 633 quidam
659 593 763 620 cum
784 582 1007 633 lacrymis
1028 593 1076 621 se
1097 582 1331 633 provolvit
1352 594 1407 622 ac
1426 582 1557 634 petiit
1576 589 1625 623 ut
1646 584 1746 634 sibi,
1765 596 1847 624 suo
1865 592 1910 625 et

288 653 483 693 fratrum
517 652 722 702 nomine,
755 652 1020 702 ignosceret
1049 651 1171 703 quod
1200 652 1245 692 in
1272 664 1358 692 nos
1385 652 1633 703 aliquando
1663 655 1910 695 maledicta

286 723 537 775 conjecerit
558 734 794 774 praveque
816 723 1086 763 detraxerit.
1107 722 1208 763 Non
1229 724 1422 763 multum
1443 723 1574 763 abest
1591 724 1818 775 quaedam
1840 737 1909 765 ec-

285 795 448 844 clesia,
473 794 640 833 dicitur
662 792 743 833 Sti.
768 792 1001 844 Mamerti,
1033 792 1164 844 cujus
1192 793 1464 845 parochiani
1491 806 1584 833 non
1612 795 1762 834 solum
1790 795 1909 835 inter

286 877 334 905 se
363 866 457 905 iras
490 871 628 915 atque
659 862 815 915 jurgia
850 875 1107 915 permagna
1142 864 1443 914 exercebant,
1480 876 1573 903 non
1607 865 1705 904 sine
1739 876 1910 916 magna

286 937 549 976 animarum
571 946 912 986 corporumque
929 934 1135 985 jactura,
1159 935 1240 974 sed
1261 946 1409 986 neque
1437 936 1570 975 nobis
1598 936 1782 987 quidem
1808 948 1908 987 par-

283 1008 464 1054 cebant,
489 1007 600 1057 quin
615 1006 874 1045 maledictis
891 1012 934 1045 et
957 1005 1218 1056 opprobriis
1240 1017 1324 1045 nos
1341 1012 1591 1057 nostraque
1610 1015 1905 1057 accusarent,

282 1079 344 1118 ita
366 1084 428 1127 ut,
454 1077 623 1128 elapsis
645 1077 819 1125 diebus,
843 1076 1013 1116 fratres
1031 1076 1147 1116 duos
1170 1076 1270 1127 qui,
1302 1077 1730 1128 componendarum
1751 1078 1907 1118 amici-

283 1150 454 1188 tiarum
476 1148 645 1198 gratia,
676 1148 734 1187 ad
765 1159 845 1187 eos
866 1153 1107 1198 venerant,
1137 1159 1230 1186 non
1246 1147 1541 1187 mediocriter
1562 1148 1717 1187 verbis
1737 1148 1907 1188 fuerint

282 1219 529 1270 persecuti.
554 1218 695 1270 Cujus
718 1219 784 1258 rei
806 1230 947 1258 causa
968 1218 1168 1267 videtur,
1193 1219 1316 1269 quod
1342 1218 1527 1269 quibus,
1561 1218 1749 1258 vivente
1776 1230 1904 1270 supe-

281 1291 403 1330 riore
426 1290 616 1340 abbate,
641 1301 733 1329 non
755 1289 853 1329 sine
876 1300 1048 1339 magna
1070 1287 1205 1339 hujus
1226 1289 1499 1329 monasterii
1527 1294 1664 1340 atque
1691 1290 1904 1329 ecclesia-

281 1373 381 1401 rum
398 1360 496 1412 ejus
510 1360 709 1412 jactura,
733 1360 875 1399 libere
892 1360 959 1399 uti
976 1359 1157 1409 licebat,
1182 1371 1343 1399 eorum
1364 1371 1487 1399 nunc
1508 1360 1658 1399 minus
1679 1371 1763 1411 pro
1786 1360 1903 1400 arbi-

279 1432 367 1472 trio
397 1442 508 1471 usus
537 1430 895 1470 concedebatur.
928 1430 1026 1469 Hos
1060 1430 1205 1469 frater
1240 1430 1449 1481 quidam,
1487 1430 1672 1470 nomine
1706 1430 1904 1470 Michael

282 1504 481 1553 Bayros,
514 1502 561 1541 in
591 1501 791 1541 Domino
826 1501 1133 1540 instituendos
1163 1501 1209 1540 in
1245 1501 1332 1540 hac
1367 1501 1744 1552 quadragesima,
1777 1512 1902 1540 man-

281 1573 419 1613 dante
442 1573 592 1619 Patre‚
618 1572 834 1623 suscepit.
860 1571 963 1622 Qui,
988 1578 1036 1610 ut
1057 1578 1190 1610 erant
1212 1571 1461 1620 durissimi,
1486 1572 1552 1610 sic
1573 1582 1745 1621 magno
1767 1570 1902 1622 hujus

282 1644 440 1684 fratris
461 1644 618 1683 labore
640 1649 683 1682 et
710 1643 878 1682 sudore
909 1642 1080 1682 devicti
1107 1649 1235 1691 sunt3
1264 1653 1372 1682 nam
1398 1643 1520 1682 ultra
1551 1642 1901 1681 exhortationes

277 1715 506 1766 publicas,
532 1714 692 1753 diebus
709 1713 952 1753 dominicis
983 1713 1102 1752 inter
1130 1712 1443 1752 enarrandum
1468 1713 1765 1763 evangelium
1795 1724 1901 1752 cum

276 1797 446 1836 magna
469 1785 674 1824 omnium
696 1784 943 1823 devotione
964 1783 1128 1833 factas,
1148 1783 1369 1834 privatim
1386 1782 1549 1822 domos
1571 1783 1741 1833 adibat,
1763 1790 1900 1834 atque

275 1857 379 1896 odia
396 1856 638 1907 permulta,
659 1867 776 1906 quae
798 1866 892 1894 non
914 1854 1003 1893 nisi
1020 1854 1257 1893 hominum
1279 1865 1391 1893 nece
1414 1853 1551 1893 finem
1571 1854 1786 1893 habitura
1805 1866 1898 1894 cre-

274 1927 501 1967 debantur
523 1932 601 1965 aut
621 1926 775 1977 potius
796 1926 1148 1973 incrementum,
1172 1925 1396 1975 paulatim
1416 1925 1673 1975 mitigando
1695 1925 1897 1975 extirpa-

276 1998 359 2045 vit,
395 1998 457 2036 ita
485 2002 534 2036 ut
561 1996 748 2036 veniam
778 1997 977 2035 invicem
1003 2002 1161 2046 petere
1190 1995 1489 2046 persuaserit.
1526 1995 1755 2045 Quoniam
1784 2007 1896 2034 vero

272 2074 394 2108 totus
415 2068 509 2107 fere
530 2068 658 2106 locus
681 2067 768 2106 hoc
791 2067 912 2105 malo
935 2073 1034 2105 erat
1057 2065 1425 2116 contaminatus,
1449 2071 1499 2105 ut
1520 2065 1732 2105 omnibus
1762 2077 1895 2117 opem

270 2139 429 2188 ferret,
455 2139 526 2178 die
545 2137 688 2189 Jovis,
722 2149 812 2188 qua
841 2136 1067 2176 Dominus
1095 2136 1235 2187 pedes
1264 2136 1594 2186 discipulorum
1622 2136 1756 2185 lavit,
1790 2148 1895 2176 cum

270 2209 540 2248 mandatum
562 2219 814 2259 exponens,
835 2208 978 2246 multa
999 2206 1055 2246 de
1077 2206 1181 2246 odio
1203 2212 1247 2246 et
1268 2207 1513 2246 dilectione
1535 2206 1742 2255 dixisset,
1766 2207 1889 2257 geni-

268 2281 353 2319 bus
384 2279 515 2319 flexis
549 2290 707 2318 coram
742 2278 964 2317 universa
992 2277 1302 2327 multitudine,
1334 2289 1439 2317 cum
1468 2277 1623 2316 multis
1654 2277 1890 2328 lacrymis,

269 2349 390 2401 quod
408 2349 455 2388 Ρ.
474 2349 677 2400 joannes
695 2347 889 2387 Gouvea
911 2347 1054 2397 prius,
1076 2348 1173 2398 ipse
1196 2359 1379 2399 quoque
1400 2347 1566 2397 effecit,
1587 2348 1890 2398 lacrymante,

267 2427 314 2459 ut
336 2420 446 2459 mihi
467 2419 663 2458 relatum
685 2424 775 2466 est,
800 2423 896 2457 toto
918 2418 995 2457 illo
1019 2418 1257 2457 hominum
1278 2425 1530 2468 conventu,
1556 2429 1751 2468 quorum
1772 2417 1891 2457 duri-

267 2491 351 2530 ties
373 2490 625 2540 singularis
647 2489 856 2528 habetur.
876 2487 952 2528 Sic
975 2494 1130 2528 autem
1146 2488 1338 2528 fratrem
1354 2489 1476 2528 hune
1498 2494 1683 2539 praeter
1701 2500 1889 2527 consue-

266 2561 471 2601 tudinem
492 2571 623 2599 suam
645 2564 917 2598 reverentur
939 2565 1078 2609 atque
1108 2565 1289 2609 amant,
1320 2559 1479 2610 sicque
1508 2570 1661 2598 mores
1690 2564 1889 2598 mutatos

267 2632 312 2670 in
343 2631 506 2670 melius
543 2640 643 2668 esse
670 2628 989 2679 intelligimus,
1020 2636 1068 2668 ut
1096 2640 1207 2668 vere
1236 2629 1455 2669 dexterae
1485 2629 1670 2668 Excelsi
1696 2629 1888 2668 mutatio

264 2712 365 2741 esse
387 2700 615 2739 videatur.
643 2698 842 2749 Quidam
863 2699 1013 2747 homo,
1040 2699 1116 2749 qui
1139 2699 1293 2738 acrius
1314 2699 1361 2738 in
1382 2699 1511 2738 initio
1532 2698 1666 2738 fratri
1688 2699 1793 2738 huic
1820 2710 1886 2738 re-

266 2772 468 2821 stiterat,
511 2775 663 2809 tactus
702 2780 728 2808 a
763 2768 964 2807 Domino
1000 2768 1203 2819 factique
1237 2769 1498 2820 poenitens,
1535 2774 1798 2808 revertente
1833 2780 1886 2809 eo

264 2842 473 2891 domum,
498 2840 557 2879 ad
579 2840 666 2879 iter
688 2838 891 2878 occurrit
913 2844 956 2877 et
979 2850 1085 2878 cum
1105 2839 1326 2890 lacrymis
1347 2840 1402 2879 de
1423 2840 1681 2891 pertinacia
1700 2839 1886 2879 veniam

265 2910 529 2962 postulavit.
553 2909 629 2949 Sic
651 2909 849 2959 denique
871 2908 912 2947 ei
935 2908 1086 2948 affecti
1110 2915 1233 2958 sunt,
1258 2916 1305 2948 ut
1326 2910 1449 2949 nullo
1479 2910 1616 2950 modo
1644 2921 1748 2950 eum
1779 2922 1805 2949 a
1836 2921 1884 2949 se

263 2981 470 3021 abstrahi
491 2980 740 3030 patiantur.
765 2977 937 3028 Quare,
962 2984 1010 3018 ut
1032 2979 1270 3028 existimo,
1295 2991 1384 3030 quo
1406 2992 1565 3020 eorum
1588 2981 1723 3020 saluti
1745 2987 1789 3020 et
1811 2980 1884 3020 de-
