1987 3260
857 188 940 223 AN.
972 185 1062 222 1552
1690 186 1761 222 039

138 286 282 325 simus
304 284 525 325 Societati
546 285 752 335 assignet
772 285 926 324 locuni
946 282 1211 334 quemdam.
1236 283 1376 330 vulgo
1399 282 1573 321 Sancta
1600 282 1762 321 Marsa

139 356 194 394 de
214 355 261 394 la
284 355 433 394 Serva
461 360 799 405 nuncupatum,
823 365 914 405 quo
935 353 1122 404 quidem
1142 354 1244 392 loco
1274 352 1501 392 hactenus
1521 364 1760 403 propemo-

140 425 248 465 dum
270 425 353 465 suit
374 425 597 476 parochia
620 425 740 464 illius
762 424 908 475 partis
929 423 1148 472 civitatis3
1172 434 1334 462 verum
1357 429 1463 462 ante
1485 434 1633 461 annos
1656 428 1763 462 octo

139 496 257 536 sorte
278 495 490 536 Pontifex
518 495 688 535 Paulus
710 501 787 535 aut
808 506 946 545 resp„
975 493 1132 534 nescio
1154 504 1243 544 quo
1265 499 1417 544 pacto,
1442 492 1648 543 ejusdem
1674 494 1764 532 loci

140 573 333 618 partem,
358 578 447 616 qua
471 566 691 616 templum
712 572 917 605 erectum
945 571 1064 615 erat,
1095 563 1405 604 exstruendae
1436 564 1534 603 arci
1560 576 1639 603 seu
1661 575 1762 614 pro-

139 637 404 688 pugnaculo
425 636 749 686 designarunt,
775 636 892 675 adeo
921 642 969 674 ut
996 641 1092 675 tota
1116 634 1194 674 illa
1215 634 1420 673 civitatis
1441 645 1564 684 pars,
1589 635 1766 684 absque

139 708 311 758 templo
341 707 528 757 suisque
556 717 744 745 suorum
773 712 1018 757 parentum
1045 705 1356 745 monumentis
1376 705 1577 755 privata,
1600 716 1765 755 prope·

139 778 325 817 modum
346 778 594 828 peregrina
622 788 703 828 per
726 777 877 816 aliena
906 777 1076 827 templa
1097 782 1238 825 erret,
1263 775 1398 815 modo
1422 775 1467 814 in
1490 775 1599 825 hoc,
1623 776 1768 814 modo

139 849 184 887 in
202 848 313 887 illud
335 848 538 897 cursitet,
559 859 650 887 non
668 847 842 898 absque
859 847 1026 898 grandi
1040 845 1223 897 jactura
1245 852 1289 886 et
1311 846 1500 897 spiritus
1518 852 1562 885 et
1582 846 1764 896 religio·

139 920 225 958 nis.
250 918 454 958 Primum
472 924 626 958 autem
643 924 743 957 erat
760 918 1094 957 monasterium
1111 916 1358 968 quoddam.
1380 916 1628 957 Caeterum
1649 915 1762 955 Pon-

139 990 251 1030 tifex
278 991 432 1029 locum
460 990 601 1029 alium
630 989 852 1029 fratribus
882 989 970 1028 illis
992 989 1265 1039 assignavit.
1299 987 1541 1038 Reliquam
1562 994 1767 1038 postmo-

140 1061 248 1100 dum
268 1066 449 1111 partem
470 1060 560 1099 loci
581 1060 715 1109 illius,
739 1059 958 1099 nimirum
981 1060 1237 1099 claustrum
1253 1059 1500 1109 integrum,
1521 1065 1569 1098 ut
1590 1058 1764 1107 dicunt,

141 1136 337 1182 excepta
355 1131 566 1180 ecclesia,
587 1142 705 1181 quae
723 1130 877 1170 diruta
893 1129 998 1180 fuit,
1019 1130 1277 1180 assignavit
1299 1129 1420 1169 idem
1440 1128 1653 1168 Pontifex
1676 1134 1765 1168 stu-

140 1201 282 1242 diosis
304 1201 599 1252 quibusdam,
624 1202 701 1252 qui
730 1201 949 1240 facillimo
970 1201 1172 1251 negotio,
1198 1201 1337 1240 immo
1357 1200 1694 1250 lubentissime,
1717 1207 1767 1239 ut

141 1272 267 1323 ajunt
288 1272 377 1322 isti,
402 1272 635 1322 cederent,
660 1272 698 1311 si
720 1273 829 1323 quid
850 1284 876 1311 a
899 1272 1120 1312 Pontifice
1142 1273 1243 1312 loco
1265 1271 1400 1323 hujus
1417 1272 1527 1311 alibi
1546 1271 1766 1321 repende·

140 1349 282 1383 retur.
306 1342 406 1382 Hoc
428 1343 583 1393 itaque
606 1354 898 1393 summopere
920 1354 1041 1382 nunc
1063 1348 1292 1393 quaerunt
1314 1342 1441 1382 cives
1461 1342 1556 1391 isti,
1581 1349 1767 1391 reputa-

139 1414 344 1465 buntque
366 1413 465 1453 fore
486 1413 572 1452 sibi
593 1413 803 1453 beneficii
823 1413 1025 1464 ingentis
1044 1414 1163 1463 loco,
1183 1413 1221 1453 si
1243 1413 1331 1452 hoc
1349 1413 1652 1464 impetrarint.
1678 1412 1765 1451 Ro-

138 1490 309 1535 garunt
326 1484 663 1535 me'plurimum
677 1485 845 1524 vellem
863 1494 1003 1534 agere
1025 1483 1148 1535 apud
1169 1485 1374 1534 legatum
1396 1484 1523 1523 illum
1543 1490 1593 1523 ut
1609 1495 1767 1534 quam-

138 1556 339 1606 primum
366 1555 606 1606 negotium
633 1555 719 1594 sibi
749 1555 1046 1594 commissum
1068 1561 1212 1594 curet.
1236 1554 1412 1604 Quibus
1432 1555 1651 1606 respondi
1670 1565 1765 1593 non

140 1626 289 1666 videri
324 1625 437 1665 mihi
471 1625 781 1665 aedificationi
816 1632 865 1665 ut
901 1626 1038 1665 anxie
1069 1625 1318 1665 admodum
1351 1625 1461 1665 illud
1491 1637 1762 1676 prosequar,

134 1697 258 1748 quod
277 1696 406 1747 vulgi
419 1695 591 1747 judicio
611 1696 767 1736 statim
788 1696 1028 1747 proprium
1045 1703 1328 1744 censeretur-3
1349 1702 1396 1735 at
1412 1708 1494 1747 per
1511 1696 1626 1735 alios
1644 1708 1765 1735 com—

136 1767 317 1807 modius
346 1779 497 1818 posse.
530 1767 823 1818 Quamquam
853 1767 1012 1807 dicunt
1043 1767 1166 1806 hunc
1199 1767 1433 1806 hominem
1461 1767 1607 1807 Vitam
1635 1768 1762 1817 spiri-

135 1837 308 1878 tualem
329 1849 423 1877 non
438 1838 734 1878 mediocriter
756 1839 986 1877 excolere.
1006 1838 1062 1877 Et
1097 1838 1184 1877 1100
1206 1838 1318 1888 ipsis
1338 1838 1611 1889 perplacuit.

216 1909 474 1959 Cupiebant
495 1920 635 1960 porro
656 1915 706 1948 ut
726 1909 815 1948 hoc
836 1909 1075 1959 negotium
1096 1909 1262 1948 litteris
1278 1910 1454 1948 nostris
1471 1910 1763 1948 commenda-

134 1991 232 2020 rem
254 1979 306 2019 R.
331 1980 408 2030 V.;
431 1991 596 2019 verum
613 1980 708 2019 dixi
729 1981 864 2030 plane
888 1980 1010 2030 ipsos
1031 1979 1168 2030 idem,
1191 1980 1314 2030 quod
1335 1981 1473 2031 paulo
1495 1987 1615 2029 ante,
1641 1980 1763 2031 apud

134 2063 207 2090 me
229 2062 468 2101 quaerere;
492 2051 574 2090 sed
594 2050 777 2101 ipsimet
800 2050 858 2090 ad
879 2050 928 2090 Ρ.
951 2050 1010 2090 V.
1036 2051 1307 2100 scriberent,
1333 2051 1371 2090 si
1392 2051 1500 2102 quid
1522 2057 1764 2102 sperarent

135 2121 223 2162 hac
247 2122 336 2171 via;
361 2121 483 2172 quod
505 2121 692 2161 omnino
715 2121 904 2171 placuit.
928 2121 995 2160 Ita
1018 2121 1128 2160 laeti
1149 2132 1175 2160 a
1198 2121 1329 2160 nobis
1351 2122 1679 2161 discesserunt.

215 2191 330 2232 Illud
348 2192 497 2243 ipsum
515 2203 631 2242 pene
649 2191 705 2230 ab
728 2191 941 2231 omnibus
959 2191 1161 2242 quotidie
1179 2198 1420 2242 tractatur,
1441 2203 1529 2243 quo
1546 2193 1763 2232 nimirum

135 2270 272 2315 pacto
302 2263 648 2312 collocabimus,
683 2261 901 2313 ajuntque
930 2262 1007 2301 alii
1035 2263 1180 2302 satius
1208 2263 1395 2302 omnino
1427 2274 1528 2302 esse
1550 2263 1697 2311 nobis,
1723 2264 1761 2302 si

134 2333 667 2385 applicetursproventus
687 2333 882 2372 istorum
904 2332 1220 2383 professorum
1239 2344 1294 2372 ac
1312 2333 1758 2383 ludimagistrorum,

137 2405 214 2456 qui
235 2404 384 2444 officio
406 2404 700 2444 satisfaciunt
728 2403 936 2453 minime,
961 2403 1082 2443 unde
1111 2404 1252 2443 etiam
1280 2410 1498 2454 putamus
1520 2404 1763 2455 aliquoties

135 2475 303 2515 missos
325 2475 383 2514 ad
403 2486 488 2514 nos
504 2474 700 2524 juvenes
721 2473 929 2513 tentandi
951 2474 1127 2524 gratia,
1159 2474 1235 2525 qui
1263 2480 1306 2514 et
1328 2486 1353 2513 a
1375 2475 1564 2524 nostris,
1594 2487 1665 2514 me
1688 2476 1763 2515 ab·

135 2552 280 2595 sente,
304 2545 610 2596 inquisierunt
638 2544 796 2584 sedulo
824 2555 1092 2584 essemusne
1114 2546 1393 2595 praelecturi
1424 2546 1603 2585 litteras
1630 2557 1760 2596 grae-

135 2628 230 2656 cas.
250 2615 340 2656 Sed
357 2617 497 2656 etiarn
513 2616 754 2666 meipsum
772 2615 999 2665 adierunt,
1021 2615 1186 2667 quibus
1203 2627 1305 2665 ego:
1324 2616 1540 2666 vultisne,
1558 2617 1766 2667 inquam,

135 2686 321 2726 studere
337 2686 502 2726 litteris
514 2686 718 2736 graecis?
734 2686 835 2725 Hoc
853 2685 1024 2736 dicunt,
1045 2687 1324 2737 quaerimus.
1345 2687 1462 2726 Tum
1475 2699 1577 2737 ego:
1594 2688 1768 2727 estisne

135 2758 473 2809 aliquantulum
506 2756 551 2796 in
582 2757 694 2807 ipsis
724 2757 963 2807 provecti?
998 2756 1238 2807 Novimus,
1262 2757 1493 2808 inquiunt,
1516 2764 1766 2809 utcumque

134 2829 303 2878 legere.
325 2826 556 2877 Nondum,
577 2827 779 2877 inquam,
800 2827 921 2866 serio
940 2827 1138 2877 agimus,
1159 2839 1266 2867 nam
1284 2827 1508 2868 habemus
1525 2827 1622 2879 jam
1639 2830 1764 2879 quin—

136 2898 286 2938 decim
307 2897 560 2949 discipulos
587 2904 630 2937 et
661 2898 706 2937 in
728 2897 826 2937 dies
854 2909 1001 2937 novos
1032 2897 1267 2938 adducunt
1301 2905 1520 2949 parentes
1550 2899 1658 2950 ipsi3
1691 2901 1769 2939 ubi

137 2969 333 3009 aderunt
361 2968 595 3019 discipuli,
628 2975 723 3008 tum
753 2980 843 3008 non
871 2979 1071 3018 graecas
1098 2969 1278 3008 litteras
1305 2970 1440 3009 modo
1471 2970 1551 3009 sed
1579 2976 1623 3010 et
1649 2970 1771 3010 alias

327 3045 377 3080 T.
408 3057 430 3079 1.
1478 3058 1525 3090 44
