1987 3260
900 163 983 200 AN.
1016 163 1106 200 1552
1747 165 1818 200 037

187 259 431 310 magisque
454 259 512 298 ad
532 260 751 310 pietatem
772 265 816 300 et
837 260 988 300 studia
1017 259 1299 311 compositos
1320 272 1368 299 se
1390 272 1447 299 ex
1469 260 1540 298 his
1561 259 1660 299 fieri
1680 272 1817 310 posse

188 329 361 380 singuli
380 335 424 368 et
446 330 635 380 cupiunt
656 337 700 370 et
722 331 1020 370 vehementer
1048 335 1252 381 sperant.

269 398 358 450 Qui
393 400 451 439 ad
486 399 707 440 inferiora
743 401 963 452 obsequia
997 400 1184 440 domum
1218 407 1325 440 sunt
1360 401 1554 451 recepti,
1592 401 1656 440 ita
1691 413 1739 440 se
1775 408 1820 441 et

188 470 312 510 domi
332 476 375 510 et
401 470 516 510 foris
537 477 705 521 gerunt
735 479 783 512 ut
811 471 971 511 mirari
1001 482 1049 511 se
1081 471 1289 522 quidam,
1322 471 1464 511 etiam
1500 472 1699 522 nobiles,
1725 473 1820 523 qui-

185 541 271 580 bus
294 541 381 592 ipsi
401 541 625 581 hactenus
652 543 750 582 noti
776 543 979 589 fuerant,
1010 543 1164 593 palam
1191 542 1479 593 praedicent,
1512 543 1589 593 qui
1620 542 1720 582 fieri
1740 554 1821 594 po-

184 612 319 651 tuerit
358 617 406 651 ut
442 618 537 652 tam
576 613 707 652 brevi
746 620 952 664 tempore
988 618 1083 652 tam
1123 612 1335 652 diversos
1366 624 1392 652 a
1422 613 1632 663 pristinis
1666 625 1820 653 mores

184 682 431 722 induerint.

264 751 507 804 Simplices
527 754 753 805 siquidem
775 760 819 793 et
841 754 1027 793 incessu
1048 753 1245 793 modesti
1276 755 1500 805 vultuque
1522 765 1704 805 semper
1726 755 1816 805 pie-

184 823 316 873 tatis,
350 836 467 874 quae
497 825 621 864 intus
656 825 788 874 latet,
827 824 1136 864 certissimum
1170 824 1421 875 praebente
1458 824 1699 874 indicium,
1733 836 1820 864 nec

185 895 545 944 consanguineis
576 895 783 946 quidem,
821 895 859 934 si
890 895 1008 935 forte
1044 895 1230 935 obviam
1264 895 1376 934 facti
1413 895 1539 946 ipsos
1574 895 1818 946 compella-

182 965 294 1015 rint,
320 966 567 1016 quicquam
588 966 869 1017 respondent
890 972 1075 1017 praeter
1103 966 1148 1005 id
1176 978 1338 1006 unum:
1363 966 1451 1005 sibi
1473 966 1573 1006 sine
1594 965 1818 1006 facultate

182 1048 274 1076 non
293 1037 435 1076 licere
463 1037 679 1088 cuiquam
708 1037 852 1088 loqui3
885 1038 1077 1088 proinde
1108 1038 1338 1088 patienter
1364 1037 1515 1077 ferant
1543 1043 1610 1088 et,
1646 1037 1683 1077 si
1711 1037 1821 1088 quid

182 1107 240 1146 sit
261 1107 385 1158 quod
404 1114 590 1157 urgeat,
615 1108 674 1148 ad
696 1108 954 1159 Collegium
976 1109 1186 1159 veniant;
1222 1109 1281 1148 ibi
1310 1108 1408 1148 fore
1440 1114 1489 1148 ut
1511 1108 1577 1148 eis
1599 1108 1813 1148 satisfiat.

183 1177 383 1216 Tantum
411 1189 523 1217 vero
556 1178 686 1218 abest
720 1184 768 1218 ut
803 1179 867 1219 illi
903 1191 1044 1229 aegre
1078 1179 1230 1219 ferant
1266 1179 1312 1218 in
1346 1179 1468 1219 hunc
1503 1179 1691 1218 modum
1726 1179 1813 1218 sibi

183 1248 474 1299 responderi,
499 1254 548 1287 ut
568 1249 887 1300 maximopere
909 1250 1146 1300 gaudeant
1168 1256 1211 1289 et
1232 1250 1565 1300 gratulabundi
1592 1261 1815 1290 nonnum-

184 1330 322 1369 quam
346 1318 404 1358 ad
425 1318 478 1358 R.
503 1319 551 1359 Ρ.
576 1319 834 1359 Antonium
857 1320 1087 1360 accedant
1109 1321 1198 1360 ista
1220 1320 1473 1360 narraturi.

264 1390 392 1429 Haec
414 1390 460 1429 in
489 1390 882 1441 adolescentibus,
916 1392 993 1442 qui
1021 1391 1067 1431 in
1095 1391 1232 1431 domo
1253 1391 1542 1443 probationis
1569 1391 1753 1443 spiritui
1775 1399 1819 1432 et

179 1461 352 1507 litteris
372 1467 564 1511 vacant,
589 1461 706 1500 mira
728 1460 926 1501 fortasse
949 1462 1100 1511 magis
1120 1468 1311 1513 propter
1327 1468 1529 1502 aetatem
1550 1462 1699 1501 videri
1717 1474 1818 1513 pos-

184 1532 289 1571 sint.
320 1531 410 1571 Sed
439 1532 645 1583 ipsorum
676 1533 847 1572 multae
877 1531 1170 1583 majoresque
1201 1544 1340 1583 quam
1369 1545 1454 1584 pro
1484 1544 1715 1573 annorum
1740 1545 1820 1572 nu—

181 1614 309 1642 mero
345 1603 542 1642 virtutes
577 1603 666 1643 ista
700 1604 827 1643 velut
863 1603 1116 1643 obscurant
1153 1610 1197 1643 et
1224 1604 1405 1643 minora
1436 1603 1586 1643 videri
1622 1603 1813 1644 faciunt.

183 1673 359 1713 Verum
393 1685 451 1713 ne
480 1674 565 1713 has
600 1675 785 1726 quidem
816 1675 1054 1726 sigillatim
1074 1675 1342 1714 recensebo.
1375 1674 1611 1725 Siquidem
1639 1681 1682 1714 et
1710 1675 1818 1715 scri—

184 1750 311 1794 ptum
332 1750 401 1784 est
423 1744 478 1784 de
507 1744 579 1784 his
610 1745 746 1795 alias,
778 1751 821 1785 et
848 1745 930 1785 tibi
961 1746 1007 1785 in
1034 1745 1300 1797 praesentia
1329 1745 1443 1785 satis
1473 1756 1574 1785 esse
1597 1746 1817 1796 arbitror,

181 1815 239 1864 si,
263 1826 354 1854 uno
376 1815 521 1855 verbo
543 1816 834 1867 complexus,
858 1816 1020 1856 dixero
1043 1822 1199 1856 tantas
1220 1816 1275 1856 iis
1306 1821 1349 1855 et
1376 1816 1562 1856 virtutis
1584 1822 1628 1856 et
1650 1816 1817 1856 doctri-

182 1897 269 1924 nae
298 1884 449 1924 factas
478 1897 578 1925 esse
613 1887 910 1926 accessiones
944 1893 992 1926 ut
1027 1887 1117 1926 viri
1148 1886 1299 1937 potius
1332 1887 1501 1936 (minus
1537 1886 1641 1926 dico
1677 1898 1818 1937 quam

180 1967 388 2006 possem,
412 1955 493 1995 sed
515 1967 627 1995 sane
648 1956 694 1996 id
716 1957 829 1996 satis
849 1963 918 1996 est
940 1957 1063 2008 quod
1084 1957 1173 1996 hoc
1193 1968 1304 1996 vere
1333 1956 1451 2006 dico)
1475 1956 1584 2006 viri,
1608 1957 1814 2007 inquam,

180 2026 359 2077 potius,
396 2026 624 2078 siquidem
662 2039 817 2067 mores
851 2034 1138 2078 spectentur,
1182 2039 1321 2078 quam
1360 2027 1679 2067 adolescentes
1711 2027 1813 2078 jure

181 2097 328 2136 videri
347 2097 543 2148 possint.
566 2097 893 2137 Exclamarem
919 2098 1015 2148 hic,
1039 2098 1078 2137 si
1105 2098 1266 2137 liceret
1286 2097 1358 2137 his
1385 2098 1431 2137 in
1458 2098 1624 2137 litteris
1645 2098 1700 2138 de
1722 2110 1815 2138 me-

182 2168 280 2219 ipso
317 2168 463 2219 loqui,
494 2175 539 2207 et
570 2180 722 2208 meam
750 2168 1014 2219 ignaviam,
1044 2168 1343 2219 quantumvis
1369 2168 1547 2219 pudore
1576 2175 1619 2208 et
1650 2169 1815 2209 rubore

179 2238 408 2289 perfusus,
440 2239 596 2290 palam
622 2238 865 2289 profiterer
895 2250 950 2278 ac
985 2250 1097 2290 prae
1126 2250 1197 2278 me
1220 2238 1410 2288 ferrem,
1442 2239 1521 2290 qui
1547 2250 1620 2278 me
1651 2239 1708 2279 ab
1745 2240 1819 2279 his

181 2314 318 2360 longe
339 2309 553 2349 relictum
575 2309 790 2360 omnique
812 2309 998 2349 virtutis
1026 2316 1299 2348 ornamento
1323 2315 1591 2360 superatum
1612 2309 1814 2350 videam.

183 2378 273 2420 Sed
291 2380 362 2419 his
378 2392 470 2419 non
488 2381 624 2420 datur
640 2380 728 2420 hoc
746 2386 954 2431 tempore
971 2381 1114 2428 locus,
1139 2391 1227 2430 quo
1249 2391 1341 2419 non
1363 2391 1466 2419 mea
1488 2381 1673 2431 suscepi
1694 2382 1818 2421 mala

182 2450 468 2501 deploranda
490 2450 570 2489 sed
592 2451 788 2490 aliorum
816 2451 938 2489 bona
965 2450 1375 2490 commemoranda
1401 2449 1424 2490 ¹.
1449 2450 1519 2490 De
1549 2451 1818 2491 domesticis

182 2520 323 2570 igitur
346 2521 473 2560 satis.

260 2591 530 2632 Proximum
561 2598 683 2631 esset
710 2598 757 2631 ut
788 2591 843 2632 de
879 2592 1050 2631 scholis
1084 2592 1231 2643 deque
1267 2592 1563 2632 scholasticis
1591 2593 1809 2642 dicerem3

180 2661 259 2701 sed
281 2673 337 2701 ne
366 2663 412 2702 in
438 2663 509 2702 his
536 2662 722 2713 quidem
749 2663 923 2713 aliquid
953 2669 1022 2702 est
1053 2661 1481 2717 novi5Scholarum
1512 2663 1636 2702 nosti
1657 2675 1812 2703 nume-

180 2744 281 2772 rum
322 2739 459 2784 atque
500 2734 722 2773 ordinem.
770 2733 901 2773 Nosti
947 2734 1127 2784 quoties
1174 2733 1481 2773 confiteantur
1525 2734 1813 2785 scholastic13

179 2804 281 2853 quis
305 2815 415 2843 vero
438 2804 495 2843 sit
517 2804 683 2843 horum
704 2816 944 2854 numerus,
968 2804 1070 2854 quis
1095 2814 1209 2853 erga
1237 2815 1322 2843 nos
1350 2803 1567 2849 affectus,
1592 2816 1731 2855 quam
1754 2806 1809 2845 ad

235 2962 242 2981 ¹
285 2962 375 2988 Haec
393 2963 506 2995 ctiam,
524 2970 542 2989 a
560 2964 662 2989 verbo
682 2963 941 2995 lirclcmtarvtn,
959 2970 1137 2995 suppressa
1154 2966 1229 2988 sunt
1247 2970 1265 2988 a
1284 2962 1440 2988 Polanco.
