1987 3260
231 124 301 160 (372
739 123 971 160 LITTERAE·
993 133 1348 166 QUADRIMESTRES

230 220 310 258 les.
334 216 592 258 Nominab'o
620 224 775 258 autem
803 225 897 258 tres
927 218 1045 257 filios
1075 218 1303 257 Praefecti
1333 218 1630 267 Leodiensis,
1654 220 1776 270 quod
1810 221 1854 260 hi

230 290 507 340 praesertim
528 290 662 329 unice
681 288 929 328 videantur
951 289 1085 328 nobis
1107 288 1240 328 affici.

310 359 445 400 Pater
467 360 704 400 Arnoldus
720 364 905 410 praeest
922 358 1312 410 disputationibus
1330 359 1645 399 studiosorum
1662 390 1669 409 ,
1693 364 1738 399 et
1757 371 1856 410 per*-

229 430 380 481 git.in
419 441 503 470 sua
542 430 736 469 lectione
775 440 962 480 graeca.
1003 429 1215 480 Denique
1254 429 1449 469 multum
1486 429 1688 480 proficit3
1729 435 1777 469 ut
1812 436 1854 469 et

230 500 313 540 M.r
347 500 587 540 Gerardus
615 500 886 549 Insulensis,
924 498 1054 550 cujus
1088 506 1250 539 votum
1283 511 1430 550 nuper
1461 499 1521 539 ad
1549 499 1599 539 P.
1637 499 1695 540 V.
1732 499 1851 540 misi-

229 582 329 609 mus
350 570 372 610 ¹.
398 569 668 610 Confi-atres
689 570 853 621 reliqui
874 569 1117 620 diligenter
1139 570 1344 619 student,
1369 581 1567 620 quorum
1589 575 1721 609 sexta
1743 582 1855 621 qua-

229 652 316 691 que
336 640 452 680 feria
474 640 640 691 aliquis
661 640 912 690 declamat,
943 652 1035 679 non
1062 651 1228 691 parum
1249 640 1498 679 fructuose.
1523 639 1659 690 Quod
1681 640 1740 680 ad
1760 641 1846 691 pri-

228 710 382 750 mitias
409 709 423 729 ²
452 709 501 749 P.
533 711 748 761 Arnoldi,
778 711 825 750 in
858 717 1021 750 nostra
1049 710 1307 762 parochiali
1341 711 1539 750 ecclesia
1574 711 1851 759 celebratas,

228 781 411 832 attinet,
435 781 570 820 facile
599 781 833 832 explicare
863 793 957 821 non
976 792 1182 832 possem,
1209 786 1409 831 quantae
1430 780 1773 820 effunderentur
1793 781 1853 820 la-

227 862 440 902 crymae,
472 862 589 902 quae
617 851 818 902 suspiria
849 851 1140 899 audirentur,
1174 863 1313 902 quam
1342 850 1608 902 frequentes
1636 851 1852 902 gemitUS,

228 933 332 961 cum
359 933 597 972 nunquam
625 922 825 961 antehac
855 928 1033 961 tantam
1061 922 1108 961 in
1138 923 1307 973 populo
1339 922 1637 961 devotionem
1664 933 1852 972 conspe-

227 992 390 1032 xerim.
415 991 588 1032 Omnes
613 992 673 1032 ad
704 992 990 1032 offerendum
1016 993 1351 1043 properabant,
1385 993 1472 1032 etsi
1505 992 1740 1032 offertorio
1761 1004 1854 1033 non

227 1061 520 1102 adstaremus
548 1062 577 1114 ⁵3
608 1063 809 1114 plurima
836 1063 1021 1102 interim
1049 1063 1204 1102 oblata
1232 1069 1358 1113 sunt,
1388 1063 1470 1102 sed
1497 1063 1652 1103 omnia
1672 1062 1853 1103 Pastori

225 1133 514 1184 reliquimus,
545 1134 642 1184 qui,
673 1134 807 1173 nobis
836 1134 1132 1184 inconsultiS,
1165 1134 1411 1173 ecclesiam
1444 1134 1612 1184 tapetis
1640 1139 1683 1173 et
1710 1134 1853 1173 ramis

227 1204 385 1243 ornari
406 1212 697 1255 procurarat.
722 1203 812 1244 Sed
834 1204 957 1255 quod
978 1205 1126 1243 relatu
1148 1204 1331 1255 dignius
1354 1212 1443 1253 est,
1468 1215 1689 1254 magnum
1714 1205 1852 1244 etiam

226 1275 300 1314 hic
327 1275 466 1314 Pater
500 1275 662 1314 habuit
688 1286 933 1314 numerum
963 1275 1009 1314 in
1038 1275 1187 1326 prima
1219 1287 1303 1314 sua
1336 1274 1480 1314 Missa
1511 1275 1851 1314 communican-

224 1345 357 1395 tium,
389 1345 539 1396 qualis
569 1352 707 1385 antea
736 1356 974 1396 nunquam
1004 1345 1078 1384 hic
1108 1345 1238 1384 visus
1266 1344 1370 1395 fuit,
1403 1345 1718 1384 studiosorum
1746 1345 1851 1384 ado·

225 1417 481 1455 lescentum
502 1427 607 1455 cum
628 1426 801 1466 magna
822 1416 981 1466 populi
1003 1415 1338 1455 aedificatione.

304 1485 413 1525 Post
435 1486 532 1525 dics
560 1498 671 1525 vero
702 1486 874 1537 aliquot
902 1486 1106 1536 incoepit
1134 1485 1294 1525 audire
1325 1485 1643 1525 confessiones
1672 1486 1852 1526 studen-

226 1557 363 1606 tium,
395 1563 438 1596 et
466 1557 512 1596 in
541 1557 703 1607 vigilia
734 1557 906 1596 Beatae
937 1556 1114 1596 Mariae
1146 1556 1358 1607 Virginis
1389 1568 1533 1607 usque
1565 1557 1624 1596 ad
1654 1557 1853 1607 medium

223 1627 374 1666 noctis
404 1627 771 1666 confessionibus
806 1627 1046 1666 audiendis
1085 1632 1339 1677 occupatus
1373 1626 1477 1677 fuit3
1514 1627 1595 1666 sed
1629 1638 1723 1666 non
1757 1627 1853 1666 sint·

222 1696 397 1747 fructu;
429 1697 537 1748 quia
561 1710 619 1737 ex
649 1697 760 1748 ipsis
794 1704 888 1737 tres
923 1698 1265 1747 adolescentes,
1300 1698 1540 1748 accepturi
1567 1697 1777 1737 habitum
1809 1706 1852 1736 et

223 1768 351 1818 leges
371 1766 448 1807 ΞΜ
473 1767 714 1807 Francisci
735 1767 793 1807 ad
815 1768 1057 1807 inferiores
1077 1773 1235 1818 partes
1256 1767 1453 1818 profecti
1473 1773 1593 1807 sunt.

301 1837 449 1889 Hujus
488 1850 600 1878 sane
638 1838 791 1878 Patris
831 1838 1060 1888 colloquio
1100 1845 1143 1876 et
1184 1837 1541 1877 conversatione
1576 1838 1772 1878 multum
1805 1838 1850 1878 in

222 1908 424 1948 Domino
456 1908 661 1959 reficior,
691 1920 776 1948 nec
806 1920 955 1959 parvo
987 1920 1092 1948 cum
1122 1908 1275 1947 fructu
1307 1908 1527 1948 Coloniae
1548 1915 1729 1959 manet;
1753 1920 1849 1948 cor-

222 1991 334 2030 pore
363 1990 504 2019 sanus
541 1985 584 2018 et
617 1978 750 2018 fortis
780 1985 872 2028 est,
907 1980 1007 2018 laus
1037 1978 1136 2017 Deo
1175 1978 1494 2029 omnipotenti.
1527 1979 1584 2018 Et
1620 1975 1736 2018 haec
1772 1979 1849 2018 ha-

222 2056 399 2089 ctenus.

300 2120 386 2160 Fui
407 2121 601 2159 multum
620 2126 829 2170 rogatus,
853 2127 902 2159 ut
924 2119 983 2158 ad
1004 2119 1230 2170 quosdam
1251 2119 1587 2170 proficiscerer,
1613 2119 1671 2159 ad
1691 2120 1851 2160 multo-

222 2202 325 2230 rum
356 2190 668 2230 conscientias
693 2189 947 2241 juvandas,
985 2201 1103 2240 quae
1136 2191 1253 2228 male
1285 2190 1399 2229 satis
1434 2189 1686 2240 habebant,
1718 2196 1763 2230 et
1793 2191 1849 2230 ad

223 2262 314 2301 alia
334 2263 477 2301 multa
504 2261 692 2311 negotia
720 2260 1028 2312 expedienda;
1064 2259 1112 2299 P.
1146 2259 1343 2299 Arnoldi
1374 2271 1604 2300 consensu
1636 2266 1680 2300 et
1709 2272 1849 2301 suasu

220 2332 473 2382 profectus.
503 2332 608 2382 Ipso
637 2332 779 2382 igitur
809 2330 1051 2370 Laurentii
1082 2330 1128 2370 in
1159 2341 1282 2381 pago
1314 2329 1535 2381 quodam,
1569 2331 1753 2370 nomine
1773 2330 1848 2371 Al-

220 2402 363 2453 phen,
387 2402 760 2442 adhortationem
780 2401 920 2441 habui
951 2412 1055 2440 cum
1083 2411 1255 2451 magna
1284 2400 1489 2439 omnium
1511 2400 1844 2451 aedificatione,

222 2473 297 2511 cui
322 2473 478 2523 plures
506 2472 858 2523 quadringentis
875 2471 1086 2510 homines
1108 2470 1387 2520 intererant,
1421 2470 1587 2521 quibus
1608 2475 1846 2521 quantum—

220 2543 293 2581 vis
327 2543 588 2593 importune
621 2543 665 2581 id
696 2542 1028 2592 rogitantibus,
1066 2541 1121 2580 ob
1152 2541 1374 2591 temporis
1407 2541 1672 2590 angustiam
1701 2540 1846 2581 altero

327 2724 401 2751 Vox
418 2725 618 2751 Jnsulensts
634 2725 751 2751 addita
767 2729 816 2751 est
833 2724 864 2750 in
880 2731 943 2750 uno
959 2731 999 2749 ex
1015 2723 1225 2756 apographis
1241 2723 1282 2750 ad
1299 2723 1498 2756 marginem.
1521 2722 1627 2749 Estne
1649 2722 1703 2749 hic
1724 2723 1811 2750 alius
1828 2731 1845 2750 a

226 2771 379 2798 (oerardo
394 2771 660 2799 Dordracensi?

272 2818 286 2836 ’ὲ
319 2818 525 2852 primitias,
541 2827 595 2852 sc.,
613 2820 757 2853 primum
772 2826 917 2845 sacrum.

272 2864 286 2883 T·
323 2865 392 2890 assi
406 2865 582 2898 offertorio
598 2873 664 2891 non
677 2866 916 2897 adstaremus,
931 2873 987 2899 sc.,
1004 2865 1068 2892 etsi
1084 2866 1257 2898 offertorii
1272 2870 1422 2898 tempore
1438 2872 1457 2892 a
1472 2864 1638 2898 fidelibus,
1653 2867 1688 2890 ut
1706 2871 1776 2890 mos
1792 2869 1839 2890 est

214 2911 250 2937 jn
266 2911 696 2945 parochialibus.ecclesiis,
713 2914 829 2939 oblata
845 2920 907 2938 non
923 2912 1160 2945 reciperemus.
