1987 3260
903 205 986 241 ΑΝ.
1019 205 1109 240 1552
1750 205 1823 241 503

196 300 410 340 millibus.
435 299 628 351 Deinde,
653 301 780 341 finito
803 300 1014 351 prandio,
1038 299 1159 339 idem
1180 300 1444 339 licentiatus
1470 299 1590 340 serio
1619 301 1816 351 explica-

195 371 262 410 vit
283 371 416 410 nobis
438 371 641 411 animum
664 383 797 411 suum
820 378 863 412 et
881 372 995 412 dixit
1017 372 1062 411 in
1080 371 1343 422 praesentia
1359 371 1588 410 dictorum
1605 370 1817 410 duorum:

194 452 319 491 ecce,
342 441 503 492 inquit,
529 453 671 481 causa
694 454 776 482 cur
797 442 1070 482 vocaverim
1086 454 1172 482 vos
1193 448 1237 482 et
1253 442 1502 493 praecipue
1520 447 1564 481 te
1582 441 1814 481 dominum

194 511 476 560 Adrianum,
501 512 613 552 mihi
641 514 854 564 loquens:
884 514 1001 564 vidi,>
1033 514 1202 565 inquit,
1238 512 1509 564 patientiam
1537 518 1744 562 vestram
1773 513 1818 551 in

193 583 411 622 omnibus
433 583 533 623 istis
555 583 769 624 adversis
791 591 834 624 et
853 583 949 635 jam
970 596 996 624 a
1017 586 1161 624 multo
1184 590 1391 635 tempore
1412 583 1619 634 cogitavi
1640 590 1683 622 et
1712 583 1818 623 deli-

191 653 355 693 beravi
375 654 513 703 istud,
536 654 765 701 videlicct;
786 662 1033 706 procurate
1054 667 1140 695 vos
1160 654 1361 701 domum,
1387 665 1467 694 seu
1488 654 1722 693 licentiam
1743 666 1818 693 ex-

193 723 403 763 struendi
430 735 511 764 scu
543 725 722 765 emendi
752 726 938 765 domum
966 738 1049 776 pro
1078 726 1274 776 collegio
1304 725 1501 765 fratrum
1535 730 1819 764 vestrorum.

200 794 300 844 Ego
329 794 391 834 ita
420 795 630 835 eamdem
658 796 846 835 domum
874 797 1064 843 dotabo,
1094 803 1142 836 ut
1171 796 1392 847 quinque,
1423 807 1506 835 sex
1535 800 1615 834 aut
1642 801 1818 846 septem

196 864 366 905 l‘ratres
387 865 492 905 indc
513 867 690 917 possint
713 867 980 912 sustentari;
1003 874 1047 907 et
1063 867 1185 907 istud
1202 867 1392 906 firmiter
1410 866 1549 906 statui
1567 865 1673 905 etin
1689 877 1814 916 prac-

192 937 344 976 sentia
365 937 562 977 duorum
578 937 674 988 jam
696 939 892 989 explico.
924 939 1023 988 Ego
1053 950 1192 989 opere
1221 938 1463 977 ostendam
1489 948 1562 976 me
1589 936 1821 976 fautorem

190 1013 240 1046 ct
261 1013 443 1058 patrem
464 1008 709 1049 Societatis
730 1009 880 1060 hujus.
907 1009 1058 1049 Video
1088 1010 1211 1049 enim
1238 1009 1362 1060 quod
1390 1008 1502 1048 nihil
1528 1008 1617 1047 nisi
1645 1008 1817 1047 nudum

194 1078 433 1118 Christum
454 1085 498 1118 et
519 1080 925 1119 mortificationem
946 1080 1186 1131 propriam
1207 1080 1462 1131 quaeratis,
1487 1085 1532 1118 et
1554 1078 1741 1121 similia;
1776 1084 1819 1117 et

191 1149 309 1189 dixit
330 1149 443 1189 mihi
465 1150 587 1201 quod
610 1151 725 1190 hacc
748 1151 1002 1191 indicarem
1024 1150 1072 1191 P.
1097 1152 1156 1191 V.
1180 1150 1379 1190 Proinde
1397 1161 1511 1200 rogo
1528 1149 1576 1189 P.
1597 1149 1654 1189 V.
1674 1156 1723 1188 ut
1739 1148 1818 1188 fiat

191 1219 256 1269 id,
293 1221 416 1271 quod
443 1221 490 1260 in
514 1221 616 1260 aliis
646 1222 810 1261 litteris
832 1223 1021 1273 scripsi,
1057 1224 1131 1261 vel
1161 1228 1210 1262 ut
1239 1221 1450 1261 Societas
1481 1220 1765 1271 approbetur
1792 1232 1816 1259 a

191 1290 398 1330 Concilio
434 1291 724 1331 Tridentino
755 1292 975 1343 Alioquin
1003 1304 1088 1343 pro
1116 1293 1205 1332 hoc.
1241 1300 1449 1343 tempore
1482 1303 1577 1331 non
1610 1297 1680 1330 est
1711 1302 1822 1342 spes

189 1361 461 1401 exstruendi
492 1363 762 1413 collegium,
796 1375 945 1413 neque
976 1375 1082 1414 spes
1104 1363 1244 1403 libere
1275 1363 1431 1402 utendi
1461 1362 1719 1413 privilegiis
1740 1373 1820 1400 no-

190 1432 299 1472 stris
331 1433 605 1473 admittendi
639 1433 839 1484 aliquem
863 1434 921 1474 ad
951 1434 1174 1474 exercitia
1194 1433 1441 1474 Societatis
1473 1439 1550 1473 aut
1573 1433 1632 1472 ad
1661 1431 1818 1472 Socie-

190 1509 350 1543 tatem.

270 1574 387 1614 Cum
408 1574 496 1614 hoc
519 1586 701 1626 quoque
722 1581 856 1627 posta
878 1575 993 1615 nihil
1013 1587 1206 1627 prorsus
1226 1576 1487 1615 litterarum
1513 1586 1539 1613 a
1566 1574 1614 1614 P.
1645 1573 1704 1613 V.
1739 1580 1817 1612 aut

189 1645 397 1684 romanis
418 1646 702 1697 accepimus.
727 1646 886 1686 Aliam
906 1647 1066 1686 nescio
1089 1657 1293 1693 causam,
1318 1646 1405 1685 nisi
1423 1645 1546 1696 quod
1563 1650 1692 1685 tanta
1710 1656 1815 1684 con-

190 1717 418 1756 solatione
440 1729 534 1756 non
556 1729 659 1757 sum
684 1718 873 1769 dignus,
898 1724 943 1757 et
963 1718 1070 1768 quia
1092 1717 1308 1758 fortassis
1329 1718 1466 1756 nimis
1486 1717 1631 1756 multa
1653 1716 1711 1755 ad
1732 1727 1821 1755 vos

190 1787 394 1827 scribam
415 1794 459 1828 et
480 1788 627 1828 variis
649 1789 799 1828 dubiis
830 1789 1027 1828 obruere
1057 1789 1235 1828 videar.
1267 1788 1357 1828 Sed
1388 1799 1503 1838 rogo
1530 1792 1722 1838 propter
1747 1786 1815 1838 Je-

191 1869 292 1897 sum
315 1859 546 1908 ignoscite
567 1859 695 1909 mihi,
719 1860 828 1911 quia
850 1859 967 1899 nihil
987 1859 1101 1899 mihi
1122 1860 1258 1910 sapit,
1282 1859 1394 1898 nihil
1412 1858 1560 1898 audeo
1581 1857 1670 1897 nisi
1692 1869 1718 1896 a
1739 1868 1819 1897 vo-

191 1929 261 1968 bis
280 1929 411 1980 prius
433 1929 688 1970 instructus
707 1937 751 1970 et
774 1930 981 1970 edoctus.
1311 1930 1315 1933 ’

270 1998 600 2040 Remansimus
623 2001 747 2040 domi
768 2001 971 2052 quinque
999 2001 1183 2040 fratres.
1215 2001 1347 2040 Unus
1376 2000 1650 2040 licenciatus
1679 1999 1818 2050 Quin-

190 2070 314 2110 tinus
338 2070 348 2088 ¹
371 2071 580 2110 nondum
601 2078 669 2111 est
690 2071 903 2123 publicus
923 2071 1083 2121 frater,
1111 2078 1155 2111 et
1176 2083 1395 2111 reversus
1417 2078 1486 2111 est
1507 2071 1566 2110 ad
1586 2082 1722 2110 suum
1744 2082 1817 2110 ca-

189 2141 461 2181 nonicatum
491 2147 536 2181 et
568 2141 739 2182 ibidem
766 2141 1017 2182 fructificat
1047 2142 1195 2182 donec
1229 2143 1353 2182 aliud
1384 2142 1425 2182 ei
1455 2154 1482 2181 a
1512 2142 1561 2182 P.
1593 2141 1651 2181 V.
1687 2142 1764 2181 vel
1791 2153 1818 2182 a

189 2212 324 2251 nobis
346 2212 541 2252 dicatur.
567 2211 736 2252 Noster
757 2212 933 2253 Sardus
953 2211 967 2231 ‘²
989 2219 1130 2263 recte,
1153 2214 1254 2253 laus
1281 2213 1402 2262 Deo,
1436 2214 1574 2262 valet,
1604 2224 1710 2252 cum
1742 2224 1816 2252 an-

190 2290 382 2333 tequam
402 2294 451 2322 se
471 2283 604 2323 nobis
626 2282 936 2334 adjunxisset,
961 2295 1101 2335 saepe
1123 2284 1180 2323 ab
1202 2284 1397 2323 infantia
1427 2289 1471 2323 et
1497 2283 1667 2334 ubique
1695 2284 1816 2323 loco-

192 2365 294 2393 rum
317 2354 613 2393 consueverit
634 2355 754 2393 male
775 2354 969 2405 habere,
993 2360 1038 2394 et
1058 2354 1195 2394 valde
1217 2361 1286 2394 est
1307 2354 1630 2394 aedificativus
1657 2361 1701 2393 et
1731 2353 1817 2393 fer-

193 2437 216 2462 v
226 2424 342 2474 idus,
368 2430 613 2476 promptus
634 2431 678 2464 et
700 2425 919 2465 obediens
941 2425 987 2465 in
1004 2426 1232 2465 omnibus.
1252 2425 1410 2476 Pergit
1431 2425 1476 2465 in
1494 2425 1657 2465 studiis
1674 2424 1818 2475 philo-

193 2496 400 2547 sophicis
421 2502 466 2536 et
487 2507 714 2545 magnum
733 2503 923 2547 gustum
943 2497 989 2537 in
1011 2497 1099 2537 illis
1120 2497 1252 2537 brevi
1274 2497 1484 2537 invenire
1506 2496 1671 2547 coepit.
1778 2545 1780 2547 ,

274 2567 539 2607 Habuimus
555 2579 696 2607 unum
718 2567 1302 2618 HispanumValentinum
1322 2568 1423 2608 istis
1445 2568 1604 2608 diebus
1622 2568 1667 2607 in
1689 2579 1820 2606 exer—

193 2638 330 2689 citiis,
355 2638 571 2687 nobilem3
595 2638 676 2677 sed
697 2639 817 2678 sicut
837 2638 1029 2679 Parisiis
1050 2641 1192 2679 semel
1213 2639 1395 2689 defecit,
1420 2639 1485 2678 ita
1506 2644 1550 2678 et
1571 2637 1693 2689 apud
1714 2649 1819 2686 nos,

243 2774 254 2794 ¹
296 2774 474 2806 Quintinus
486 2774 662 2807 Charlart,
677 2774 716 2800 de
727 2782 790 2807 quo
806 2775 890 2801 haec
904 2775 1084 2809 Delplace:
1101 2775 1263 2807 “Quentin
1276 2775 1451 2808 Charlart,
1466 2777 1506 2802 ne'
1520 2776 1539 2801 ὲ.
1554 2774 1712 2801 Baudour
1727 2772 1823 2805 (Hai-

190 2829 208 2847 n
221 2823 284 2854 tut)
300 2829 340 2848 en
353 2821 433 2853 1507,
449 2822 614 2849 chanoine
631 2822 669 2848 de
686 2821 846 2855 Tournai;
863 2822 971 2849 admis
993 2823 1013 2849 a
1033 2822 1137 2849 Rome
1154 2830 1193 2849 en
1211 2823 1294 2855 1552,
1311 2828 1399 2850 mort
1417 2824 1436 2849 a
1451 2822 1598 2849 Tournai
1612 2823 1641 2848 le
1657 2821 1691 2848 ‘28
1705 2821 1821 2854 Juillet

191 2869 288 2901 mm„
303 2870 324 2896 1.
341 2877 367 2896 c.

244 2918 257 2936 “²
296 2917 418 2944 Petrus
434 2917 574 2951 Spigha.
591 2917 677 2943 Vide
694 2917 860 2951 PorAxcc,
880 2917 1016 2948 cleron..
1036 2923 1058 2945 t.
1073 2926 1106 2951 11,
1122 2926 1199 2953 pag.
1216 2919 1276 2949 280,
1294 2927 1324 2945 n.
1341 2920 1401 2945 249.
1420 2918 1503 2953 Ejus
1518 2922 1627 2951 gesta,
1644 2918 1771 2951 domuS,
1787 2916 1821 2944 in

192 2971 258 2996 qua
273 2971 466 2998 supremum
481 2965 569 2992 diem
584 2965 677 2995 obiit,
694 2965 871 2991 enarravit
891 2965 1016 2992 Rector
1033 2966 1064 2993 in
1079 2966 1223 3000 epistola
1236 2967 1376 2994 Romam
1392 2974 1504 2999 missa,
1522 2971 1554 2993 et
1566 2974 1606 2992 cx
1619 2973 1657 2992 ea
1671 2966 1824 3000 deprom-

194 3012 260 3045 psit
276 3011 500 3038 NlEREMRERG
518 3019 602 3045 quac
619 3020 677 3038 suo
693 3012 784 3046 operi
806 3012 958 3039 Varoncs
976 3013 1121 3041 austres
1136 3015 1226 3041 dela
1247 3014 1438 3049 Campania
1455 3015 1497 3041 de
1511 3014 1617 3049 semis
1633 3012 1784 3041 inseruit.
