1987 3260
896 171 977 208 AN.
1010 170 1101 208 1550
1746 170 1813 209 183

190 269 395 320 saepius,
419 267 584 319 majori
605 268 741 308 solito
763 267 1003 318 diligentia
1025 266 1212 306 scholas
1232 266 1448 316 visitant,
1482 271 1689 318 tempore
1720 279 1812 307 ma-
1857 253 1861 256 ’

188 340 338 380 tutino
371 338 542 379 Missae
576 339 825 388 intersunt,
864 344 908 378 et
947 337 1108 378 diebus
1143 336 1388 377 dominicis
1424 342 1531 377 ante
1569 337 1813 388 prandium

188 410 502 451 concionibus.
527 409 757 459 Tempore
777 420 891 449 vero
913 407 1233 460 pomeridiano
1261 407 1401 458 aliqui
1433 406 1491 446 ad
1521 418 1630 447 suos
1659 419 1812 448 rever-

187 487 347 522 tuntur
367 481 634 532 magistros,
654 480 731 531 qui
753 480 818 519 eis
839 479 1011 530 aliquid
1028 478 1268 530 spirituale
1290 479 1549 529 perlegunt.
1566 478 1699 518 Unde
1715 484 1812 518 tum

188 563 272 604 per
291 551 554 604 praedicta,
577 556 674 590 tum
695 550 834 590 etiarn
856 562 936 601 per
963 549 1230 599 lectionem,
1255 560 1393 600 quam
1423 548 1472 588 P.
1504 548 1693 600 Laynez
1723 549 1811 589 sin-

189 623 312 673 gulis
334 622 478 662 sextis
498 621 627 661 feriis
648 621 865 672 perlegit,
890 619 1141 660 admodum
1162 619 1251 660 illis
1271 618 1559 659 fructuosam
1581 626 1624 658 et
1646 630 1813 659 conve-

185 694 409 743 nientem,
434 704 519 733 nec
540 704 633 732 non
663 692 804 732 etiam
834 703 916 743 per
947 690 1101 731 studia
1132 690 1374 740 bonosque
1406 690 1613 741 ipsorum
1642 701 1810 739 moreS,

186 763 416 804 Dominus
439 763 528 813 (cui
549 763 634 803 soli
655 763 756 802 laus
779 768 822 802 et
842 761 1009 813 gloria)
1030 760 1305 801 mirabiliter
1326 766 1559 811 operatur.

267 834 569 874 Reverendus
586 833 635 873 P.
654 833 843 884 Laynez
865 834 911 872 in
933 833 1131 872 ecclesia
1153 831 1418 883 praecipua,
1438 839 1684 882 praesente
1706 830 1813 871 Pro-

188 917 298 956 rege
320 905 567 956 multisque
588 904 906 955 magnatibus,
931 903 1128 954 singulis
1149 902 1395 943 dominicis
1417 902 1579 942 diebus
1610 908 1678 942 est
1707 913 1811 941 con-

186 976 418 1025 cionatus,
443 974 579 1027 idque
600 986 692 1014 non
715 975 813 1014 sine
834 986 1006 1025 magna
1028 974 1234 1013 omnium
1254 980 1352 1013 tum
1379 973 1687 1013 admiratione
1716 978 1813 1012 tum

184 1046 519 1095 satisfactione,
556 1052 717 1097 atque,
754 1051 801 1085 ut
829 1045 875 1084 in
903 1045 1066 1085 eadem
1101 1044 1300 1084 ecclesia
1327 1052 1426 1084 tota
1457 1045 1815 1084 concionaretur

186 1116 571 1168 quadragesima,
595 1117 790 1156 multum
810 1115 895 1155 fuit
916 1115 1251 1165 desideratum3
1276 1115 1392 1154 adeo
1413 1122 1462 1155 ut
1482 1115 1612 1155 multi
1639 1115 1814 1155 nobiles

185 1187 243 1228 ob
275 1188 364 1227 loci
387 1187 697 1238 capacitatem
718 1186 950 1237 totiusque
973 1186 1178 1225 civitatis
1206 1186 1604 1235 commoditatem,
1638 1186 1695 1225 ad
1726 1186 1814 1226 hoc

184 1258 431 1309 plurimum
452 1257 717 1297 institerint.
741 1255 830 1297 Sed
853 1257 960 1307 quia
983 1256 1058 1296 hic
1080 1257 1209 1296 locus
1230 1255 1443 1307 Pro-regi
1460 1257 1635 1308 totique
1657 1257 1814 1296 curiae

186 1329 337 1368 fuerat
378 1327 721 1377 incommodus,
763 1327 927 1366 melius
964 1327 1116 1366 visum
1150 1326 1234 1367 fuit
1269 1327 1544 1378 praedicare
1579 1327 1656 1367 ubi
1691 1338 1812 1367 anno

185 1405 424 1439 transacto
454 1398 774 1450 praedicabat.

264 1470 396 1511 Ultra
417 1470 533 1509 haec
555 1469 696 1521 aliqui
717 1469 915 1509 fratrum
937 1475 1035 1508 tum
1056 1469 1102 1508 in
1125 1469 1407 1516 carceribus,
1427 1477 1522 1509 tum
1544 1470 1590 1509 in
1609 1470 1811 1521 hospita-

185 1542 325 1592 libuS,
350 1547 447 1580 tum
470 1541 515 1580 in
535 1540 824 1588 triremibus,
848 1541 1003 1591 gratia
1034 1539 1142 1588 Dei,
1173 1551 1266 1579 non
1297 1540 1395 1579 sine
1423 1539 1575 1580 fructu
1603 1541 1691 1580 hoc
1718 1540 1812 1581 Ad-

184 1618 329 1652 ventu
359 1611 766 1663 praedicaverunt.
798 1609 917 1650 Nam
950 1611 1234 1650 incarcerati
1262 1611 1396 1662 quasi
1424 1622 1583 1651 omnes
1612 1611 1812 1651 confessi

188 1688 294 1722 sunt
317 1688 360 1722 et
383 1682 869 1728 communicaverunt,
893 1682 1000 1721 licet
1019 1692 1265 1721 numerum
1286 1682 1565 1721 excederent
1586 1688 1811 1722 tercento-

188 1765 311 1803 rum,
342 1760 385 1793 et
419 1753 571 1793 bullae
605 1764 689 1804 pro
726 1753 880 1792 multis
914 1759 962 1792 ut
996 1753 1350 1792 absolverentur
1381 1759 1486 1792 sunt
1519 1753 1808 1804 impetratae.

183 1823 378 1875 Jamque
412 1824 601 1874 viginti,
639 1824 716 1875 qui
753 1824 809 1863 ob
844 1824 1047 1863 debitum
1081 1824 1143 1863 ibi
1177 1823 1521 1873 detinebantur,
1560 1824 1812 1864 auxiliante

184 1895 466 1935 authoritate
483 1901 526 1934 et
543 1895 840 1945 eleemosyna
852 1894 1105 1945 Pro-regis,
1124 1895 1439 1934 liberavimus.
1454 1894 1689 1944 Similiter,
1704 1896 1813 1947 quia

185 1966 347 2006 diebus
368 1965 620 2005 transactis
642 1966 773 2005 multi
794 1965 840 2004 in
862 1965 1179 2005 infirmitatem
1207 1964 1494 2012 ceciderant,
1528 1971 1685 2016 atque,
1718 1978 1812 2006 mo-

184 2037 410 2077 rientibus
430 2036 728 2087 quibusdam,
754 2035 1011 2087 periculum
1039 2042 1138 2075 erat
1168 2047 1225 2075 ne
1254 2042 1297 2075 et
1328 2036 1403 2074 alii
1433 2035 1547 2075 febri
1578 2036 1655 2075 illa
1685 2036 1811 2076 mali-

183 2119 277 2159 gna
298 2106 612 2157 inficerentur,
638 2112 852 2146 curatum
873 2106 1060 2145 omnino
1082 2117 1255 2156 magna
1276 2105 1360 2145 fuit
1381 2106 1602 2146 instantia
1634 2107 1734 2146 illos
1765 2107 1811 2146 in

185 2178 414 2229 hospitale
437 2189 542 2217 cum
571 2176 667 2217 suis
695 2177 918 2217 custodiis
948 2176 1213 2226 transferri,
1244 2176 1321 2227 qui
1348 2177 1438 2216 hoc
1467 2177 1638 2217 auxilio
1667 2177 1813 2218 vitam

187 2249 276 2288 sibi
296 2254 461 2299 putant
483 2253 828 2288 conservatam.

264 2319 315 2358 In
336 2319 603 2358 triremibus
625 2330 742 2369 opus
762 2318 938 2358 factum
969 2324 1037 2358 est
1064 2330 1158 2358 non
1188 2318 1340 2358 minus
1372 2318 1643 2358 admirabile
1672 2331 1813 2370 quam

186 2400 386 2440 magnae
408 2388 742 2429 aedificationis
763 2389 1040 2440 plurimique
1060 2388 1256 2439 fructus,
1281 2389 1388 2440 quia
1405 2401 1487 2440 per
1507 2389 1813 2440 praedicatio-

185 2471 267 2500 nes
297 2460 358 2499 ibi
388 2460 537 2499 factas
572 2471 732 2499 omnes
763 2459 839 2511 qui
874 2460 919 2499 in
954 2459 1020 2499 eis
1055 2459 1407 2511 reperiebantur
1435 2460 1697 2507 christiani,
1727 2472 1811 2511 per

183 2530 370 2570 Patrem
390 2531 578 2582 Laynez
600 2531 809 2581 aliosque
835 2529 1083 2570 Societatis
1112 2536 1304 2571 nostrae
1335 2531 1623 2580 sacerdotes,
1657 2532 1811 2571 admo-

186 2601 294 2641 dum
315 2601 403 2641 illis
424 2601 755 2650 necessariam,
786 2606 830 2640 et
850 2601 1050 2641 antehac
1071 2612 1098 2640 a
1118 2601 1275 2641 multis
1294 2603 1580 2652 neglectam,
1605 2602 1812 2642 fecerunt

187 2671 544 2712 confessionem.
578 2672 702 2711 Inter
723 2683 802 2711 eos
831 2672 953 2711 enim
976 2672 1180 2723 reperire
1208 2671 1291 2712 fuit
1320 2672 1544 2723 quosdam
1567 2673 1644 2724 qui
1666 2685 1691 2712 a
1711 2685 1808 2723 sex,

187 2743 265 2793 qui
285 2754 311 2782 a
333 2742 507 2793 decem,
528 2742 605 2793 qui
627 2754 652 2781 a
675 2741 951 2793 quindecim,
971 2742 1049 2793 qui
1071 2754 1097 2781 a
1113 2742 1281 2793 viginti
1302 2743 1451 2792 annis,
1472 2744 1549 2794 qui
1571 2749 1666 2783 toto
1689 2743 1811 2783 vitae

186 2823 296 2852 suae
317 2819 525 2864 tempore
548 2814 722 2852 nullam
743 2812 949 2852 fecerant
970 2812 1324 2853 confessionem:
1349 2814 1560 2853 omnibus
1581 2826 1673 2853 una
1694 2826 1810 2854 voce

186 2882 466 2923 dicentibus:
491 2883 625 2934 Quod
645 2882 874 2923 Dominus
904 2883 1113 2923 visitavit
1147 2883 1326 2934 plebem
1357 2895 1489 2924 suam
1519 2890 1562 2924 et
1592 2884 1714 2936 quod
1744 2896 1811 2924 re-

189 2953 402 3004 demptae
422 2954 606 2994 fuerant
624 2955 806 2994 animae
828 2955 1049 3005 ipsorum.
