1987 3260
902 157 985 194 AN.
1018 156 1103 193 1551
1747 157 1819 194 317

194 253 299 292 dine
321 252 641 292 laborantibus
671 253 897 302 accimur,
930 258 978 292 ut
1009 257 1308 303 peccatorum
1330 261 1469 290 onere
1497 258 1541 290 et
1568 252 1817 302 aegritudi-

193 323 265 362 nis
294 321 569 371 acerbitate,
603 334 721 374 quae
752 323 973 374 pleraque
1005 327 1199 373 peccata
1229 320 1499 371 comitatur,
1532 322 1812 362 releventur.

269 392 318 432 P.
360 392 527 432 Daniel
566 392 573 411 ¹
611 393 734 444 apud
772 393 998 432 foeminas
1038 392 1341 443 poenitentes,
1384 396 1427 430 et
1468 391 1527 430 ad
1548 391 1815 442 puritatem,

189 463 362 503 Christi
402 463 640 513 beneficio,
683 476 740 503 ex
782 464 1048 515 impuritate
1086 472 1360 511 conversas,
1386 461 1629 501 dominicis
1656 462 1818 502 diebus

188 534 382 584 singulis
403 534 675 574 concionem
697 535 850 574 habet.
874 534 992 585 Mgr.
1012 545 1193 585 quoque
1210 532 1410 572 Michael
1427 532 1646 583 Botellus‚
1665 533 1815 583 primo

188 604 260 644 die
287 605 467 644 sabbati
495 604 737 656 cujuslibet
764 605 936 645 mensis
960 603 1300 656 peccatricibus
1321 602 1606 653 mulieribus,
1637 603 1684 642 in
1705 603 1817 643 Divi

186 673 405 715 Andreae
436 676 570 722 aede,
604 676 751 727 prima
781 676 1013 715 dominica
1044 674 1216 714 mensis
1242 673 1544 713 nobilissimis
1570 674 1814 723 matronis,

187 746 232 785 in
254 745 364 786 Divi
386 746 599 793 Antonii,
624 759 717 786 non
739 747 837 786 sine
858 746 1013 786 fructu
1035 746 1354 785 concionatur.

267 816 382 857 Cum
413 818 543 857 multi
568 817 777 868 juvenes,
808 817 964 857 divino
995 817 1102 867 igne
1130 815 1307 855 incensi
1328 822 1372 855 et
1394 814 1651 855 incredibili
1670 814 1816 865 perfe—

186 888 351 927 ctionis
383 888 635 938 cupiditate
664 888 936 938 flagrantes,
975 887 1144 927 obnixe
1173 886 1424 926 admodum
1451 891 1500 926 ut
1528 886 1574 925 in
1603 890 1814 925 nostram

185 956 467 997 Societatem
501 959 818 1009 reciperentur
852 970 937 997 nos
968 958 1283 1008 obsecrarent,
1315 957 1450 996 exiis
1477 962 1697 1007 quatuor,
1735 956 1814 1007 qui

184 1035 346 1068 nostro
374 1029 585 1068 instituto
617 1028 957 1068 commodiores
991 1027 1289 1078 videbantur,
1323 1027 1515 1067 admissi
1542 1032 1669 1077 sunt;
1704 1038 1814 1078 quo-

183 1110 287 1138 rum
314 1111 432 1139 unus
463 1099 727 1139 Florentiae
756 1105 913 1148 natus,
947 1099 1261 1139 Gubernatori
1290 1098 1583 1148 Montisregii
1610 1102 1812 1149 praeter-

183 1170 246 1209 ito
269 1170 675 1220 consanguinitate
697 1170 985 1221 propinquus
1015 1175 1098 1209 est.
1129 1169 1428 1219 Reliquorum
1458 1169 1548 1208 duo
1575 1167 1811 1208 Panormi-

183 1241 300 1289 tani,
334 1241 498 1280 tertius
533 1241 643 1280 item
669 1240 852 1280 Siculus
882 1248 970 1287 est3
1002 1252 1163 1280 omnes
1192 1240 1377 1291 optimis
1407 1239 1677 1290 parentibus
1705 1239 1809 1279 orti.

181 1310 283 1361 Qui,
307 1317 554 1362 postquam
575 1311 777 1361 ingressi
798 1317 923 1360 sunt,
947 1323 1039 1351 non
1059 1322 1225 1362 parum
1243 1311 1289 1350 in
1311 1310 1476 1361 spiritu
1494 1309 1808 1361 profecerunt,

179 1387 224 1420 et
257 1381 304 1420 in
336 1381 433 1421 dies
470 1382 622 1432 magis
658 1382 901 1433 magisque
937 1381 995 1420 ad
1029 1380 1328 1432 perfectionis
1359 1380 1598 1431 fastigium
1632 1392 1814 1420 summo

180 1463 284 1491 cum
308 1452 482 1502 impetu
510 1452 784 1492 adnituntur
806 1451 834 1491 ’ἦ

255 1522 353 1562 Hos
374 1522 494 1562 RduS
517 1523 564 1562 in
596 1522 783 1562 Christo
804 1522 943 1561 Pater
971 1521 1287 1572 Hieronymus
1320 1521 1499 1560 Natalis
1523 1521 1569 1560 in
1596 1521 1804 1560 membro

181 1593 344 1632 domus
366 1605 392 1632 a
414 1593 548 1632 nobis
570 1592 778 1644 sejuncto
800 1592 1070 1643 collocavit,
1101 1599 1239 1643 atque
1261 1590 1309 1630 P.
1334 1591 1521 1630 Petrum
1542 1590 1807 1631 Venustum

176 1663 241 1703 eis
278 1663 526 1714 praefecit,
571 1664 648 1715 qui
687 1663 915 1714 singulari
958 1663 1204 1713 vigilantia
1248 1668 1386 1713 atque
1428 1662 1601 1701 virtute
1645 1673 1808 1701 eorum

177 1734 382 1773 omnium
411 1746 571 1773 curam
599 1735 735 1784 gerit.
772 1733 876 1773 Non
905 1733 1071 1773 desunt
1099 1739 1144 1772 et
1174 1733 1251 1772 alii
1282 1733 1471 1782 ingenui
1502 1731 1809 1783 liberalesque

178 1805 519 1855 adolescenteS,
554 1805 632 1856 qui
662 1804 847 1845 Christo
874 1804 985 1856 Jesu
1011 1804 1283 1855 imperatori
1313 1814 1482 1842 nomen
1514 1803 1624 1842 dare
1655 1808 1699 1842 et
1734 1814 1807 1842 eo-

175 1875 280 1915 dem
301 1882 596 1915 sacramento
617 1876 812 1915 militiae
833 1886 935 1914 sese
958 1874 1252 1924 adstringere
1284 1874 1330 1913 in
1359 1874 1448 1913 nac
1470 1879 1633 1913 sancta
1655 1872 1808 1913 Socie-

177 1953 272 1986 tate
307 1946 667 1997 concupiscant,
705 1946 870 1997 quibus
904 1956 990 1985 nos
1026 1956 1155 1996 spem
1189 1944 1325 1984 modo
1362 1944 1526 1984 damus
1560 1950 1609 1983 ut
1643 1955 1806 1984 eorum

178 2017 492 2057 constantiam
530 2016 785 2068 periclitari
826 2022 869 2055 et
909 2015 1116 2055 animum
1155 2016 1449 2066 exploratum
1482 2014 1634 2065 magis
1669 2020 1808 2066 atque

176 2094 473 2138 perspectum
508 2087 680 2126 habere
707 2087 955 2138 possimus.
993 2085 1153 2136 ltaque
1188 2091 1368 2125 tantum
1390 2085 1520 2125 abest
1555 2090 1604 2124 ut
1643 2096 1805 2124 eorum

172 2159 446 2209 languescat
468 2157 673 2197 studium
694 2164 736 2197 et
759 2155 934 2207 aliquid
954 2156 1010 2196 de
1031 2156 1107 2207 pia
1129 2156 1424 2195 contentione
1452 2155 1731 2206 remittatur,
1755 2161 1806 2195 ut

170 2229 373 2280 quotidie
394 2229 546 2279 potius
570 2239 823 2279 augescere
845 2233 983 2278 atque
1005 2226 1283 2266 inflammari
1304 2227 1455 2276 magis
1476 2226 1705 2266 videatur.

255 2299 547 2350 Quamquam
568 2299 683 2338 haec
706 2298 874 2338 civitas
895 2298 1224 2349 panormitana
1242 2297 1396 2336 multis
1418 2297 1646 2337 hactenus
1664 2308 1800 2348 argu-

173 2370 341 2410 mentis
384 2381 516 2409 suam
546 2369 591 2409 in
626 2380 711 2408 nos
743 2369 1115 2408 benevolentiam
1145 2367 1418 2413 ostenderit,
1448 2368 1592 2407 multo
1629 2368 1802 2407 clarius

171 2448 327 2480 tamen
355 2439 701 2491 ardentiusque,
732 2450 871 2490 quarn
896 2446 1085 2490 gratum
1119 2450 1174 2478 ac
1204 2437 1460 2489 jucundum
1480 2444 1691 2478 nostrum
1712 2438 1801 2478 illis

171 2517 292 2551 esset
314 2510 533 2560 officium,
560 2511 722 2561 paucis
744 2509 756 2527 ³
779 2510 947 2549 abhinc
969 2509 1130 2549 diebus
1152 2510 1430 2558 declaravit3
1456 2521 1564 2549 nam
1586 2520 1692 2549 curn
1707 2521 1801 2548 ma-

170 2582 418 2632 gistratus,
441 2581 530 2620 hac
553 2581 608 2620 de
627 2592 676 2620 re
700 2593 726 2619 a
748 2580 974 2631 Pro-rege
1004 2580 1287 2629 admonitus,
1313 2591 1494 2619 annuos
1515 2579 1691 2619 reditus
1711 2581 1800 2618 col-

171 2653 292 2703 legio
312 2659 472 2692 nostro
496 2652 740 2702 assignare
765 2652 922 2702 vellet,
947 2657 1112 2691 senatu
1129 2658 1410 2698 convoeat0‚
1430 2657 1478 2690 ut
1505 2651 1551 2690 in
1574 2649 1801 2701 ejusmodi

225 2859 232 2878 ¹
276 2858 395 2885 Daniel
414 2858 643 2893 Paeybroeck.
665 2857 747 2884 Vide
765 2865 879 2892 supra,
896 2865 973 2892 pag.
989 2857 1032 2883 28.

223 2907 236 2925 ἑ
275 2913 485 2939 summaque
500 2906 720 2932 soutentione
736 2905 943 2932 adnituntur.
959 2906 1044 2932 Aen.

223 2952 236 2971 ³
276 2955 516 2986 quantumque
533 2952 781 2986 nossarerent,
795 2953 922 2987 paucis.
938 2953 1023 2980 Aen.
