1987 3260
247 217 318 255 370
759 218 984 254 LITTERAE
1011 216 1366 258 QUADRIMESTREs

328 315 382 354 R.
405 315 452 354 Ρ.
477 314 696 354 Nicolaus
718 313 1000 367 Goudanus,
1019 325 1109 364 quo
1130 319 1337 365 tempore
1357 321 1463 354 sunt
1484 315 1562 354 alii
1581 315 1734 355 feriati
1756 328 1782 355 a
1810 317 1867 355 le-

248 386 479 426 ctionibus
508 385 725 436 publicis,
757 395 994 434 nunquam
1023 395 1050 423 a
1076 384 1333 435 profitendo
1361 385 1590 436 cessavit,
1623 398 1680 426 ne
1708 386 1869 426 diebus

247 457 433 507 quidem
471 455 826 496 canicularibus.
862 454 1158 494 Auditorium
1196 455 1328 494 nobis
1366 454 1503 506 duplo
1541 455 1691 506 maJus
1729 468 1868 507 quam

248 529 376 579 prius
410 527 652 576 contingit.
695 525 768 565 De
801 525 878 565 illo
913 526 1153 576 praeclare
1181 525 1365 577 quidem
1387 525 1596 577 judicant
1624 539 1783 567 omnes
1825 534 1868 568 et

250 599 420 639 utiliter
442 598 646 647 audiunt,
670 597 945 647 praesertim
966 608 1106 648 quum
1128 608 1186 636 ex
1207 608 1334 636 more
1356 608 1438 636 suo
1460 597 1526 637 sic
1552 597 1744 637 Aethica
1766 598 1867 638 Ari-

247 670 426 709 stotelis
450 668 459 686 ¹
494 667 781 719 profiteatur,
813 672 862 706 ut
896 667 1078 707 versari
1111 673 1267 707 tamen
1300 667 1348 707 in
1381 668 1528 707 sacris
1561 668 1788 708 videatur.
1818 669 1867 708 In

248 740 469 781 convictu
488 738 706 778 familiari
727 739 922 777 multum
942 738 1092 778 effecit
1114 738 1236 789 apud
1253 738 1527 789 Germanos,
1547 739 1868 790 permovitque

247 823 339 851 non
359 821 534 862 paucos
555 821 630 857 eo,
662 814 711 848 ut
741 809 1147 859 (quemadmodum
1167 815 1303 849 antea
1324 809 1476 849 visum
1496 821 1588 849 non
1609 809 1692 859 est)
1714 810 1868 860 singu-

246 883 302 922 lis
323 893 438 933 pene
460 880 589 920 festis
611 880 771 920 diebus
792 880 850 919 ad
867 879 1206 919 confessionem
1227 886 1271 919 et
1292 881 1664 920 communionem
1685 891 1870 920 sacram

247 952 544 992 accesserint.
576 951 693 990 Tum
714 951 941 990 homeliae
962 951 1071 1000 (sic)
1101 951 1330 1001 quaedam
1351 951 1511 991 haberi
1533 957 1724 1002 coeptae
1743 981 1750 999 ‚
1775 951 1871 1002 qui-

246 1025 331 1064 bus
353 1023 491 1063 iidem
512 1022 721 1072 studiosi,
743 1033 858 1073 quos
880 1022 1031 1072 magis
1052 1022 1305 1061 familiares
1321 1022 1559 1072 habemus,
1580 1022 1702 1061 domi
1722 1023 1870 1061 nostri

246 1094 353 1144 (sic)
393 1099 665 1133 exercerent
692 1104 794 1132 sese
831 1098 876 1132 et
903 1093 961 1132 ad
992 1093 1213 1143 pietatem
1246 1092 1469 1143 paulatim
1504 1093 1694 1143 propius
1730 1092 1869 1132 addu-

246 1171 475 1205 cerentur.

323 1236 471 1287 Saepe
506 1235 727 1275 lectiones
761 1235 902 1274 etiam
935 1236 1147 1286 privatas
1182 1235 1475 1275 adhibuimus
1509 1246 1600 1286 quo
1635 1234 1869 1274 efficacius

245 1319 325 1347 eos
347 1307 647 1346 conciliemus
668 1306 814 1355 nobis,
839 1312 883 1345 et
904 1306 950 1345 in
972 1306 1059 1345 hoc
1081 1307 1201 1345 bono
1223 1306 1433 1346 instituto
1455 1306 1606 1356 magis
1627 1306 1867 1357 magisque

245 1380 291 1418 in
312 1378 410 1418 dies
442 1377 785 1417 confirmentur.
819 1377 1067 1427 Duplicata
1098 1383 1223 1416 certe
1249 1388 1372 1416 nunc
1399 1377 1486 1416 Dei
1507 1388 1725 1426 munera,
1751 1388 1869 1428 quae

243 1449 415 1489 nostris
437 1449 483 1488 in
510 1448 723 1488 manibus
750 1447 901 1487 adhuc
930 1454 1163 1498 crescunt,
1195 1447 1432 1488 Videntur:
1469 1459 1616 1498 neque
1644 1448 1870 1487 minorem

243 1520 376 1559 nobis
415 1519 783 1558 consolationem
821 1530 960 1569 quam
1001 1518 1356 1558 admirationem
1401 1519 1503 1558 aliis
1549 1518 1723 1567 adfert,
1772 1518 1870 1557 sine

244 1591 474 1641 exemplo,
500 1596 544 1629 et
563 1590 652 1629 hoc
674 1591 797 1639 loco,
821 1590 938 1628 tales
960 1595 1004 1628 et
1026 1595 1121 1629 tam
1142 1590 1310 1629 multos
1331 1601 1453 1639 esse,
1478 1589 1555 1640 qui
1576 1589 1780 1640 quotidie
1812 1589 1871 1628 ad

244 1673 379 1701 sacra
415 1661 553 1700 modo
582 1661 794 1710 veniant,
827 1661 905 1711 qui
932 1672 1016 1699 nos
1045 1660 1131 1699 sibi
1161 1666 1318 1711 patres
1346 1660 1675 1711 ministrosque
1710 1660 1871 1699 altaris

244 1738 513 1783 exposcant.
548 1732 633 1772 Vir
662 1732 811 1771 bonus
840 1743 945 1771 cum
976 1731 1034 1770 ad
1069 1742 1154 1770 nos
1182 1731 1420 1782 profectus
1447 1737 1592 1781 esset,
1630 1731 1872 1781 egregium

245 1803 387 1843 filium
410 1803 572 1842 obtulit
593 1809 637 1842 et
659 1803 705 1842 in
726 1808 957 1853 potestate
978 1808 1138 1841 nostra
1167 1814 1354 1841 manere
1380 1800 1535 1852 jussit,
1567 1801 1748 1841 etiamsi
1781 1802 1871 1841 alio

244 1875 601 1914 discederemus.
640 1872 799 1924 Neque
834 1885 1000 1924 parum
1037 1873 1275 1924 hucusque
1304 1872 1498 1924 profecit
1525 1884 1658 1923 puer,
1696 1872 1751 1912 de
1782 1884 1871 1923 quo

243 1946 358 1984 bene
380 1956 622 1995 speramus
644 1943 743 1983 fore
765 1949 814 1983 ut
835 1955 939 1983 cum
962 1944 1008 1982 in
1029 1943 1214 1993 litteris,
1239 1949 1336 1983 tum
1365 1943 1411 1982 in
1438 1943 1603 1994 spiritu
1630 1948 1869 1993 exspecta-

243 2016 356 2055 tioni
371 2021 561 2055 nostrae
578 2014 873 2065 respondeat.
894 2013 1009 2054 Sunt
1027 2014 1103 2053 alii
1123 2014 1443 2054 adolescentes
1459 2014 1564 2063 duo,
1585 2019 1629 2053 et
1649 2013 1739 2064 ipsi
1761 2012 1870 2053 Ger-

244 2086 382 2135 mani,
406 2092 655 2136 utcumque
676 2085 852 2124 versati
873 2085 920 2124 in
940 2085 1119 2134 litteris,
1144 2096 1266 2124 nunc
1288 2085 1424 2136 plane
1445 2084 1615 2131 nostri,
1640 2084 1687 2123 in
1707 2083 1873 2135 quibus

245 2156 441 2206 digitum
462 2156 549 2195 Dei
570 2157 807 2207 suspicere
830 2156 1041 2205 cogimur
1062 2154 1090 2195 ².
1116 2154 1261 2206 Ajunt
1283 2167 1331 2194 se
1353 2155 1537 2195 Christo
1559 2154 1726 2194 debere
1753 2165 1873 2194 sum-

246 2239 345 2266 mas
367 2227 547 2277 gratias
574 2227 682 2277 quia
702 2226 838 2277 primi
859 2226 955 2265 fere
986 2225 1143 2265 vocati
1164 2225 1334 2265 fuerint
1355 2238 1379 2265 e
1400 2225 1648 2266 Germanis
1670 2225 1728 2265 ad
1748 2225 1869 2264 hanc

246 2297 354 2349 Jesu
387 2296 690 2347 Societatem,
728 2296 840 2335 nihil
877 2308 925 2336 se
956 2296 1167 2336 dubitare
1202 2296 1313 2347 quin
1348 2296 1674 2347 subsequuturi
1709 2295 1800 2335 sint
1832 2301 1874 2334 et

248 2367 343 2417 alii,
374 2379 491 2417 quos
520 2367 577 2407 ad
610 2367 697 2406 hoc
732 2367 884 2417 ipsum
915 2367 1087 2407 Christi
1119 2365 1281 2417 jugum
1313 2367 1658 2417 suscipiendum
1685 2366 1873 2417 cupiunt

248 2437 538 2489 pertrahere,
568 2444 616 2476 ut
643 2443 687 2476 et
721 2437 809 2487 ipsi
839 2443 935 2477 tam
970 2438 1130 2477 suavis
1165 2437 1353 2488 spiritus
1387 2437 1617 2488 primitias
1639 2436 1869 2476 hauriant.

307 2648 314 2666 ¹
357 2645 559 2672 Aristotelis
573 2644 701 2671 addidit
717 2644 892 2671 Polancus.

304 2695 316 2712 2’
355 2692 479 2719 Nullibi
497 2699 657 2725 expressa
674 2691 807 2718 nomina
822 2691 1009 2724 reperimus
1025 2691 1153 2725 horum,
1180 2692 1233 2725 qui
1258 2699 1274 2718 e
1301 2692 1481 2719 Germanis
1502 2691 1600 2725 primi
1621 2691 1654 2717 in
1671 2690 1875 2718 Societatem

254 2740 451 2774 ingolstadii
467 2738 605 2766 admissi
619 2741 706 2765 sunt.
723 2737 890 2764 Polancus
905 2738 968 2764 hoc
984 2738 1056 2764 loco
1068 2739 1174 2765 verba
1190 2738 1315 2766 Canisii
1329 2742 1462 2766 tantum
1474 2738 1606 2772 repetit.
1618 2738 1783 2772 Agricola
1795 2745 1876 2765 vero

256 2788 314 2814 ait:
332 2786 503 2813 “Excitati
518 2793 601 2812 vero
616 2789 693 2812 sunt
708 2785 905 2812 scholastici
920 2792 985 2811 non
999 2785 1106 2812 minus
1118 2785 1160 2812 ad
1175 2785 1314 2813 virtutis
1326 2793 1425 2820 quam
1441 2785 1638 2812 eruditionis
1652 2786 1790 2812 cultum:
1807 2788 1877 2812 tres

253 2842 293 2860 cx
309 2834 384 2867 illis,
401 2834 581 2860 sanctioris
593 2832 686 2859 vitae
698 2839 823 2864 amore,
840 2832 872 2858 in
886 2830 1093 2858 Societatem
1108 2832 1219 2866 adlegi
1235 2833 1403 2866 petierunt
1420 2833 1559 2861 fervide.
1574 2832 1876 2866 impeti-a1·untque;

253 2881 347 2915 cujus
363 2881 565 2916 tyrocinium
582 2883 617 2906 ut
633 2879 795 2913 subirent,
810 2878 979 2905 Viennam
1002 2883 1079 2906 sunt
1103 2879 1205 2913 missi,
1233 2879 1430 2914 exceptique
1452 2887 1471 2906 a
1497 2879 1599 2906 Patre
1622 2879 1709 2914 Jaj0,
1734 2880 1789 2913 qui
1807 2880 1877 2914 Jam

255 2929 342 2961 illuc,
369 2927 470 2954 finitis
496 2928 673 2960 Augustae
697 2925 854 2959 comitiis,
878 2929 1126 2960 praecesserat,
1152 2924 1381 2960 peramanter.
1405 2927 1499 2954 Unus
1524 2927 1612 2953 inter
1636 2927 1710 2954 illos
1733 2927 1877 2959 Joannes

258 2974 396 3009 Byrsius
411 2978 539 3008 e1·at...„
554 2974 734 3000 Historiae
752 2973 961 3000 Provinciae
979 2973 1164 3000 societatis
1177 2973 1263 3007 Jesu
1286 2975 1321 3000 in
1346 2974 1537 3001 Germania
1559 2975 1753 3008 superiore,
1767 2974 1877 3001 Decas

258 3021 418 3055 secunda,
435 3020 568 3054 MDLI.,
585 3029 614 3047 n.
631 3022 656 3047 6.
