<?xml version="1.0" encoding="UTF-8"?>
<!DOCTYPE html PUBLIC "-//W3C//DTD XHTML 1.0 Transitional//EN"
    "http://www.w3.org/TR/xhtml1/DTD/xhtml1-transitional.dtd">
<html xmlns="http://www.w3.org/1999/xhtml" xml:lang="en" lang="en">
 <head>
  <title>
</title>
<meta http-equiv="Content-Type" content="text/html;charset=utf-8" />
  <meta name='ocr-system' content='tesseract 3.04.00' />
  <meta name='ocr-capabilities' content='ocr_page ocr_carea ocr_par ocr_line ocrx_word'/>
</head>
<body>
  <div class='ocr_page' id='page_1' title='image "./litteraequadrime1301lain_0509.png"; bbox 0 0 1987 3260; ppageno 0'>
   <div class='ocr_carea' id='block_1_1' title="bbox 874 201 1796 239">
    <p class='ocr_par' dir='ltr' id='par_1_1' title="bbox 874 201 1796 239">
     <span class='ocr_line' id='line_1_1' title="bbox 874 201 1796 239; baseline -0.002 0"><span class='ocrx_word' id='word_1_1' title='bbox 874 202 955 239; x_wconf 70' lang='lat' dir='ltr'>AN.</span> <span class='ocrx_word' id='word_1_2' title='bbox 988 202 1078 239; x_wconf 67' lang='lat'><strong>1:352</strong></span> <span class='ocrx_word' id='word_1_3' title='bbox 1723 201 1796 237; x_wconf 56' lang='lat'>503</span> 
     </span>
    </p>
   </div>
   <div class='ocr_carea' id='block_1_2' title="bbox 153 296 1848 3037">
    <p class='ocr_par' dir='ltr' id='par_1_2' title="bbox 161 296 1794 985">
     <span class='ocr_line' id='line_1_2' title="bbox 166 296 1794 351; baseline -0.003 -11"><span class='ocrx_word' id='word_1_4' title='bbox 166 311 283 351; x_wconf 87' lang='lat' dir='ltr'>pene</span> <span class='ocrx_word' id='word_1_5' title='bbox 306 305 509 340; x_wconf 89' lang='lat' dir='ltr'>mutatus</span> <span class='ocrx_word' id='word_1_6' title='bbox 538 300 579 340; x_wconf 92' lang='lat' dir='ltr'>ei</span> <span class='ocrx_word' id='word_1_7' title='bbox 606 299 894 340; x_wconf 73' lang='lat' dir='ltr'>adhaereret.</span> <span class='ocrx_word' id='word_1_8' title='bbox 925 299 1044 349; x_wconf 78' lang='lat' dir='ltr'>Ego,</span> <span class='ocrx_word' id='word_1_9' title='bbox 1075 309 1187 338; x_wconf 88' lang='lat' dir='ltr'>casu</span> <span class='ocrx_word' id='word_1_10' title='bbox 1215 297 1372 338; x_wconf 86' lang='lat' dir='ltr'>statim</span> <span class='ocrx_word' id='word_1_11' title='bbox 1399 302 1503 348; x_wconf 88' lang='lat' dir='ltr'>post</span> <span class='ocrx_word' id='word_1_12' title='bbox 1535 296 1794 336; x_wconf 73' lang='lat' dir='ltr'>discessum</span> 
     </span>
     <span class='ocr_line' id='line_1_3' title="bbox 171 366 1793 421; baseline -0.002 -11"><span class='ocrx_word' id='word_1_13' title='bbox 171 370 387 421; x_wconf 83' lang='lat' dir='ltr'>Regentis</span> <span class='ocrx_word' id='word_1_14' title='bbox 421 371 775 421; x_wconf 86' lang='lat' dir='ltr'>superveniens,</span> <span class='ocrx_word' id='word_1_15' title='bbox 813 381 919 410; x_wconf 91' lang='lat' dir='ltr'>cum</span> <span class='ocrx_word' id='word_1_16' title='bbox 945 369 1107 409; x_wconf 87' lang='lat' dir='ltr'>eodem</span> <span class='ocrx_word' id='word_1_17' title='bbox 1137 367 1328 408; x_wconf 90' lang='lat' dir='ltr'>contuli.</span> <span class='ocrx_word' id='word_1_18' title='bbox 1365 367 1682 418; x_wconf 79' lang='lat' dir='ltr'>Proposuerat</span> <span class='ocrx_word' id='word_1_19' title='bbox 1708 366 1793 406; x_wconf 89' lang='lat' dir='ltr'>Re—</span> 
     </span>
     <span class='ocr_line' id='line_1_4' title="bbox 165 438 1791 492; baseline -0.003 -11"><span class='ocrx_word' id='word_1_20' title='bbox 165 453 280 489; x_wconf 73' lang='lat' dir='ltr'>gcns</span> <span class='ocrx_word' id='word_1_21' title='bbox 302 441 348 481; x_wconf 92' lang='lat' dir='ltr'>in</span> <span class='ocrx_word' id='word_1_22' title='bbox 368 441 529 492; x_wconf 90' lang='lat' dir='ltr'>primis</span> <span class='ocrx_word' id='word_1_23' title='bbox 551 440 671 492; x_wconf 87' lang='lat' dir='ltr'>quod</span> <span class='ocrx_word' id='word_1_24' title='bbox 692 441 730 481; x_wconf 92' lang='lat' dir='ltr'>si</span> <span class='ocrx_word' id='word_1_25' title='bbox 757 452 846 491; x_wconf 86' lang='lat' dir='ltr'>ego</span> <span class='ocrx_word' id='word_1_26' title='bbox 867 441 968 480; x_wconf 88' lang='lat' dir='ltr'>illas</span> <span class='ocrx_word' id='word_1_27' title='bbox 994 440 1174 480; x_wconf 76' lang='lat' dir='ltr'>litteras</span> <span class='ocrx_word' id='word_1_28' title='bbox 1199 438 1403 479; x_wconf 86' lang='lat' dir='ltr'>scribere</span> <span class='ocrx_word' id='word_1_29' title='bbox 1432 438 1599 477; x_wconf 90' lang='lat' dir='ltr'>vellem</span> <span class='ocrx_word' id='word_1_30' title='bbox 1618 470 1625 488; x_wconf 93' lang='lat'>,</span> <span class='ocrx_word' id='word_1_31' title='bbox 1659 449 1791 489; x_wconf 83' lang='lat' dir='ltr'>para-</span> 
     </span>
     <span class='ocr_line' id='line_1_5' title="bbox 165 508 1790 562; baseline -0.002 -11"><span class='ocrx_word' id='word_1_32' title='bbox 165 520 237 552; x_wconf 83' lang='lat' dir='ltr'>tus</span> <span class='ocrx_word' id='word_1_33' title='bbox 258 518 378 552; x_wconf 90' lang='lat' dir='ltr'>esset</span> <span class='ocrx_word' id='word_1_34' title='bbox 400 512 540 552; x_wconf 89' lang='lat' dir='ltr'>etiam</span> <span class='ocrx_word' id='word_1_35' title='bbox 556 511 820 562; x_wconf 88' lang='lat' dir='ltr'>juramento</span> <span class='ocrx_word' id='word_1_36' title='bbox 842 511 1073 551; x_wconf 86' lang='lat' dir='ltr'>affirmare</span> <span class='ocrx_word' id='word_1_37' title='bbox 1094 511 1140 550; x_wconf 91' lang='lat' dir='ltr'>in</span> <span class='ocrx_word' id='word_1_38' title='bbox 1160 510 1322 561; x_wconf 91' lang='lat' dir='ltr'>primis</span> <span class='ocrx_word' id='word_1_39' title='bbox 1342 508 1467 561; x_wconf 88' lang='lat' dir='ltr'>quod</span> <span class='ocrx_word' id='word_1_40' title='bbox 1485 515 1704 560; x_wconf 87' lang='lat' dir='ltr'>parentes</span> <span class='ocrx_word' id='word_1_41' title='bbox 1725 508 1790 548; x_wconf 93' lang='lat' dir='ltr'>di-</span> 
     </span>
     <span class='ocr_line' id='line_1_6' title="bbox 161 578 1790 633; baseline -0.002 -11"><span class='ocrx_word' id='word_1_42' title='bbox 161 589 346 622; x_wconf 89' lang='lat' dir='ltr'>ctorum</span> <span class='ocrx_word' id='word_1_43' title='bbox 362 582 559 622; x_wconf 85' lang='lat' dir='ltr'>fratrum</span> <span class='ocrx_word' id='word_1_44' title='bbox 575 593 667 622; x_wconf 92' lang='lat' dir='ltr'>non</span> <span class='ocrx_word' id='word_1_45' title='bbox 682 582 956 633; x_wconf 70' lang='lat' dir='ltr'>impedirent</span> <span class='ocrx_word' id='word_1_46' title='bbox 977 593 1057 621; x_wconf 90' lang='lat' dir='ltr'>eos</span> <span class='ocrx_word' id='word_1_47' title='bbox 1077 593 1104 621; x_wconf 90' lang='lat' dir='ltr'>a</span> <span class='ocrx_word' id='word_1_48' title='bbox 1125 586 1288 621; x_wconf 86' lang='lat' dir='ltr'>nostra</span> <span class='ocrx_word' id='word_1_49' title='bbox 1305 578 1557 620; x_wconf 84' lang='lat' dir='ltr'>Societate.</span> <span class='ocrx_word' id='word_1_50' title='bbox 1575 579 1639 618; x_wconf 85' lang='lat'>2.⁰</span> <span class='ocrx_word' id='word_1_51' title='bbox 1657 578 1790 629; x_wconf 87' lang='lat' dir='ltr'>Quod</span> 
     </span>
     <span class='ocr_line' id='line_1_7' title="bbox 163 649 1790 703; baseline -0.002 -11"><span class='ocrx_word' id='word_1_52' title='bbox 163 664 248 692; x_wconf 85' lang='lat' dir='ltr'>nec</span> <span class='ocrx_word' id='word_1_53' title='bbox 270 653 366 703; x_wconf 90' lang='lat' dir='ltr'>ipse</span> <span class='ocrx_word' id='word_1_54' title='bbox 389 652 630 703; x_wconf 89' lang='lat' dir='ltr'>impediret</span> <span class='ocrx_word' id='word_1_55' title='bbox 651 653 742 692; x_wconf 90' lang='lat' dir='ltr'>ullo</span> <span class='ocrx_word' id='word_1_56' title='bbox 763 652 915 702; x_wconf 93' lang='lat' dir='ltr'>modo,</span> <span class='ocrx_word' id='word_1_57' title='bbox 935 655 1046 703; x_wconf 88' lang='lat' dir='ltr'>quin</span> <span class='ocrx_word' id='word_1_58' title='bbox 1066 652 1222 703; x_wconf 91' lang='lat' dir='ltr'>potius</span> <span class='ocrx_word' id='word_1_59' title='bbox 1242 650 1436 690; x_wconf 88' lang='lat' dir='ltr'>foveret.</span> <span class='ocrx_word' id='word_1_60' title='bbox 1454 649 1519 689; x_wconf 81' lang='lat'>3.⁰</span> <span class='ocrx_word' id='word_1_61' title='bbox 1541 649 1675 700; x_wconf 84' lang='lat' dir='ltr'>Quod</span> <span class='ocrx_word' id='word_1_62' title='bbox 1692 650 1790 690; x_wconf 89' lang='lat' dir='ltr'>suis</span> 
     </span>
     <span class='ocr_line' id='line_1_8' title="bbox 162 721 1792 774; baseline -0.002 -12"><span class='ocrx_word' id='word_1_63' title='bbox 162 723 421 774; x_wconf 74' lang='lat' dir='ltr'>sumptibus</span> <span class='ocrx_word' id='word_1_64' title='bbox 442 735 521 763; x_wconf 91' lang='lat' dir='ltr'>eos</span> <span class='ocrx_word' id='word_1_65' title='bbox 542 722 806 773; x_wconf 85' lang='lat' dir='ltr'>reduceret;</span> <span class='ocrx_word' id='word_1_66' title='bbox 836 729 879 763; x_wconf 89' lang='lat' dir='ltr'>et</span> <span class='ocrx_word' id='word_1_67' title='bbox 908 722 1098 762; x_wconf 76' lang='lat' dir='ltr'>similia:</span> <span class='ocrx_word' id='word_1_68' title='bbox 1129 721 1324 771; x_wconf 91' lang='lat' dir='ltr'>addens,</span> <span class='ocrx_word' id='word_1_69' title='bbox 1356 732 1463 760; x_wconf 89' lang='lat' dir='ltr'>cum</span> <span class='ocrx_word' id='word_1_70' title='bbox 1489 731 1576 770; x_wconf 84' lang='lat' dir='ltr'>ego</span> <span class='ocrx_word' id='word_1_71' title='bbox 1604 731 1792 771; x_wconf 87' lang='lat' dir='ltr'>possem</span> 
     </span>
     <span class='ocr_line' id='line_1_9' title="bbox 166 791 1792 844; baseline -0.001 -12"><span class='ocrx_word' id='word_1_72' title='bbox 166 793 228 832; x_wconf 91' lang='lat' dir='ltr'>illi</span> <span class='ocrx_word' id='word_1_73' title='bbox 250 799 491 844; x_wconf 78' lang='lat' dir='ltr'>tantopere</span> <span class='ocrx_word' id='word_1_74' title='bbox 512 793 752 844; x_wconf 75' lang='lat' dir='ltr'>prodesse,</span> <span class='ocrx_word' id='word_1_75' title='bbox 777 793 1016 840; x_wconf 88' lang='lat' dir='ltr'>videlicet,</span> <span class='ocrx_word' id='word_1_76' title='bbox 1048 804 1140 832; x_wconf 88' lang='lat' dir='ltr'>non</span> <span class='ocrx_word' id='word_1_77' title='bbox 1167 791 1382 831; x_wconf 90' lang='lat' dir='ltr'>dubitans</span> <span class='ocrx_word' id='word_1_78' title='bbox 1409 791 1520 842; x_wconf 86' lang='lat' dir='ltr'>quin</span> <span class='ocrx_word' id='word_1_79' title='bbox 1550 802 1671 830; x_wconf 91' lang='lat' dir='ltr'>unus</span> <span class='ocrx_word' id='word_1_80' title='bbox 1696 791 1792 830; x_wconf 92' lang='lat' dir='ltr'>illo-</span> 
     </span>
     <span class='ocr_line' id='line_1_10' title="bbox 165 861 1792 915; baseline -0.002 -12"><span class='ocrx_word' id='word_1_81' title='bbox 165 875 285 913; x_wconf 88' lang='lat' dir='ltr'>rum,</span> <span class='ocrx_word' id='word_1_82' title='bbox 308 863 512 915; x_wconf 91' lang='lat' dir='ltr'>Jacobus</span> <span class='ocrx_word' id='word_1_83' title='bbox 534 864 761 913; x_wconf 83' lang='lat' dir='ltr'>videlicet,</span> <span class='ocrx_word' id='word_1_84' title='bbox 780 864 961 903; x_wconf 86' lang='lat' dir='ltr'>futurus</span> <span class='ocrx_word' id='word_1_85' title='bbox 979 869 1100 903; x_wconf 91' lang='lat' dir='ltr'>esset</span> <span class='ocrx_word' id='word_1_86' title='bbox 1117 863 1291 913; x_wconf 88' lang='lat' dir='ltr'>primas</span> <span class='ocrx_word' id='word_1_87' title='bbox 1308 861 1653 911; x_wconf 80' lang='lat' dir='ltr'>Universitatis,</span> <span class='ocrx_word' id='word_1_88' title='bbox 1675 872 1701 900; x_wconf 89' lang='lat' dir='ltr'>a</span> <span class='ocrx_word' id='word_1_89' title='bbox 1719 872 1792 900; x_wconf 91' lang='lat' dir='ltr'>me</span> 
     </span>
     <span class='ocr_line' id='line_1_11' title="bbox 163 934 1257 985; baseline 0 -12"><span class='ocrx_word' id='word_1_90' title='bbox 163 934 369 974; x_wconf 74' lang='lat' dir='ltr'>charitas</span> <span class='ocrx_word' id='word_1_91' title='bbox 390 935 549 985; x_wconf 80' lang='lat' dir='ltr'>exigat</span> <span class='ocrx_word' id='word_1_92' title='bbox 570 942 613 974; x_wconf 93' lang='lat' dir='ltr'>et</span> <span class='ocrx_word' id='word_1_93' title='bbox 634 935 753 974; x_wconf 88' lang='lat' dir='ltr'>ratio</span> <span class='ocrx_word' id='word_1_94' title='bbox 775 941 823 974; x_wconf 88' lang='lat' dir='ltr'>ut</span> <span class='ocrx_word' id='word_1_95' title='bbox 844 935 930 974; x_wconf 91' lang='lat' dir='ltr'>hoc</span> <span class='ocrx_word' id='word_1_96' title='bbox 952 934 1146 983; x_wconf 84' lang='lat' dir='ltr'>faciam,</span> <span class='ocrx_word' id='word_1_97' title='bbox 1171 939 1257 973; x_wconf 90' lang='lat' dir='ltr'>etc.</span> 
     </span>
    </p>

    <p class='ocr_par' dir='ltr' id='par_1_3' title="bbox 159 1003 1848 2542">
     <span class='ocr_line' id='line_1_12' title="bbox 243 1003 1788 1055; baseline -0.003 -10"><span class='ocrx_word' id='word_1_98' title='bbox 243 1005 343 1055; x_wconf 83' lang='lat' dir='ltr'>Ego</span> <span class='ocrx_word' id='word_1_99' title='bbox 364 1005 482 1045; x_wconf 89' lang='lat' dir='ltr'>haec</span> <span class='ocrx_word' id='word_1_100' title='bbox 502 1004 666 1045; x_wconf 84' lang='lat' dir='ltr'>videns</span> <span class='ocrx_word' id='word_1_101' title='bbox 686 1011 730 1045; x_wconf 91' lang='lat' dir='ltr'>et</span> <span class='ocrx_word' id='word_1_102' title='bbox 750 1005 958 1055; x_wconf 88' lang='lat' dir='ltr'>audiens,</span> <span class='ocrx_word' id='word_1_103' title='bbox 983 1010 1027 1044; x_wconf 90' lang='lat' dir='ltr'>et</span> <span class='ocrx_word' id='word_1_104' title='bbox 1048 1004 1249 1044; x_wconf 90' lang='lat' dir='ltr'>Domino</span> <span class='ocrx_word' id='word_1_105' title='bbox 1271 1003 1489 1043; x_wconf 90' lang='lat' dir='ltr'>fiduciam</span> <span class='ocrx_word' id='word_1_106' title='bbox 1504 1008 1788 1053; x_wconf 84' lang='lat' dir='ltr'>praestante,</span> 
     </span>
     <span class='ocr_line' id='line_1_13' title="bbox 164 1072 1792 1126; baseline -0.002 -10"><span class='ocrx_word' id='word_1_107' title='bbox 164 1076 383 1126; x_wconf 74' lang='lat' dir='ltr'>respondi</span> <span class='ocrx_word' id='word_1_108' title='bbox 405 1088 477 1116; x_wconf 89' lang='lat' dir='ltr'>me</span> <span class='ocrx_word' id='word_1_109' title='bbox 497 1076 597 1116; x_wconf 89' lang='lat' dir='ltr'>istis</span> <span class='ocrx_word' id='word_1_110' title='bbox 618 1077 733 1116; x_wconf 89' lang='lat' dir='ltr'>bene</span> <span class='ocrx_word' id='word_1_111' title='bbox 755 1082 1045 1126; x_wconf 88' lang='lat' dir='ltr'>contentum,</span> <span class='ocrx_word' id='word_1_112' title='bbox 1069 1075 1209 1115; x_wconf 90' lang='lat' dir='ltr'>immo</span> <span class='ocrx_word' id='word_1_113' title='bbox 1231 1074 1343 1114; x_wconf 87' lang='lat' dir='ltr'>nihil</span> <span class='ocrx_word' id='word_1_114' title='bbox 1365 1073 1489 1114; x_wconf 89' lang='lat' dir='ltr'>aliud</span> <span class='ocrx_word' id='word_1_115' title='bbox 1512 1079 1690 1124; x_wconf 88' lang='lat' dir='ltr'>optare;</span> <span class='ocrx_word' id='word_1_116' title='bbox 1709 1072 1792 1112; x_wconf 88' lang='lat' dir='ltr'>sed</span> 
     </span>
     <span class='ocr_line' id='line_1_14' title="bbox 163 1144 1791 1198; baseline -0.001 -13"><span class='ocrx_word' id='word_1_117' title='bbox 163 1147 428 1187; x_wconf 70' lang='lat' dir='ltr'>scribantur</span> <span class='ocrx_word' id='word_1_118' title='bbox 449 1147 737 1187; x_wconf 90' lang='lat' dir='ltr'>conditiones</span> <span class='ocrx_word' id='word_1_119' title='bbox 757 1147 874 1186; x_wconf 84' lang='lat' dir='ltr'>istae</span> <span class='ocrx_word' id='word_1_120' title='bbox 896 1154 940 1186; x_wconf 92' lang='lat' dir='ltr'>et</span> <span class='ocrx_word' id='word_1_121' title='bbox 960 1146 1237 1198; x_wconf 90' lang='lat' dir='ltr'>polliceatur</span> <span class='ocrx_word' id='word_1_122' title='bbox 1264 1145 1376 1185; x_wconf 90' lang='lat' dir='ltr'>mihi</span> <span class='ocrx_word' id='word_1_123' title='bbox 1396 1145 1486 1184; x_wconf 90' lang='lat' dir='ltr'>ista</span> <span class='ocrx_word' id='word_1_124' title='bbox 1509 1144 1697 1195; x_wconf 85' lang='lat' dir='ltr'>Regens</span> <span class='ocrx_word' id='word_1_125' title='bbox 1717 1155 1791 1183; x_wconf 92' lang='lat' dir='ltr'>co-</span> 
     </span>
     <span class='ocr_line' id='line_1_15' title="bbox 162 1215 1792 1269; baseline -0.001 -13"><span class='ocrx_word' id='word_1_126' title='bbox 162 1229 264 1257; x_wconf 82' lang='lat' dir='ltr'>ram</span> <span class='ocrx_word' id='word_1_127' title='bbox 298 1217 519 1268; x_wconf 88' lang='lat' dir='ltr'>Rectore,</span> <span class='ocrx_word' id='word_1_128' title='bbox 549 1217 731 1258; x_wconf 89' lang='lat' dir='ltr'>notario</span> <span class='ocrx_word' id='word_1_129' title='bbox 762 1224 806 1257; x_wconf 91' lang='lat' dir='ltr'>et</span> <span class='ocrx_word' id='word_1_130' title='bbox 834 1218 1041 1257; x_wconf 86' lang='lat' dir='ltr'>testibus.</span> <span class='ocrx_word' id='word_1_131' title='bbox 1075 1217 1247 1269; x_wconf 42' lang='lat' dir='ltr'>Itaque.»</span> <span class='ocrx_word' id='word_1_132' title='bbox 1264 1217 1421 1256; x_wconf 90' lang='lat' dir='ltr'>statim</span> <span class='ocrx_word' id='word_1_133' title='bbox 1448 1215 1651 1266; x_wconf 83' lang='lat' dir='ltr'>scriptae</span> <span class='ocrx_word' id='word_1_134' title='bbox 1685 1220 1792 1254; x_wconf 87' lang='lat' dir='ltr'>sunt</span> 
     </span>
     <span class='ocr_line' id='line_1_16' title="bbox 162 1285 1791 1339; baseline -0.002 -11"><span class='ocrx_word' id='word_1_135' title='bbox 162 1289 466 1328; x_wconf 73' lang='lat' dir='ltr'>conditiones.</span> <span class='ocrx_word' id='word_1_136' title='bbox 486 1288 660 1328; x_wconf 84' lang='lat' dir='ltr'>Addidi</span> <span class='ocrx_word' id='word_1_137' title='bbox 675 1300 761 1339; x_wconf 87' lang='lat' dir='ltr'>ego</span> <span class='ocrx_word' id='word_1_138' title='bbox 778 1300 862 1339; x_wconf 91' lang='lat' dir='ltr'>pro</span> <span class='ocrx_word' id='word_1_139' title='bbox 880 1288 1045 1339; x_wconf 91' lang='lat' dir='ltr'>majori</span> <span class='ocrx_word' id='word_1_140' title='bbox 1062 1288 1380 1328; x_wconf 81' lang='lat' dir='ltr'>declaratione</span> <span class='ocrx_word' id='word_1_141' title='bbox 1397 1292 1441 1326; x_wconf 92' lang='lat' dir='ltr'>et</span> <span class='ocrx_word' id='word_1_142' title='bbox 1457 1286 1723 1335; x_wconf 82' lang='lat' dir='ltr'>securitate,</span> <span class='ocrx_word' id='word_1_143' title='bbox 1744 1285 1791 1324; x_wconf 89' lang='lat' dir='ltr'>in</span> 
     </span>
     <span class='ocr_line' id='line_1_17' title="bbox 162 1356 1792 1410; baseline -0.002 -12"><span class='ocrx_word' id='word_1_144' title='bbox 162 1359 321 1409; x_wconf 87' lang='lat' dir='ltr'>primis</span> <span class='ocrx_word' id='word_1_145' title='bbox 360 1359 482 1410; x_wconf 92' lang='lat' dir='ltr'>quod</span> <span class='ocrx_word' id='word_1_146' title='bbox 515 1359 701 1409; x_wconf 87' lang='lat' dir='ltr'>Regens</span> <span class='ocrx_word' id='word_1_147' title='bbox 735 1359 885 1410; x_wconf 90' lang='lat' dir='ltr'>primo</span> <span class='ocrx_word' id='word_1_148' title='bbox 920 1359 1190 1409; x_wconf 85' lang='lat' dir='ltr'>impetraret</span> <span class='ocrx_word' id='word_1_149' title='bbox 1227 1370 1252 1398; x_wconf 87' lang='lat' dir='ltr'>a</span> <span class='ocrx_word' id='word_1_150' title='bbox 1288 1358 1558 1409; x_wconf 86' lang='lat' dir='ltr'>parentibus</span> <span class='ocrx_word' id='word_1_151' title='bbox 1592 1356 1792 1396; x_wconf 87' lang='lat' dir='ltr'>fratrum</span> 
     </span>
     <span class='ocr_line' id='line_1_18' title="bbox 161 1428 1791 1481; baseline -0.001 -12"><span class='ocrx_word' id='word_1_152' title='bbox 161 1430 541 1470; x_wconf 79' lang='lat' dir='ltr'>certificationem</span> <span class='ocrx_word' id='word_1_153' title='bbox 561 1428 684 1481; x_wconf 85' lang='lat' dir='ltr'>quod</span> <span class='ocrx_word' id='word_1_154' title='bbox 704 1430 791 1481; x_wconf 88' lang='lat' dir='ltr'>ipsi</span> <span class='ocrx_word' id='word_1_155' title='bbox 813 1429 1133 1480; x_wconf 84' lang='lat' dir='ltr'>permitterent</span> <span class='ocrx_word' id='word_1_156' title='bbox 1155 1441 1235 1468; x_wconf 92' lang='lat' dir='ltr'>eos</span> <span class='ocrx_word' id='word_1_157' title='bbox 1256 1428 1389 1468; x_wconf 88' lang='lat' dir='ltr'>nobis</span> <span class='ocrx_word' id='word_1_158' title='bbox 1418 1428 1712 1474; x_wconf 80' lang='lat' dir='ltr'>cohabitare,</span> <span class='ocrx_word' id='word_1_159' title='bbox 1747 1434 1791 1467; x_wconf 88' lang='lat' dir='ltr'>et</span> 
     </span>
     <span class='ocr_line' id='line_1_19' title="bbox 161 1499 1791 1552; baseline -0.001 -12"><span class='ocrx_word' id='word_1_160' title='bbox 161 1501 225 1540; x_wconf 87' lang='lat' dir='ltr'>eis</span> <span class='ocrx_word' id='word_1_161' title='bbox 254 1501 299 1540; x_wconf 91' lang='lat' dir='ltr'>in</span> <span class='ocrx_word' id='word_1_162' title='bbox 333 1501 667 1552; x_wconf 89' lang='lat' dir='ltr'>temporalibus</span> <span class='ocrx_word' id='word_1_163' title='bbox 700 1500 1024 1551; x_wconf 85' lang='lat' dir='ltr'>providebunt,</span> <span class='ocrx_word' id='word_1_164' title='bbox 1063 1500 1183 1539; x_wconf 88' lang='lat' dir='ltr'>sicut</span> <span class='ocrx_word' id='word_1_165' title='bbox 1218 1499 1445 1539; x_wconf 87' lang='lat' dir='ltr'>hactenus</span> <span class='ocrx_word' id='word_1_166' title='bbox 1480 1499 1712 1548; x_wconf 90' lang='lat' dir='ltr'>fecerunt,</span> <span class='ocrx_word' id='word_1_167' title='bbox 1747 1504 1791 1538; x_wconf 91' lang='lat' dir='ltr'>et</span> 
     </span>
     <span class='ocr_line' id='line_1_20' title="bbox 164 1568 1792 1622; baseline -0.002 -11"><span class='ocrx_word' id='word_1_168' title='bbox 164 1572 288 1611; x_wconf 88' lang='lat' dir='ltr'>nullo</span> <span class='ocrx_word' id='word_1_169' title='bbox 310 1571 446 1611; x_wconf 88' lang='lat' dir='ltr'>modo</span> <span class='ocrx_word' id='word_1_170' title='bbox 466 1571 715 1622; x_wconf 89' lang='lat' dir='ltr'>impedient</span> <span class='ocrx_word' id='word_1_171' title='bbox 737 1582 816 1611; x_wconf 90' lang='lat' dir='ltr'>eos</span> <span class='ocrx_word' id='word_1_172' title='bbox 838 1583 864 1610; x_wconf 88' lang='lat' dir='ltr'>a</span> <span class='ocrx_word' id='word_1_173' title='bbox 886 1582 969 1610; x_wconf 85' lang='lat' dir='ltr'>sua</span> <span class='ocrx_word' id='word_1_174' title='bbox 998 1570 1261 1610; x_wconf 86' lang='lat' dir='ltr'>vocatione.</span> <span class='ocrx_word' id='word_1_175' title='bbox 1294 1569 1483 1609; x_wconf 88' lang='lat' dir='ltr'>Interim</span> <span class='ocrx_word' id='word_1_176' title='bbox 1517 1569 1613 1609; x_wconf 80' lang='lat' dir='ltr'>dixi</span> <span class='ocrx_word' id='word_1_177' title='bbox 1642 1568 1792 1609; x_wconf 88' lang='lat' dir='ltr'>eidem</span> 
     </span>
     <span class='ocr_line' id='line_1_21' title="bbox 163 1640 1793 1692; baseline -0.001 -10"><span class='ocrx_word' id='word_1_178' title='bbox 163 1642 371 1682; x_wconf 89' lang='lat' dir='ltr'>Doctori:</span> <span class='ocrx_word' id='word_1_179' title='bbox 396 1653 505 1682; x_wconf 89' lang='lat' dir='ltr'>ecce</span> <span class='ocrx_word' id='word_1_180' title='bbox 525 1653 613 1692; x_wconf 89' lang='lat' dir='ltr'>ego</span> <span class='ocrx_word' id='word_1_181' title='bbox 634 1642 722 1682; x_wconf 86' lang='lat' dir='ltr'>ista</span> <span class='ocrx_word' id='word_1_182' title='bbox 744 1641 865 1681; x_wconf 87' lang='lat' dir='ltr'>facio</span> <span class='ocrx_word' id='word_1_183' title='bbox 888 1649 931 1681; x_wconf 89' lang='lat' dir='ltr'>et</span> <span class='ocrx_word' id='word_1_184' title='bbox 953 1641 999 1681; x_wconf 92' lang='lat' dir='ltr'>in</span> <span class='ocrx_word' id='word_1_185' title='bbox 1015 1641 1115 1681; x_wconf 91' lang='lat' dir='ltr'>istis</span> <span class='ocrx_word' id='word_1_186' title='bbox 1133 1640 1472 1690; x_wconf 89' lang='lat' dir='ltr'>condescendo;</span> <span class='ocrx_word' id='word_1_187' title='bbox 1492 1641 1574 1680; x_wconf 87' lang='lat' dir='ltr'>sed</span> <span class='ocrx_word' id='word_1_188' title='bbox 1590 1641 1730 1680; x_wconf 91' lang='lat' dir='ltr'>timeo</span> <span class='ocrx_word' id='word_1_189' title='bbox 1747 1646 1793 1680; x_wconf 88' lang='lat' dir='ltr'>et</span> 
     </span>
     <span class='ocr_line' id='line_1_22' title="bbox 159 1711 1792 1764; baseline -0.001 -12"><span class='ocrx_word' id='word_1_190' title='bbox 159 1724 252 1752; x_wconf 88' lang='lat' dir='ltr'>non</span> <span class='ocrx_word' id='word_1_191' title='bbox 278 1719 389 1764; x_wconf 90' lang='lat' dir='ltr'>puto</span> <span class='ocrx_word' id='word_1_192' title='bbox 419 1713 542 1764; x_wconf 91' lang='lat' dir='ltr'>quod</span> <span class='ocrx_word' id='word_1_193' title='bbox 566 1712 752 1764; x_wconf 86' lang='lat' dir='ltr'>Regens</span> <span class='ocrx_word' id='word_1_194' title='bbox 786 1713 874 1752; x_wconf 86' lang='lat' dir='ltr'>ista</span> <span class='ocrx_word' id='word_1_195' title='bbox 895 1713 1018 1752; x_wconf 84' lang='lat' dir='ltr'>volet</span> <span class='ocrx_word' id='word_1_196' title='bbox 1040 1712 1210 1751; x_wconf 83' lang='lat' dir='ltr'>facere.</span> <span class='ocrx_word' id='word_1_197' title='bbox 1242 1712 1319 1752; x_wconf 90' lang='lat' dir='ltr'>Ille</span> <span class='ocrx_word' id='word_1_198' title='bbox 1341 1724 1454 1752; x_wconf 90' lang='lat' dir='ltr'>vero</span> <span class='ocrx_word' id='word_1_199' title='bbox 1486 1711 1679 1763; x_wconf 87' lang='lat' dir='ltr'>putabat</span> <span class='ocrx_word' id='word_1_200' title='bbox 1712 1711 1792 1750; x_wconf 87' lang='lat' dir='ltr'>irn-</span> 
     </span>
     <span class='ocr_line' id='line_1_23' title="bbox 164 1782 1794 1835; baseline 0 -13"><span class='ocrx_word' id='word_1_201' title='bbox 164 1783 384 1834; x_wconf 86' lang='lat' dir='ltr'>possibile</span> <span class='ocrx_word' id='word_1_202' title='bbox 420 1783 542 1835; x_wconf 88' lang='lat' dir='ltr'>quod</span> <span class='ocrx_word' id='word_1_203' title='bbox 575 1783 760 1834; x_wconf 88' lang='lat' dir='ltr'>Regens</span> <span class='ocrx_word' id='word_1_204' title='bbox 795 1784 918 1823; x_wconf 86' lang='lat' dir='ltr'>dicta</span> <span class='ocrx_word' id='word_1_205' title='bbox 947 1795 1031 1823; x_wconf 89' lang='lat' dir='ltr'>sua</span> <span class='ocrx_word' id='word_1_206' title='bbox 1059 1794 1219 1824; x_wconf 89' lang='lat' dir='ltr'>coram</span> <span class='ocrx_word' id='word_1_207' title='bbox 1246 1783 1322 1822; x_wconf 94' lang='lat' dir='ltr'>illo</span> <span class='ocrx_word' id='word_1_208' title='bbox 1354 1788 1653 1822; x_wconf 87' lang='lat' dir='ltr'>retractaret.</span> <span class='ocrx_word' id='word_1_209' title='bbox 1682 1782 1794 1822; x_wconf 89' lang='lat' dir='ltr'>Post</span> 
     </span>
     <span class='ocr_line' id='line_1_24' title="bbox 162 1854 1794 1906; baseline -0.001 -13"><span class='ocrx_word' id='word_1_210' title='bbox 162 1854 277 1893; x_wconf 90' lang='lat' dir='ltr'>haec</span> <span class='ocrx_word' id='word_1_211' title='bbox 298 1854 440 1894; x_wconf 84' lang='lat' dir='ltr'>missa</span> <span class='ocrx_word' id='word_1_212' title='bbox 461 1861 567 1894; x_wconf 88' lang='lat' dir='ltr'>sunt</span> <span class='ocrx_word' id='word_1_213' title='bbox 588 1855 703 1894; x_wconf 89' lang='lat' dir='ltr'>haec</span> <span class='ocrx_word' id='word_1_214' title='bbox 735 1855 910 1906; x_wconf 88' lang='lat' dir='ltr'>scripta</span> <span class='ocrx_word' id='word_1_215' title='bbox 938 1855 997 1894; x_wconf 91' lang='lat' dir='ltr'>ad</span> <span class='ocrx_word' id='word_1_216' title='bbox 1023 1854 1282 1905; x_wconf 88' lang='lat' dir='ltr'>Regentem</span> <span class='ocrx_word' id='word_1_217' title='bbox 1308 1860 1352 1893; x_wconf 91' lang='lat' dir='ltr'>et</span> <span class='ocrx_word' id='word_1_218' title='bbox 1380 1854 1702 1903; x_wconf 84' lang='lat' dir='ltr'>interrogatus</span> <span class='ocrx_word' id='word_1_219' title='bbox 1733 1865 1794 1892; x_wconf 90' lang='lat' dir='ltr'>an</span> 
     </span>
     <span class='ocr_line' id='line_1_25' title="bbox 160 1924 1792 1977; baseline -0.001 -13"><span class='ocrx_word' id='word_1_220' title='bbox 160 1925 248 1964; x_wconf 90' lang='lat' dir='ltr'>illis</span> <span class='ocrx_word' id='word_1_221' title='bbox 268 1931 392 1964; x_wconf 86' lang='lat' dir='ltr'>stare</span> <span class='ocrx_word' id='word_1_222' title='bbox 412 1926 566 1973; x_wconf 87' lang='lat' dir='ltr'>vellet,</span> <span class='ocrx_word' id='word_1_223' title='bbox 590 1925 828 1977; x_wconf 88' lang='lat' dir='ltr'>respondit</span> <span class='ocrx_word' id='word_1_224' title='bbox 848 1925 1034 1976; x_wconf 89' lang='lat' dir='ltr'>Regens</span> <span class='ocrx_word' id='word_1_225' title='bbox 1056 1925 1102 1964; x_wconf 91' lang='lat' dir='ltr'>in</span> <span class='ocrx_word' id='word_1_226' title='bbox 1122 1925 1285 1976; x_wconf 89' lang='lat' dir='ltr'>primis</span> <span class='ocrx_word' id='word_1_227' title='bbox 1307 1925 1429 1976; x_wconf 88' lang='lat' dir='ltr'>quod</span> <span class='ocrx_word' id='word_1_228' title='bbox 1451 1925 1711 1964; x_wconf 80' lang='lat' dir='ltr'>clausulam</span> <span class='ocrx_word' id='word_1_229' title='bbox 1745 1924 1792 1963; x_wconf 93' lang='lat' dir='ltr'>il-</span> 
     </span>
     <span class='ocr_line' id='line_1_26' title="bbox 160 1995 1848 2047; baseline 0 -13"><span class='ocrx_word' id='word_1_230' title='bbox 160 1997 252 2035; x_wconf 86' lang='lat' dir='ltr'>lam</span> <span class='ocrx_word' id='word_1_231' title='bbox 273 1996 328 2036; x_wconf 93' lang='lat' dir='ltr'>de</span> <span class='ocrx_word' id='word_1_232' title='bbox 350 1996 620 2047; x_wconf 89' lang='lat' dir='ltr'>parentibus</span> <span class='ocrx_word' id='word_1_233' title='bbox 639 2008 734 2036; x_wconf 94' lang='lat' dir='ltr'>non</span> <span class='ocrx_word' id='word_1_234' title='bbox 756 2002 912 2047; x_wconf 89' lang='lat' dir='ltr'>posset</span> <span class='ocrx_word' id='word_1_235' title='bbox 935 1996 1067 2035; x_wconf 89' lang='lat' dir='ltr'>nobis</span> <span class='ocrx_word' id='word_1_236' title='bbox 1089 1995 1321 2035; x_wconf 87' lang='lat' dir='ltr'>addicere.</span> <span class='ocrx_word' id='word_1_237' title='bbox 1350 1996 1414 2035; x_wconf 81' lang='lat'>2.⁰</span> <span class='ocrx_word' id='word_1_238' title='bbox 1435 1995 1561 2047; x_wconf 86' lang='lat' dir='ltr'>quod</span> <span class='ocrx_word' id='word_1_239' title='bbox 1588 2001 1657 2035; x_wconf 91' lang='lat' dir='ltr'>est</span> <span class='ocrx_word' id='word_1_240' title='bbox 1679 2007 1789 2034; x_wconf 89' lang='lat' dir='ltr'>con·</span> <span class='ocrx_word' id='word_1_241' title='bbox 1846 2008 1848 2010; x_wconf 69' lang='grc'>’</span> 
     </span>
     <span class='ocr_line' id='line_1_27' title="bbox 161 2065 1790 2117; baseline -0.001 -11"><span class='ocrx_word' id='word_1_242' title='bbox 161 2073 233 2106; x_wconf 65' lang='lat' dir='ltr'>tra</span> <span class='ocrx_word' id='word_1_243' title='bbox 250 2065 566 2117; x_wconf 88' lang='lat' dir='ltr'>juramentum</span> <span class='ocrx_word' id='word_1_244' title='bbox 584 2079 716 2107; x_wconf 85' lang='lat' dir='ltr'>suum</span> <span class='ocrx_word' id='word_1_245' title='bbox 737 2067 947 2107; x_wconf 82' lang='lat' dir='ltr'>facultati</span> <span class='ocrx_word' id='word_1_246' title='bbox 968 2067 1137 2106; x_wconf 88' lang='lat' dir='ltr'>artium</span> <span class='ocrx_word' id='word_1_247' title='bbox 1158 2066 1448 2117; x_wconf 70' lang='lat' dir='ltr'>praestitum,</span> <span class='ocrx_word' id='word_1_248' title='bbox 1477 2065 1600 2117; x_wconf 89' lang='lat' dir='ltr'>quod</span> <span class='ocrx_word' id='word_1_249' title='bbox 1631 2065 1790 2105; x_wconf 86' lang='lat' dir='ltr'>videli-</span> 
     </span>
     <span class='ocr_line' id='line_1_28' title="bbox 163 2136 1785 2189; baseline 0 -13"><span class='ocrx_word' id='word_1_250' title='bbox 163 2144 236 2176; x_wconf 70' lang='lat' dir='ltr'>cet</span> <span class='ocrx_word' id='word_1_251' title='bbox 258 2138 459 2189; x_wconf 87' lang='lat' dir='ltr'>aliquem</span> <span class='ocrx_word' id='word_1_252' title='bbox 479 2144 776 2189; x_wconf 86' lang='lat' dir='ltr'>promoveret</span> <span class='ocrx_word' id='word_1_253' title='bbox 798 2137 855 2177; x_wconf 91' lang='lat' dir='ltr'>ad</span> <span class='ocrx_word' id='word_1_254' title='bbox 878 2138 1167 2187; x_wconf 71' lang='lat' dir='ltr'>religionem,</span> <span class='ocrx_word' id='word_1_255' title='bbox 1187 2136 1363 2187; x_wconf 85' lang='lat' dir='ltr'>juravit</span> <span class='ocrx_word' id='word_1_256' title='bbox 1385 2137 1508 2176; x_wconf 89' lang='lat' dir='ltr'>enim</span> <span class='ocrx_word' id='word_1_257' title='bbox 1524 2136 1647 2188; x_wconf 89' lang='lat' dir='ltr'>quod</span> <span class='ocrx_word' id='word_1_258' title='bbox 1662 2136 1785 2176; x_wconf 85' lang='lat' dir='ltr'>fove-</span> 
     </span>
     <span class='ocr_line' id='line_1_29' title="bbox 161 2207 1788 2259; baseline -0.001 -11"><span class='ocrx_word' id='word_1_259' title='bbox 161 2215 231 2248; x_wconf 75' lang='lat' dir='ltr'>ret</span> <span class='ocrx_word' id='word_1_260' title='bbox 253 2220 332 2248; x_wconf 89' lang='lat' dir='ltr'>eos</span> <span class='ocrx_word' id='word_1_261' title='bbox 353 2208 399 2248; x_wconf 93' lang='lat' dir='ltr'>in</span> <span class='ocrx_word' id='word_1_262' title='bbox 420 2208 584 2248; x_wconf 91' lang='lat' dir='ltr'>studiis</span> <span class='ocrx_word' id='word_1_263' title='bbox 605 2215 649 2248; x_wconf 91' lang='lat' dir='ltr'>et</span> <span class='ocrx_word' id='word_1_264' title='bbox 671 2221 762 2248; x_wconf 90' lang='lat' dir='ltr'>non</span> <span class='ocrx_word' id='word_1_265' title='bbox 784 2209 830 2248; x_wconf 85' lang='lat' dir='ltr'>in</span> <span class='ocrx_word' id='word_1_266' title='bbox 853 2209 1090 2259; x_wconf 81' lang='lat' dir='ltr'>religione.</span> <span class='ocrx_word' id='word_1_267' title='bbox 1120 2208 1183 2247; x_wconf 80' lang='lat'>3.⁰</span> <span class='ocrx_word' id='word_1_268' title='bbox 1205 2207 1341 2259; x_wconf 84' lang='lat' dir='ltr'>Quod</span> <span class='ocrx_word' id='word_1_269' title='bbox 1367 2208 1483 2247; x_wconf 88' lang='lat' dir='ltr'>duos</span> <span class='ocrx_word' id='word_1_270' title='bbox 1512 2207 1698 2259; x_wconf 87' lang='lat' dir='ltr'>quidem</span> <span class='ocrx_word' id='word_1_271' title='bbox 1730 2219 1788 2247; x_wconf 81' lang='lat' dir='ltr'>ex</span> 
     </span>
     <span class='ocr_line' id='line_1_30' title="bbox 162 2278 1792 2330; baseline 0 -12"><span class='ocrx_word' id='word_1_272' title='bbox 162 2280 249 2318; x_wconf 85' lang='lat' dir='ltr'>illis</span> <span class='ocrx_word' id='word_1_273' title='bbox 269 2279 491 2319; x_wconf 86' lang='lat' dir='ltr'>fratribus</span> <span class='ocrx_word' id='word_1_274' title='bbox 512 2279 607 2319; x_wconf 89' lang='lat' dir='ltr'>suis</span> <span class='ocrx_word' id='word_1_275' title='bbox 628 2279 885 2330; x_wconf 89' lang='lat' dir='ltr'>sumptibus</span> <span class='ocrx_word' id='word_1_276' title='bbox 909 2280 1044 2319; x_wconf 85' lang='lat' dir='ltr'>vellet</span> <span class='ocrx_word' id='word_1_277' title='bbox 1065 2279 1303 2329; x_wconf 87' lang='lat' dir='ltr'>reducere,</span> <span class='ocrx_word' id='word_1_278' title='bbox 1327 2279 1539 2319; x_wconf 80' lang='lat' dir='ltr'>novellos</span> <span class='ocrx_word' id='word_1_279' title='bbox 1569 2278 1792 2318; x_wconf 84' lang='lat' dir='ltr'>Videlicet</span> 
     </span>
     <span class='ocr_line' id='line_1_31' title="bbox 161 2350 1791 2399; baseline -0.001 -10"><span class='ocrx_word' id='word_1_280' title='bbox 161 2350 343 2399; x_wconf 79' lang='lat' dir='ltr'>fratres,</span> <span class='ocrx_word' id='word_1_281' title='bbox 368 2350 449 2389; x_wconf 93' lang='lat' dir='ltr'>sed</span> <span class='ocrx_word' id='word_1_282' title='bbox 476 2350 591 2390; x_wconf 91' lang='lat' dir='ltr'>duos</span> <span class='ocrx_word' id='word_1_283' title='bbox 613 2350 730 2390; x_wconf 90' lang='lat' dir='ltr'>alios</span> <span class='ocrx_word' id='word_1_284' title='bbox 751 2362 856 2390; x_wconf 88' lang='lat' dir='ltr'>non.</span> <span class='ocrx_word' id='word_1_285' title='bbox 888 2350 944 2390; x_wconf 88' lang='lat' dir='ltr'>Et</span> <span class='ocrx_word' id='word_1_286' title='bbox 973 2350 1036 2390; x_wconf 87' lang='lat' dir='ltr'>ita</span> <span class='ocrx_word' id='word_1_287' title='bbox 1069 2350 1142 2389; x_wconf 87' lang='lat' dir='ltr'>isti</span> <span class='ocrx_word' id='word_1_288' title='bbox 1172 2355 1442 2389; x_wconf 87' lang='lat' dir='ltr'>contractus</span> <span class='ocrx_word' id='word_1_289' title='bbox 1473 2355 1717 2389; x_wconf 84' lang='lat' dir='ltr'>cessarunt</span> <span class='ocrx_word' id='word_1_290' title='bbox 1748 2356 1791 2389; x_wconf 93' lang='lat' dir='ltr'>et</span> 
     </span>
     <span class='ocr_line' id='line_1_32' title="bbox 164 2418 1790 2472; baseline -0.001 -12"><span class='ocrx_word' id='word_1_291' title='bbox 164 2426 370 2470; x_wconf 64' lang='lat' dir='ltr'>cessant,</span> <span class='ocrx_word' id='word_1_292' title='bbox 401 2427 446 2460; x_wconf 92' lang='lat' dir='ltr'>et</span> <span class='ocrx_word' id='word_1_293' title='bbox 473 2421 585 2460; x_wconf 89' lang='lat' dir='ltr'>nihil</span> <span class='ocrx_word' id='word_1_294' title='bbox 613 2421 811 2472; x_wconf 90' lang='lat' dir='ltr'>amplius</span> <span class='ocrx_word' id='word_1_295' title='bbox 837 2420 990 2471; x_wconf 90' lang='lat' dir='ltr'>audio,</span> <span class='ocrx_word' id='word_1_296' title='bbox 1021 2432 1169 2471; x_wconf 87' lang='lat' dir='ltr'>neque</span> <span class='ocrx_word' id='word_1_297' title='bbox 1199 2420 1246 2459; x_wconf 88' lang='lat' dir='ltr'>in</span> <span class='ocrx_word' id='word_1_298' title='bbox 1273 2418 1348 2470; x_wconf 89' lang='lat' dir='ltr'>jus</span> <span class='ocrx_word' id='word_1_299' title='bbox 1375 2431 1536 2470; x_wconf 79' lang='lat' dir='ltr'>vocor3</span> <span class='ocrx_word' id='word_1_300' title='bbox 1575 2419 1790 2459; x_wconf 78' lang='lat' dir='ltr'>existimo</span> 
     </span>
     <span class='ocr_line' id='line_1_33' title="bbox 160 2491 723 2542; baseline -0.002 -12"><span class='ocrx_word' id='word_1_301' title='bbox 160 2491 272 2542; x_wconf 90' lang='lat' dir='ltr'>quia</span> <span class='ocrx_word' id='word_1_302' title='bbox 295 2491 450 2531; x_wconf 90' lang='lat' dir='ltr'>omnia</span> <span class='ocrx_word' id='word_1_303' title='bbox 471 2491 723 2542; x_wconf 85' lang='lat' dir='ltr'>quiescent.</span> 
     </span>
    </p>

    <p class='ocr_par' dir='ltr' id='par_1_4' title="bbox 153 2561 1790 3037">
     <span class='ocr_line' id='line_1_34' title="bbox 245 2561 1790 2613; baseline -0.001 -12"><span class='ocrx_word' id='word_1_304' title='bbox 245 2561 313 2601; x_wconf 91' lang='lat' dir='ltr'>De</span> <span class='ocrx_word' id='word_1_305' title='bbox 334 2568 466 2613; x_wconf 83' lang='lat' dir='ltr'>patre</span> <span class='ocrx_word' id='word_1_306' title='bbox 488 2561 703 2601; x_wconf 88' lang='lat' dir='ltr'>Otthonis</span> <span class='ocrx_word' id='word_1_307' title='bbox 723 2561 1036 2613; x_wconf 85' lang='lat' dir='ltr'>significatum</span> <span class='ocrx_word' id='word_1_308' title='bbox 1058 2569 1126 2601; x_wconf 85' lang='lat' dir='ltr'>est</span> <span class='ocrx_word' id='word_1_309' title='bbox 1147 2562 1259 2602; x_wconf 89' lang='lat' dir='ltr'>mihi</span> <span class='ocrx_word' id='word_1_310' title='bbox 1281 2574 1307 2602; x_wconf 89' lang='lat' dir='ltr'>a</span> <span class='ocrx_word' id='word_1_311' title='bbox 1335 2562 1538 2613; x_wconf 88' lang='lat' dir='ltr'>quodam</span> <span class='ocrx_word' id='word_1_312' title='bbox 1560 2561 1790 2611; x_wconf 81' lang='lat' dir='ltr'>singulari</span> 
     </span>
     <span class='ocr_line' id='line_1_35' title="bbox 156 2632 1790 2684; baseline -0.001 -13"><span class='ocrx_word' id='word_1_313' title='bbox 156 2633 328 2682; x_wconf 86' lang='lat' dir='ltr'>amico,</span> <span class='ocrx_word' id='word_1_314' title='bbox 352 2633 522 2672; x_wconf 88' lang='lat' dir='ltr'>ibidem</span> <span class='ocrx_word' id='word_1_315' title='bbox 544 2632 794 2683; x_wconf 89' lang='lat' dir='ltr'>habitante,</span> <span class='ocrx_word' id='word_1_316' title='bbox 819 2632 941 2684; x_wconf 90' lang='lat' dir='ltr'>quod</span> <span class='ocrx_word' id='word_1_317' title='bbox 961 2639 1095 2684; x_wconf 91' lang='lat' dir='ltr'>pater</span> <span class='ocrx_word' id='word_1_318' title='bbox 1117 2632 1304 2672; x_wconf 88' lang='lat' dir='ltr'>omnino</span> <span class='ocrx_word' id='word_1_319' title='bbox 1326 2632 1438 2672; x_wconf 84' lang='lat' dir='ltr'>velit</span> <span class='ocrx_word' id='word_1_320' title='bbox 1460 2632 1546 2671; x_wconf 92' lang='lat' dir='ltr'>sibi</span> <span class='ocrx_word' id='word_1_321' title='bbox 1569 2644 1594 2671; x_wconf 92' lang='lat' dir='ltr'>a</span> <span class='ocrx_word' id='word_1_322' title='bbox 1618 2643 1690 2671; x_wconf 91' lang='lat' dir='ltr'>me</span> <span class='ocrx_word' id='word_1_323' title='bbox 1714 2633 1790 2671; x_wconf 86' lang='lat' dir='ltr'>vel</span> 
     </span>
     <span class='ocr_line' id='line_1_36' title="bbox 156 2702 1789 2754; baseline -0.001 -12"><span class='ocrx_word' id='word_1_324' title='bbox 156 2714 189 2741; x_wconf 85' lang='lat' dir='ltr'>a</span> <span class='ocrx_word' id='word_1_325' title='bbox 212 2702 302 2742; x_wconf 88' lang='lat' dir='ltr'>filio</span> <span class='ocrx_word' id='word_1_326' title='bbox 322 2703 530 2754; x_wconf 87' lang='lat' dir='ltr'>polliceri</span> <span class='ocrx_word' id='word_1_327' title='bbox 552 2710 596 2742; x_wconf 90' lang='lat' dir='ltr'>et</span> <span class='ocrx_word' id='word_1_328' title='bbox 617 2708 771 2742; x_wconf 91' lang='lat' dir='ltr'>certus</span> <span class='ocrx_word' id='word_1_329' title='bbox 793 2714 893 2742; x_wconf 90' lang='lat' dir='ltr'>esse</span> <span class='ocrx_word' id='word_1_330' title='bbox 920 2703 1043 2754; x_wconf 89' lang='lat' dir='ltr'>quod</span> <span class='ocrx_word' id='word_1_331' title='bbox 1069 2702 1211 2742; x_wconf 88' lang='lat' dir='ltr'>Ottho</span> <span class='ocrx_word' id='word_1_332' title='bbox 1240 2714 1335 2742; x_wconf 88' lang='lat' dir='ltr'>non</span> <span class='ocrx_word' id='word_1_333' title='bbox 1364 2702 1622 2753; x_wconf 82' lang='lat' dir='ltr'>resignabit</span> <span class='ocrx_word' id='word_1_334' title='bbox 1653 2713 1789 2741; x_wconf 89' lang='lat' dir='ltr'>suum</span> 
     </span>
     <span class='ocr_line' id='line_1_37' title="bbox 153 2773 1787 2824; baseline 0 -12"><span class='ocrx_word' id='word_1_335' title='bbox 153 2773 490 2813; x_wconf 77' lang='lat' dir='ltr'>canonicatum</span> <span class='ocrx_word' id='word_1_336' title='bbox 511 2780 617 2813; x_wconf 87' lang='lat' dir='ltr'>ante</span> <span class='ocrx_word' id='word_1_337' title='bbox 638 2784 770 2813; x_wconf 86' lang='lat' dir='ltr'>suam</span> <span class='ocrx_word' id='word_1_338' title='bbox 788 2773 1137 2824; x_wconf 85' lang='lat' dir='ltr'>professionem,</span> <span class='ocrx_word' id='word_1_339' title='bbox 1168 2774 1244 2813; x_wconf 88' lang='lat' dir='ltr'>vel</span> <span class='ocrx_word' id='word_1_340' title='bbox 1270 2773 1455 2813; x_wconf 90' lang='lat' dir='ltr'>nonnisi</span> <span class='ocrx_word' id='word_1_341' title='bbox 1484 2773 1678 2813; x_wconf 91' lang='lat' dir='ltr'>consilio</span> <span class='ocrx_word' id='word_1_342' title='bbox 1710 2784 1787 2824; x_wconf 90' lang='lat' dir='ltr'>pa-</span> 
     </span>
     <span class='ocr_line' id='line_1_38' title="bbox 163 2842 1785 2895; baseline 0 -12"><span class='ocrx_word' id='word_1_343' title='bbox 163 2844 248 2883; x_wconf 89' lang='lat' dir='ltr'>tris</span> <span class='ocrx_word' id='word_1_344' title='bbox 267 2845 352 2884; x_wconf 86' lang='lat' dir='ltr'>sui.</span> <span class='ocrx_word' id='word_1_345' title='bbox 376 2844 437 2884; x_wconf 82' lang='lat'>2.0</span> <span class='ocrx_word' id='word_1_346' title='bbox 460 2843 520 2885; x_wconf 93' lang='lat' dir='ltr'>Ut</span> <span class='ocrx_word' id='word_1_347' title='bbox 541 2843 681 2884; x_wconf 90' lang='lat' dir='ltr'>Ottho</span> <span class='ocrx_word' id='word_1_348' title='bbox 704 2843 923 2884; x_wconf 91' lang='lat' dir='ltr'>Coloniae</span> <span class='ocrx_word' id='word_1_349' title='bbox 944 2845 1018 2884; x_wconf 78' lang='lat' dir='ltr'>vel</span> <span class='ocrx_word' id='word_1_350' title='bbox 1041 2843 1237 2883; x_wconf 81' lang='lat' dir='ltr'>Lovanii</span> <span class='ocrx_word' id='word_1_351' title='bbox 1258 2843 1469 2895; x_wconf 89' lang='lat' dir='ltr'>perficiat</span> <span class='ocrx_word' id='word_1_352' title='bbox 1497 2842 1652 2883; x_wconf 88' lang='lat' dir='ltr'>studia</span> <span class='ocrx_word' id='word_1_353' title='bbox 1684 2854 1785 2891; x_wconf 83' lang='lat' dir='ltr'>sua;</span> 
     </span>
     <span class='ocr_line' id='line_1_39' title="bbox 156 2914 1788 2967; baseline -0.001 -12"><span class='ocrx_word' id='word_1_354' title='bbox 156 2915 286 2966; x_wconf 85' lang='lat' dir='ltr'>=quod</span> <span class='ocrx_word' id='word_1_355' title='bbox 312 2916 351 2955; x_wconf 89' lang='lat' dir='ltr'>si</span> <span class='ocrx_word' id='word_1_356' title='bbox 377 2915 470 2966; x_wconf 87' lang='lat' dir='ltr'>fiat,</span> <span class='ocrx_word' id='word_1_357' title='bbox 502 2922 632 2967; x_wconf 89' lang='lat' dir='ltr'>pater</span> <span class='ocrx_word' id='word_1_358' title='bbox 660 2915 746 2955; x_wconf 90' lang='lat' dir='ltr'>erit</span> <span class='ocrx_word' id='word_1_359' title='bbox 775 2915 890 2955; x_wconf 91' lang='lat' dir='ltr'>bene</span> <span class='ocrx_word' id='word_1_360' title='bbox 918 2921 1165 2955; x_wconf 80' lang='lat' dir='ltr'>contentus</span> <span class='ocrx_word' id='word_1_361' title='bbox 1200 2922 1244 2955; x_wconf 94' lang='lat' dir='ltr'>et</span> <span class='ocrx_word' id='word_1_362' title='bbox 1266 2914 1459 2955; x_wconf 87' lang='lat' dir='ltr'>Otthoni</span> <span class='ocrx_word' id='word_1_363' title='bbox 1494 2915 1541 2954; x_wconf 89' lang='lat' dir='ltr'>in</span> <span class='ocrx_word' id='word_1_364' title='bbox 1575 2914 1788 2955; x_wconf 87' lang='lat' dir='ltr'>omnibus</span> 
     </span>
     <span class='ocr_line' id='line_1_40' title="bbox 159 2985 1786 3037; baseline 0.001 -14"><span class='ocrx_word' id='word_1_365' title='bbox 159 2996 436 3027; x_wconf 79' lang='lat' dir='ltr'>succurrere</span> <span class='ocrx_word' id='word_1_366' title='bbox 456 2993 505 3026; x_wconf 91' lang='lat' dir='ltr'>ut</span> <span class='ocrx_word' id='word_1_367' title='bbox 527 2986 659 3026; x_wconf 87' lang='lat' dir='ltr'>decet</span> <span class='ocrx_word' id='word_1_368' title='bbox 678 2992 872 3037; x_wconf 88' lang='lat' dir='ltr'>patrem.</span> <span class='ocrx_word' id='word_1_369' title='bbox 898 2985 1120 3037; x_wconf 83' lang='lat' dir='ltr'>Alioquin</span> <span class='ocrx_word' id='word_1_370' title='bbox 1141 2987 1229 3026; x_wconf 87' lang='lat' dir='ltr'>nisi</span> <span class='ocrx_word' id='word_1_371' title='bbox 1250 2986 1428 3026; x_wconf 88' lang='lat' dir='ltr'>amicus</span> <span class='ocrx_word' id='word_1_372' title='bbox 1455 2998 1557 3026; x_wconf 88' lang='lat' dir='ltr'>sese</span> <span class='ocrx_word' id='word_1_373' title='bbox 1586 2986 1786 3026; x_wconf 85' lang='lat' dir='ltr'>obstitis-</span> 
     </span>
    </p>
   </div>
  </div>
 </body>
</html>
