1987 3260
183 158 249 194 184
684 158 910 196 LITTERAE
936 170 1292 202 QUADRIMESTRES

259 253 483 294 Curatum
503 259 572 294 est
593 255 733 294 etiam
753 255 800 294 in
821 255 908 294 hac
931 254 1119 294 civitate
1141 255 1380 306 negotium
1400 255 1701 307 pupillorum,
1724 257 1800 308 qui

180 325 254 364 hic
276 325 448 375 absque
469 326 561 364 ulla
583 332 715 364 erant
745 324 1131 375 congregatione,
1162 336 1248 365 nec
1280 332 1378 365 erat
1405 327 1483 377 qui
1511 327 1693 367 illorum
1722 327 1798 367 ali-

180 406 318 445 quam
336 407 498 435 curam
519 401 716 445 gereret.
736 394 892 445 Quare
912 395 1035 434 bulla
1057 396 1305 435 erectionis
1322 396 1455 447 hujus
1472 398 1797 448 congregatio-

180 466 250 505 nis
280 466 514 517 publicata
543 473 632 510 est.
665 465 966 517 praedicante
996 466 1071 505 illa
1103 466 1336 506 dominica
1366 467 1503 507 Patre
1534 468 1722 519 Laynez
1751 469 1798 509 in

180 548 339 576 eorum
359 537 576 587 gratiam;
605 536 678 576 cui
698 536 1034 587 praedicationi
1063 548 1169 576 cum
1200 537 1444 577 interesset
1464 538 1660 578 Prorex
1685 545 1799 578 tota—

179 619 267 658 que
288 608 476 653 civitas,
500 606 673 647 factum
695 613 763 646 est
784 614 833 646 ut
854 607 909 646 de
936 606 1172 658 Pro-regis
1198 607 1441 658 mandam,
1472 609 1675 649 civitatis
1706 610 1800 650 dux

179 684 224 717 et
244 678 433 729 quidam
455 678 572 717 alius
594 689 652 717 ex
673 677 935 728 praecipuis
957 677 1187 717 nobilibus
1209 678 1431 729 plurimos
1452 679 1674 730 primates
1695 692 1799 720 con-

180 749 391 788 venirent
413 756 455 788 et
478 747 668 798 nobiles,
692 748 800 788 huic
821 754 870 788 ut
899 748 1190 788 sociarentur
1210 747 1506 788 fraternitati.
1531 749 1662 790 Unde
1693 750 1801 790 huic

180 831 228 858 se
249 819 527 858 addixerunt
548 819 886 870 quinquaginta
908 819 997 858 viri
1018 819 1211 870 egregii3
1235 819 1516 870 quidamque
1538 820 1703 860 nobilis
1724 833 1800 860 an-

178 890 258 930 nui
278 890 484 930 redditus
504 890 697 941 triginta
720 890 903 940 uncias,
935 889 981 929 id
1008 896 1097 940 est,
1132 896 1314 929 scutata
1346 891 1645 941 septuaginta
1674 891 1800 942 quin-

180 972 267 1011 que
300 959 325 1009 ¹‚
359 961 458 1000 istis
493 960 716 1012 orphanis
748 961 956 1011 reliquit:
994 961 1070 1011 qui
1105 961 1245 1000 etiam
1274 961 1470 1012 collegio
1497 966 1658 1001 nostro
1686 961 1802 1002 duas

179 1031 369 1071 dederat
390 1031 572 1081 domos,
597 1042 715 1083 quae
737 1031 932 1082 singulis
955 1031 1089 1071 annis
1109 1032 1322 1071 locantur
1343 1037 1527 1071 centum
1555 1032 1718 1072 unciis.

258 1102 342 1142 His
361 1103 642 1153 generaliter
662 1108 768 1142 sunt
789 1102 1050 1154 perstricta,
1075 1114 1193 1153 quae
1213 1113 1295 1153 per
1316 1103 1519 1153 gratiam
1539 1103 1626 1143 Dei
1648 1103 1722 1143 hic
1743 1103 1803 1143 ad

178 1172 266 1212 Dei
285 1173 484 1223 gloriam
513 1178 647 1224 gesta
678 1179 804 1222 sunt,
838 1173 1022 1212 omissis
1052 1173 1236 1212 interim
1266 1173 1646 1224 particularibus,
1681 1185 1801 1225 quae

178 1243 381 1294 quotidie
415 1243 529 1283 fiunt
562 1244 704 1283 multa
740 1255 822 1294 per
856 1243 1087 1294 colloquia
1123 1242 1359 1295 Pro-regis
1401 1250 1445 1284 et
1481 1243 1798 1295 Pro-reginae,

177 1314 297 1354 unde
317 1315 447 1355 multi
469 1314 764 1365 adjuvantur.
788 1314 858 1354 De
879 1314 1093 1354 omnibus
1120 1315 1333 1354 laudetur
1362 1314 1510 1366 Deus,
1542 1315 1619 1367 qui
1647 1316 1800 1356 omnia

178 1387 223 1425 in
250 1386 461 1425 omnibus
490 1391 723 1436 operatur,
757 1386 981 1436 nobisque
1001 1391 1301 1436 augmentum
1327 1386 1507 1436 gratiae
1541 1392 1585 1426 et
1611 1386 1801 1438 spiritus

178 1463 400 1506 praestet,
426 1463 473 1496 ut
505 1457 695 1496 servitio
724 1468 807 1496 suo
836 1456 1040 1507 quotidie
1066 1456 1323 1496 ferventius
1351 1457 1619 1497 insistamus
1648 1469 1798 1497 suum-

177 1539 263 1578 que
286 1528 509 1567 honorem
532 1534 576 1566 et
596 1527 797 1577 gloriam
814 1539 996 1578 semper
1018 1527 1063 1566 in
1085 1527 1299 1566 omnibus
1318 1539 1610 1577 quaeramus.
1631 1527 1797 1568 Amen.

255 1598 472 1638 Panormi
498 1599 543 1636 15
564 1597 808 1637 Februarii
835 1598 947 1637 1550.

229 1781 239 1800 ¹
278 1781 394 1807 Verba
409 1781 501 1808 haec:
520 1781 554 1807 id
570 1783 633 1812 est,
647 1783 786 1807 scutata
803 1783 1029 1815 septuaginta
1055 1782 1220 1815 qumque,
1242 1782 1274 1808 in
1297 1781 1458 1815 margine,
1482 1782 1540 1808 sed
1563 1782 1735 1808 contextui
1751 1782 1798 1808 in-

174 1829 326 1861 serenda,
341 1829 476 1863 scripsit
492 1828 665 1855 Polancus.
