1987 3260
875 146 958 184 AN.
991 145 1082 184 1550
1730 146 1801 184 239

169 243 308 294 quive
328 241 524 282 Sacram
543 242 889 282 Eucharistiam
916 242 1229 293 perciperent,
1259 253 1283 281 e
1304 241 1560 292 communi,
1591 242 1794 293 inquam,

168 323 313 364 grege
333 312 660 353 studiosorum.
683 311 879 352 Accedit
899 312 1020 364 quod
1043 312 1387 352 haereticorum
1408 312 1550 351 libros
1572 312 1704 351 nobis
1726 324 1795 352 re-

170 384 378 434 signant,
411 389 455 423 et
485 389 809 434 suspectorum
836 389 1081 423 auctorum
1107 382 1281 433 scripta
1308 381 1520 422 deferant
1552 382 1791 422 abiiciant-

170 466 273 505 que.
297 454 353 493 Et
374 453 461 493 hac
482 454 529 493 in
550 459 682 505 parte
703 465 795 493 non
817 454 1008 494 minima
1029 453 1214 493 videtur
1242 453 1385 504 pestis
1414 451 1717 500 Germaniae,
1741 459 1790 493 ut

171 525 287 564 alias
318 524 664 574 admonuimus,
700 522 806 564 cum
841 525 1084 564 inferiores
1111 524 1251 564 etiam
1287 529 1432 573 arteS,
1463 523 1520 562 ab
1547 522 1797 562 haereticis

168 595 416 646 plurimum
437 600 687 645 tractatae,
712 595 913 635 habeant
934 606 1115 635 venena
1143 605 1250 644 sua,
1280 600 1325 634 et
1355 595 1426 633 vel
1457 593 1609 644 impiis
1641 604 1791 633 exem-

170 666 256 716 plis
278 665 491 705 adductis
511 665 718 705 inliciant
739 665 835 706 fere
864 665 1198 706 adolescentes.
1227 664 1381 715 Quare
1409 675 1600 715 operam
1627 664 1793 704 damus

166 743 215 775 ut
237 737 429 776 nomine
446 736 631 787 publico
654 742 900 787 caveatur,
923 749 980 776 ne
1001 736 1102 787 quis
1123 742 1201 775 aut
1221 735 1414 785 vendat,
1439 740 1518 774 aut
1539 740 1694 775 teneat
1723 746 1791 775 su-

166 814 352 859 spectos
375 807 584 857 codices,
610 808 731 858 iique
754 808 1002 847 visitentur
1024 819 1051 847 a
1078 807 1218 847 certis
1249 812 1293 846 et
1320 805 1565 856 fidedignis
1592 806 1707 846 viris
1737 806 1797 846 ad

167 878 255 917 hoc
276 877 525 929 deputatis,
550 889 644 917 non
666 878 712 917 in
733 878 928 929 publicis
949 884 1130 918 tantum
1147 877 1450 926 bibliothecis,
1471 888 1635 916 verum
1653 877 1793 917 etiam

166 948 211 987 in
230 949 429 999 privatis
453 950 708 988 multorum
729 948 966 988 cubiculis.
993 947 1096 998 Qua
1117 948 1172 988 de
1192 959 1263 996 re,
1287 947 1406 987 sicut
1427 952 1471 986 et
1493 947 1548 986 de
1571 947 1675 986 aliis
1697 948 1794 998 qui-

164 1018 361 1059 busdam
391 1019 630 1069 abusibus,
656 1031 774 1071 quos
794 1019 987 1059 nimium
1006 1019 1100 1058 iam
1121 1019 1408 1058 inveteratos
1429 1029 1530 1057 esse
1562 1017 1790 1068 dolemus,

164 1089 341 1130 litteras
363 1090 572 1130 dedimus
599 1090 658 1130 ad
678 1090 902 1141 primaria
925 1090 1078 1141 capita
1110 1090 1248 1129 huius
1279 1088 1568 1137 academiae,
1601 1094 1792 1128 orantes

164 1166 212 1199 ut
240 1171 323 1211 pro
351 1161 632 1200 authoritate
663 1172 747 1200 sua
780 1160 1060 1212 provideant
1088 1166 1131 1200 et
1159 1165 1411 1200 occurrant
1440 1159 1568 1199 hisce
1599 1158 1790 1210 morbis,

164 1232 241 1282 qui
280 1232 451 1282 partim
483 1231 776 1282 disciplinam
807 1231 994 1282 pietatis
1030 1232 1423 1281 honestorumque
1451 1241 1633 1270 morum
1660 1230 1794 1270 attin-

163 1308 299 1352 gunt,
322 1302 493 1353 partim
514 1308 692 1342 rectam
713 1301 973 1342 studiorum
993 1302 1223 1341 rationem
1243 1301 1517 1352 perturbant
1538 1312 1592 1340 ac
1627 1301 1793 1340 distra-

163 1372 290 1411 hunt.
314 1372 380 1412 Ita
402 1372 493 1421 fiet,
517 1383 774 1423 speramus,
798 1378 847 1412 ut
870 1378 914 1412 et
930 1372 995 1412 illi
1010 1372 1162 1423 magis
1180 1371 1316 1412 officii
1332 1372 1403 1412 sui
1421 1371 1729 1422 meminerint,
1749 1378 1793 1411 et

162 1454 247 1483 nos
268 1443 545 1494 provinciae
566 1442 843 1483 Rectoratus
865 1455 959 1483 non
980 1442 1182 1483 defuisse
1203 1442 1461 1482 videamur.

242 1513 402 1553 Mense
433 1514 605 1554 etenim
635 1513 846 1562 Octobri,
872 1525 1013 1566 quum
1041 1514 1099 1554 ad
1126 1513 1238 1554 novi
1265 1513 1478 1553 Rectoris
1511 1513 1573 1563 (ut
1601 1512 1790 1562 vocant)

163 1584 438 1624 electionem
457 1590 649 1624 ventum
670 1590 812 1635 esset,
835 1585 939 1636 pari
965 1596 1196 1624 consensu
1215 1583 1535 1635 professorum
1555 1590 1598 1623 et
1626 1583 1789 1623 suffra-

161 1655 375 1705 gantium
396 1655 602 1695 omnium
623 1655 818 1706 accidit,
843 1661 891 1695 ut
912 1655 1194 1707 repugnanti
1215 1655 1356 1695 etiam
1376 1654 1490 1694 mihi
1516 1654 1604 1694 hoc
1626 1666 1795 1694 munus

161 1726 434 1777 delegarint.
458 1725 554 1766 Nec
575 1727 690 1766 satis
712 1726 842 1766 licuit
863 1738 1098 1777 recusare,
1122 1726 1247 1778 quod
1266 1732 1316 1765 ut
1336 1725 1622 1775 susciperem
1653 1736 1784 1775 onus,

162 1796 215 1836 R.
238 1796 288 1836 P.
314 1796 496 1837 Claudii
517 1797 721 1837 faciebat
743 1797 1018 1848 authoritas,
1043 1797 1365 1848 sententiaque
1386 1802 1481 1847 tua,
1500 1796 1792 1836 observande

161 1873 308 1918 pater,
333 1874 377 1908 et
399 1879 584 1917 eorum,
609 1869 687 1920 qui
707 1880 891 1908 mecum
911 1874 1017 1908 sunt
1039 1869 1086 1908 in
1103 1868 1287 1909 Christo
1305 1868 1501 1908 fratrum
1519 1878 1791 1917 consensus,

161 1944 266 1989 post
289 1939 458 1979 multas
480 1939 538 1979 ad
558 1939 710 1979 Deum
731 1940 860 1979 fusas
882 1940 1191 1991 precationes,
1211 1939 1467 1990 flagitabat.

244 2008 295 2049 In
317 2021 407 2061 quo
428 2021 618 2049 munere
641 2010 1010 2050 administrando
1032 2011 1176 2049 multa
1208 2016 1335 2059 sunt,
1366 2021 1484 2060 quae
1506 2009 1792 2060 singularem

164 2091 279 2131 erga
298 2092 384 2120 nos
412 2079 499 2119 Dei
527 2081 673 2131 patris
701 2080 957 2120 bonitatem
987 2079 1333 2130 commendent,
1363 2086 1408 2119 et
1436 2079 1637 2129 gratiam
1669 2091 1788 2119 com-

164 2151 375 2201 probent.
406 2150 586 2190 Placuit
614 2151 736 2191 enim
763 2157 981 2191 aeternae
1003 2151 1151 2202 ipsius
1172 2150 1450 2201 benignitati
1470 2161 1604 2200 suae,
1633 2156 1682 2189 ut
1708 2161 1790 2201 per

164 2222 300 2261 huius
333 2221 578 2261 ministerii
613 2222 910 2261 occasionem
944 2221 1234 2273 professores
1262 2221 1488 2272 imprimis
1517 2221 1791 2261 iuvarentur

163 2298 301 2344 atque
322 2292 554 2343 magistri,
583 2304 701 2343 quos
723 2292 841 2332 inter
863 2304 911 2332 se
933 2298 1092 2332 mutuo
1113 2292 1416 2343 graviterque
1438 2291 1713 2332 dissidentes
1741 2291 1789 2331 in

162 2363 365 2413 gratiam
386 2363 579 2403 rediisse
601 2363 788 2403 tandem
808 2363 1087 2414 gaudemus,
1110 2369 1158 2402 ut
1180 2363 1426 2403 diuturnae
1456 2362 1716 2402 simultates
1743 2368 1790 2402 et

162 2434 372 2485 publicae
390 2434 712 2474 contentiones
729 2434 823 2473 iam
838 2434 1205 2485 conquieverint,
1225 2433 1326 2473 Deo
1339 2433 1470 2484 duce,
1489 2433 1620 2484 pacis
1638 2432 1788 2472 omnis

162 2505 372 2544 authore.
396 2503 576 2544 Deinde
597 2515 769 2555 magno
801 2504 1061 2545 studiorum
1083 2505 1289 2544 omnium
1318 2504 1439 2544 bono
1466 2503 1642 2544 factum
1669 2502 1784 2542 affir-

162 2581 310 2625 mant,
335 2576 458 2627 quod
479 2582 573 2615 tres
601 2587 693 2615 non
723 2575 884 2626 optimi
910 2576 1109 2627 exempli
1142 2575 1462 2615 adolescentes
1492 2574 1708 2625 relegati,
1741 2582 1784 2613 et

161 2647 267 2686 hinc
289 2647 515 2687 excedere
538 2647 652 2686 iussi
673 2652 793 2697 sunt,
816 2652 1123 2698 posteaquam
1145 2646 1268 2698 apud
1289 2647 1458 2686 multos
1480 2645 1613 2685 viluit
1635 2646 1786 2684 cultus

161 2718 385 2757 honestae
407 2717 703 2768 disciplinae,
728 2717 786 2757 ad
808 2729 946 2768 quam
966 2729 1059 2758 non
1081 2718 1179 2757 sine
1209 2718 1375 2757 timore
1410 2723 1454 2757 et
1480 2722 1657 2756 terrore
1682 2727 1782 2766 pro-

162 2788 326 2839 posito,
349 2788 424 2828 hic
446 2787 742 2839 praesertim,
766 2789 983 2828 revocari
1004 2799 1141 2838 posse
1160 2788 1421 2828 videantur.

240 2858 413 2909 Tertio,
433 2859 668 2898 desierunt
688 2858 977 2909 professores
997 2860 1269 2910 praelegere
1289 2859 1432 2899 libros
1452 2858 1715 2898 haereticos
1739 2865 1784 2897 et

161 2929 382 2979 privatim
416 2935 460 2969 et
496 2929 699 2979 publice:
739 2935 835 2969 tum
867 2930 1063 2970 accessit
1090 2930 1266 2979 cautio,
1298 2936 1344 2970 ut
1372 2941 1428 2969 ne
1466 2930 1512 2969 in
1545 2936 1783 2981 posterum
