1987 3260
209 206 286 243 4552
723 207 948 243 L1TTERAE
975 217 1330 249 QUADRlMESTREs

211 304 474 353 visitarunt,
499 308 547 342 ut
568 303 793 342 foetorem
814 303 941 342 illum
962 303 1262 354 sustinentes,
1287 304 1425 344 etiam
1447 306 1536 346 illis
1557 306 1830 357 assiderent,

212 374 322 413 dum
343 379 387 413 et
407 384 594 413 muscas
616 373 673 412 ab
696 373 760 412 eis
781 373 1017 424 pellerent,
1042 379 1086 413 et
1107 385 1186 412 eos
1208 373 1347 413 etiam
1362 375 1421 414 ad
1437 376 1709 426 patientiam
1725 377 1830 416 hor-

210 450 434 483 tarentur.
458 443 615 495 Aliqui
635 454 748 482 vero
770 455 828 482 ex
849 443 915 482 eis
935 442 1121 483 fuerunt
1142 442 1213 493 (de
1234 444 1349 483 viris
1369 445 1547 496 loquor)
1568 446 1688 487 inter
1715 459 1831 499 quos

208 514 397 565 quidam
419 520 519 554 erat
540 514 747 554 medicus
769 523 969 563 magnae
994 513 1180 564 pietatis
1209 520 1333 554 certe
1361 521 1405 555 et
1432 515 1717 569 devotionis,
1751 518 1829 569 qui

208 585 279 624 bis
300 585 503 636 quotidie
525 597 604 624 eos
625 584 838 634 visitanS,
862 584 925 623 ita
946 584 1098 635 plagis
1119 596 1281 624 eorum
1302 586 1594 638 medebatur,
1620 594 1669 628 ut
1689 589 1830 629 etiam

208 656 421 696 manibus
443 656 538 696 suis
558 661 601 694 et
622 656 803 694 lavaret
824 660 869 694 et
890 655 996 694 inde
1017 666 1200 695 vermes
1227 656 1513 707 extraheret;
1543 664 1587 697 et
1614 660 1829 709 quamvis

205 732 329 766 esset
349 727 439 766 illis
459 725 582 777 quod
604 734 811 775 agerent,
834 737 927 765 non
948 726 1270 776 gravabantur
1290 732 1446 767 tamen
1463 728 1636 779 aliquid
1657 735 1827 781 tempo—

210 798 273 837 ris
295 809 352 837 ex
374 797 468 837 suis
490 796 692 846 negotiis
714 796 932 846 adimere,
952 802 1001 836 ut
1022 796 1133 836 illud
1154 797 1372 837 membris
1394 797 1566 838 Christi
1586 799 1830 839 sublevan-

206 868 276 908 dis
303 868 673 919 impartiremur,
705 866 834 918 cujus
863 867 1066 918 pretioso
1094 868 1322 918 sanguine
1349 879 1398 907 se
1431 869 1695 920 redemptos
1725 881 1827 910 esse

205 939 537 978 meminissent.
561 938 632 978 EX
653 937 845 988 triginta
868 943 1023 977 autem
1044 938 1180 988 pauci
1197 939 1572 989 supervixerunt3
1590 941 1744 980 nullus
1763 946 1827 980 ta-

205 1021 310 1049 men
330 1010 425 1049 fere
447 1016 659 1048 mortuus
680 1014 763 1056 est,
788 1007 917 1058 cujus
938 1008 1280 1048 confessionem
1300 1009 1348 1049 P.
1373 1008 1604 1050 Antonius
1633 1022 1727 1050 non
1749 1023 1825 1051 au-

205 1080 394 1130 diverit,
431 1080 580 1119 laetus
608 1079 793 1131 quidem
820 1079 942 1130 quod
975 1091 1055 1119 eos
1082 1079 1262 1119 videret
1297 1080 1469 1120 Christi
1503 1082 1825 1122 misericordia

207 1162 314 1190 vere
335 1150 490 1190 animo
513 1149 737 1189 contritos
762 1149 869 1189 hinc
890 1149 1144 1200 discedere,
1168 1163 1225 1190 ex
1246 1150 1318 1190 his
1338 1163 1466 1201 vero,
1492 1153 1569 1202 qui
1589 1152 1824 1204 vixerunt,

204 1232 309 1260 cum
329 1232 498 1260 novem
519 1226 672 1260 essent
690 1220 876 1260 omnino
894 1220 1019 1269 nudi,
1039 1221 1348 1272 eleemosynis
1364 1227 1519 1261 tamen
1537 1222 1732 1262 istorum
1752 1223 1824 1263 de-

204 1297 420 1331 votorum
455 1297 592 1342 atque
628 1291 808 1342 piorum
836 1291 1045 1331 virorum
1076 1297 1119 1330 et
1146 1292 1411 1342 mulierum,
1441 1293 1555 1332 satis
1584 1293 1824 1333 commode

203 1362 358 1402 vestiti
391 1361 592 1401 fuerunt.
622 1361 709 1401 Die
743 1373 856 1401 vero
884 1361 1043 1401 Sancti
1078 1361 1337 1413 Laurentii,
1376 1374 1481 1402 cum
1515 1364 1574 1402 ab
1607 1364 1822 1415 hospitali

203 1433 394 1482 egressi,
418 1432 464 1472 in
484 1438 645 1472 nostra
668 1433 866 1472 ecclesia
887 1431 1103 1472 Patribus
1124 1433 1294 1472 nostris
1322 1433 1522 1473 confessi
1554 1433 1749 1474 fuissent
1779 1441 1823 1474 et

197 1503 639 1553 communicassent,
664 1503 971 1554 concionique
991 1503 1323 1553 interfuissent,
1348 1515 1427 1543 eos
1449 1505 1494 1543 in
1523 1505 1709 1544 nomine
1730 1505 1824 1545 Do-

202 1573 311 1612 mini
334 1573 590 1613 dimisimus
613 1573 753 1613 etiam
773 1585 866 1613 non
887 1574 986 1613 sine
1007 1573 1179 1613 viatico
1202 1575 1372 1625 aliqu0,
1397 1575 1624 1625 siquidem
1645 1575 1735 1615 duo
1757 1581 1821 1615 ta-

200 1645 299 1683 reni
325 1644 330 1661 ¹
355 1644 540 1683 cuilibet
562 1656 723 1684 eorum
744 1644 839 1683 dati
857 1644 1042 1684 fuerunt
1059 1645 1223 1695 quibus
1240 1644 1375 1684 facile
1397 1645 1456 1684 ad
1477 1657 1607 1696 suos,
1632 1658 1737 1686 cum
1757 1647 1822 1686 Vi-

200 1714 293 1754 cini
317 1720 484 1764 essent,
508 1714 742 1765 proficisci
764 1721 1025 1766 potuerunt.

279 1784 350 1824 De
362 1785 681 1825 confitentium
693 1797 806 1825 vero
822 1785 1114 1825 multitudine
1131 1786 1242 1825 nihil
1259 1792 1327 1825 est
1343 1786 1466 1837 quod
1484 1787 1700 1838 scribam,
1720 1798 1824 1827 cum

196 1854 292 1905 jam
320 1856 506 1907 saepius
536 1855 585 1895 P.
616 1862 722 1895 tuae
751 1856 1005 1896 indicatum
1033 1857 1206 1896 nostris
1235 1857 1400 1896 litteris
1429 1862 1566 1908 atque
1593 1857 1821 1908 significa-

196 1932 294 1965 tum
323 1926 486 1966 suerit:
515 1926 626 1966 illud
659 1932 813 1966 tamen
840 1938 934 1966 non
959 1927 1141 1977 tacebo,
1172 1927 1295 1978 quod
1326 1928 1513 1967 omnino
1540 1939 1715 1968 novum
1738 1934 1820 1968 est.

197 1997 310 2036 Erat
331 1997 406 2036 hic
428 1997 658 2048 quaedam
676 1996 948 2048 juvencula,
979 2009 1096 2048 quae
1125 1998 1398 2048 turpitudini
1420 2004 1558 2049 atque
1587 1998 1821 2049 impudici—

197 2067 289 2106 tiae
324 2067 468 2107 vitam
504 2079 637 2107 suam
667 2068 931 2108 addixerat:
962 2080 1065 2107 eam
1099 2074 1254 2108 tamen
1289 2068 1501 2108 Christus
1532 2070 1703 2120 pietate
1739 2081 1821 2109 sua

199 2143 431 2184 moverat,
455 2144 504 2177 ut
528 2150 552 2176 a
576 2144 769 2189 peccato
791 2138 850 2178 ad
872 2139 1034 2178 melius
1061 2139 1184 2178 vitae
1211 2139 1472 2179 institutum
1499 2151 1601 2179 sese
1630 2151 1819 2180 conver-

200 2214 336 2257 teret,
361 2220 526 2248 verum
547 2209 711 2259 nuptui
732 2209 904 2248 tradita
927 2220 1031 2248 cum
1053 2221 1079 2248 a
1101 2209 1202 2248 viro
1227 2210 1517 2260 recessisset,
1542 2215 1591 2249 ut
1612 2210 1742 2250 canis
1764 2209 1821 2249 ad

199 2279 425 2318 vomitum
459 2290 651 2318 reversa
686 2279 857 2319 fuerat:
895 2279 1066 2319 revixit
1099 2285 1255 2319 tamen
1289 2291 1412 2319 nunc
1442 2280 1645 2331 demum,
1684 2291 1822 2332 quam

197 2349 392 2388 deliciae
415 2350 570 2389 carnis
591 2350 793 2400 pessime
810 2350 1123 2401 perdiderant,
1148 2357 1191 2390 et
1212 2351 1276 2390 ita
1298 2351 1488 2401 revixit,
1512 2357 1561 2391 ut
1582 2352 1820 2402 peccatrix

199 2420 510 2470 peccatricem
532 2420 659 2459 illam
680 2426 912 2471 sanctam,
938 2432 1076 2472 quam
1096 2421 1142 2460 in
1163 2421 1420 2472 Evangelio
1441 2422 1659 2472 legimus,
1693 2422 1820 2472 Mag-

200 2489 414 2528 dalenam
435 2489 552 2539 dico,
579 2490 750 2529 imitari
770 2490 1002 2539 videatur;
1025 2491 1192 2531 etenim
1214 2503 1353 2543 saepe
1375 2492 1618 2532 confitetur
1635 2498 1678 2532 et
1698 2504 1817 2532 com-

200 2560 425 2610 municat,
449 2560 582 2599 brevi
604 2560 767 2611 etiam,
792 2573 928 2612 quem
949 2562 1107 2601 dicunt
1135 2562 1344 2602 habitum
1370 2563 1494 2602 tertii
1521 2563 1695 2602 ordinis
1725 2562 1819 2603 divi

198 2630 460 2679 Francisci,
491 2631 663 2670 induet.
696 2630 815 2680 Quid
843 2631 995 2671 dicam
1020 2631 1076 2672 de
1107 2633 1283 2672 duobus
1313 2633 1676 2683 concubinariis,
1711 2645 1819 2684 quo-

200 2711 301 2739 rum
333 2701 448 2740 alter
471 2701 779 2740 concubinam
810 2713 893 2752 per
924 2702 1168 2742 duodecim
1198 2715 1345 2743 annos
1374 2704 1438 2743 ita
1465 2704 1664 2752 aluerat,
1689 2709 1737 2743 ut
1760 2704 1816 2743 ab

200 2782 253 2809 ea
280 2781 366 2809 nec
393 2771 609 2821 precibus
637 2783 722 2811 nec
756 2772 893 2811 minis
927 2778 1025 2812 toto
1061 2773 1137 2812 illo
1172 2779 1378 2825 tempore
1413 2773 1569 2814 divelli
1602 2775 1816 2825 potuerit,

197 2841 315 2880 alter
337 2852 448 2879 vero
473 2841 596 2881 domi
618 2841 777 2892 aliam,
810 2854 956 2882 uxore
983 2849 1271 2894 contempta,
1296 2844 1622 2884 charissimam
1652 2845 1819 2885 habue-

254 2998 261 3016 2
306 2997 390 3024 Vide
406 3006 508 3033 supra
525 3007 602 3033 pag.
619 3000 685 3033 23⁴2,
703 3006 769 3028 not.
787 3008 808 3028 1.
