1987 3260
918 183 999 220 AN.
1032 182 1122 220 1552
1759 180 1837 217 483

203 283 412 335 physicis
446 294 636 334 operam
669 282 817 330 dedit,
849 294 874 321 a
903 281 1058 321 multis
1081 280 1177 331 jam
1205 279 1366 319 diebus
1392 277 1637 318 Societatis
1669 289 1828 317 amore

205 354 421 404 flagravit
443 360 485 393 et
508 352 658 392 adhuc
681 353 845 393 ardere
867 351 1208 403 quodammodo
1232 350 1430 389 videtur.
1454 348 1630 388 Verum
1653 348 1701 387 P.
1732 348 1827 387 Do-

203 425 355 464 minus
383 423 575 471 Paulus,
599 429 647 463 ut
670 435 831 463 eorum
852 423 1109 475 periculum
1130 421 1272 461 faciat
1300 420 1612 469 constantiae,
1648 425 1691 458 et
1725 431 1827 469 pro-

203 497 277 536 bet
300 507 359 535 an
380 495 427 534 hi
449 495 638 546 spiritus
661 506 685 533 a
709 495 809 534 Deo
832 495 943 542 sint,
968 494 1232 543 ingressum
1258 490 1443 531 differre
1469 489 1827 541 prudentissime

204 566 364 606 voluit.

282 636 477 677 Cuidam
499 637 631 676 alteri
652 637 928 687 paedagogo
949 636 1073 687 gallo
1092 633 1211 674 RduS
1232 636 1278 674 in
1301 633 1488 674 Christo
1511 632 1649 672 Pater
1672 632 1827 672 Domi-

202 719 289 747 nus
305 707 477 747 Paulus
496 707 685 747 tradidit
706 707 948 757 exercitia,
968 707 1043 758 qui
1063 708 1362 747 vehementer
1388 711 1611 756 expetens
1643 715 1668 743 a
1696 703 1839 742 nobis.

204 778 385 818 admitti
413 784 456 818 ct
491 779 678 818 saeculo
713 778 925 818 nuntium
954 778 1209 828 remittere,
1243 789 1401 817 morae
1436 775 1660 825 longioris
1688 774 1829 825 impa-

202 850 321 888 tiens
342 849 388 888 in
410 850 685 889 coenobium
706 849 1044 889 monachorum
1065 848 1223 888 Sancti
1244 847 1483 888 Benedicti
1514 846 1744 886 concessit
1762 877 1769 895 ‚
1803 857 1827 884 a

201 932 291 970 quo
313 932 405 960 non
430 920 528 960 sine
549 921 721 960 nostris
753 919 961 960 fidelibus
989 919 1044 959 de
1074 920 1150 959 illo
1178 918 1454 959 testimoniis
1482 917 1712 957 admissus
1743 922 1827 956 est.

203 991 338 1041 Tres,
362 992 441 1042 qui
462 998 731 1031 nostrorum
751 992 894 1030 multo
915 997 1123 1042 tempore
1144 991 1335 1030 Patrum
1355 989 1529 1029 alumni
1549 988 1753 1037 fuerant,
1787 992 1830 1026 et

203 1062 260 1101 ab
281 1062 394 1112 ipsis
415 1061 731 1113 spiritualibus
753 1062 987 1101 exercitiis
1008 1061 1206 1105 educati,
1232 1061 1463 1101 dictorum
1485 1060 1628 1110 vulgo
1652 1058 1830 1110 Capuc-

203 1132 414 1172 cinorum
434 1132 774 1183 professionem
796 1139 901 1172 sunt
923 1133 1089 1180 secuti;
1114 1138 1311 1183 suntque
1331 1131 1462 1171 multi
1483 1141 1595 1182 prae
1617 1130 1830 1169 manibus

203 1203 279 1253 qui
297 1203 459 1242 eodem
482 1203 803 1254 propendeant
819 1209 864 1242 et
885 1203 1180 1242 inclinentur.
1205 1201 1393 1242 Summa
1416 1201 1603 1241 Domini
1623 1200 1829 1250 benigni-

203 1281 275 1313 tas
314 1279 478 1313 eo‘rum
512 1280 725 1313 sanctam
760 1273 1033 1313 confirment
1069 1279 1112 1313 et
1149 1273 1351 1313 stabiliat
1386 1273 1692 1312 voluntatem.
1730 1271 1831 1311 Non

202 1345 369 1384 desunt
400 1356 457 1383 ex
487 1343 660 1383 nostris
690 1344 768 1395 qui
804 1344 1076 1384 ardentibus
1111 1344 1317 1395 ipsorum
1352 1343 1594 1383 desideriis
1626 1342 1829 1382 fomenta

203 1414 465 1466 subjiciant,
486 1422 533 1455 ut
555 1415 678 1454 hunc
699 1415 869 1465 ignem,
890 1422 1113 1466 quantum
1129 1416 1326 1466 possint,
1345 1426 1438 1454 non
1455 1415 1604 1454 solum
1624 1413 1832 1453 nutriant

207 1486 290 1526 sed
310 1487 453 1526 multo
476 1487 628 1537 magis
651 1486 924 1526 accendant.

282 1556 410 1597 Haec
433 1563 554 1607 sunt,
578 1556 678 1597 R.de
699 1557 745 1597 in
767 1556 953 1597 Christo
975 1556 1042 1608 P„
1067 1569 1185 1608 quae
1208 1557 1263 1596 de
1293 1563 1482 1596 nostrae
1508 1557 1673 1596 vineae
1704 1556 1830 1595 cultu

201 1628 284 1667 tibi
310 1628 470 1679 paucis
505 1628 752 1668 scribenda
788 1628 1020 1668 duximus.
1049 1627 1296 1679 Reliquum
1325 1634 1413 1675 est,
1448 1634 1496 1667 ut
1524 1628 1636 1677 tuis,
1666 1627 1839 1678 quibus

199 1699 450 1749 plurimum
470 1705 622 1750 potes,
648 1699 868 1750 precibus
890 1711 980 1750 quo
1004 1699 1062 1739 ad
1084 1700 1232 1739 nostri
1254 1700 1486 1750 possimus
1508 1698 1663 1750 operis
1684 1697 1830 1749 perfe-

199 1769 398 1809 ctionem
416 1769 592 1820 juvari,
618 1775 843 1821 quotquot
865 1769 939 1809 hic
962 1781 1137 1820 sumus,
1164 1770 1419 1810 humillime
1436 1769 1830 1810 commendemus.

200 1839 334 1880 Vale.

281 1910 459 1962 Quarto
481 1924 631 1952 nonas
651 1912 863 1964 Januarii
888 1912 1002 1952 1552.

281 1982 513 2023 Panormi.

280 2053 407 2093 Tuus
428 2053 645 2093 minimus
667 2055 713 2094 in
735 2054 920 2094 Christo
942 2054 1062 2094 filius
1084 2061 1127 2093 et
1149 2066 1328 2101 servus,

1134 2196 1341 2248 JOANNES
1363 2195 1612 2237 ROGERms.

283 2408 648 2459 superscriptio.
673 2411 699 2456 -ῐ-
721 2409 780 2449 Al
796 2409 938 2449 Molto
955 2408 1056 2449 R.d0
1072 2409 1117 2448 in
1135 2409 1321 2449 Christo
1339 2408 1488 2449 Padre
1505 2409 1535 2448 il
1552 2408 1601 2448 P.
1621 2418 1700 2449 m.⁵
1722 2410 1835 2461 (sic)

202 2480 382 2527 Ignatio
405 2480 460 2519 de
482 2479 677 2530 Loyola,
698 2479 939 2531 Preposito
959 2480 1188 2520 Generale
1211 2481 1329 2520 della
1352 2479 1605 2531 Compag.a
1626 2481 1681 2520 de
1702 2482 1826 2534 Jesu.

205 2550 240 2589 Α
266 2549 428 2590 Roma.

283 2621 432 2661 Manu
455 2621 504 2673 J.
531 2622 622 2661 Ple.
660 2622 780 2661 Vitos
801 2622 950 2673 Quad.
970 2622 1222 2673 Panormo,
1246 2624 1270 2663 2
1292 2624 1335 2663 di
1357 2623 1558 2664 Genaro.

284 2693 346 2732 Et
367 2693 487 2732 alia:
507 2694 736 2733 PalermO.

283 2764 393 2803 Alia
409 2764 604 2814 denique
620 2764 816 2815 antiqua
834 2776 1005 2805 manns
1021 2765 1254 2805 calamum
1271 2766 1651 2817 tentclvc‘t,j'uxtcz
1666 2771 1828 2817 snper-

202 2835 505 2886 scrz'pte'onem
521 2835 710 2875 litteras
726 2840 768 2875 et
785 2836 1120 2876 vocabulorum
1127 2837 1302 2887 frusta
1318 2837 1566 2877 exarando
1578 2837 1663 2877 hoc
1674 2838 1827 2877 modo.

204 2905 244 2944 D
264 2929 311 2932 —
330 2906 441 2946 Al—
458 2905 529 2946 fra
546 2929 596 2933 —
613 2906 701 2958 jhu
720 2930 770 2934 —
786 2906 828 2946 D
846 2931 896 2936 —
912 2907 1032 2947 R.d1¹S
1049 2929 1098 2935 —
1114 2906 1200 2947 fra.
