1987 3260
880 235 961 272 AN.
993 235 1078 272 1551
1718 237 1787 273 405

922 685 1066 738 (3111

237 913 279 950 P.
301 914 493 959 joannes
515 913 566 951 de
587 915 783 952 Victoria

280 978 397 1015 Patri
418 978 586 1026 Ignatio
605 979 657 1016 de
675 979 859 1027 Loyola.

330 1043 510 1089 Vienna,
534 1045 549 1080 1
571 1042 841 1091 Septembris
863 1044 949 1080 1551
975 1045 999 1079 ¹.

924 1218 1021 1293 uis

238 1393 399 1434 Gratia
422 1402 465 1433 et
488 1405 580 1445 pax
601 1393 790 1433 Domini
812 1393 969 1433 Nostri
990 1394 1100 1447 Jesu
1125 1394 1311 1441 Christi,
1337 1401 1422 1434 etc.

239 1466 297 1505 Ut
319 1472 511 1505 sanctae
533 1464 823 1504 obedientiae
850 1470 1101 1516 praecepto
1132 1465 1348 1513 satisfiat,
1373 1478 1428 1505 ea
1454 1477 1571 1516 quae
1593 1478 1676 1517 per
1697 1466 1783 1506 Dei

157 1536 360 1586 gratiam
381 1536 453 1575 his
474 1540 673 1586 quatuor
694 1535 930 1574 mensibus
961 1540 1067 1575 acta
1095 1542 1216 1586 sunt,
1246 1536 1463 1576 nimirum
1493 1548 1519 1575 a
1546 1543 1705 1577 nostra
1727 1549 1783 1577 ex

158 1607 281 1647 Urbe
302 1605 607 1658 profectione,
635 1611 808 1657 quanta
829 1605 1059 1645 brevitate
1089 1617 1163 1646 res
1184 1606 1313 1657 ipsae
1344 1607 1592 1658 patientur,
1627 1607 1697 1647 his
1717 1609 1782 1647 lit<

158 1678 269 1717 teris
290 1678 588 1728 complectar.

239 1748 397 1788 Variis
418 1748 559 1799 igitur
580 1748 627 1787 in
648 1748 780 1798 locis,
805 1754 1054 1799 antequam
1074 1747 1197 1788 thffi
1222 1748 1271 1788 P.
1295 1749 1516 1789 Nicolaus
1539 1750 1594 1790 de
1620 1751 1785 1802 Lanoy

160 1830 265 1858 cum
288 1819 476 1869 reliquis
497 1824 603 1858 octo
624 1818 846 1859 fratribus
876 1819 1134 1859 Bononiam
1164 1820 1443 1870 perveniret,
1468 1821 1603 1860 varia
1630 1832 1783 1872 prose-

161 1890 422 1941 quebantur
457 1889 703 1939 exercitia3
739 1889 1139 1929 concionabantur
1168 1891 1309 1941 aliqui
1339 1891 1385 1930 in
1420 1892 1602 1942 templis
1632 1893 1707 1932 vel
1739 1892 1784 1931 in

156 1961 337 2012 plateis,
362 1961 440 2000 alii
461 1961 507 2000 in
526 1960 740 2011 hospitiis
770 1961 845 2000 vel
865 1961 911 2000 in
939 1960 1040 2012 ipso
1069 1961 1249 2011 itinere,
1282 1962 1436 2012 quoad
1466 1962 1564 2002 fieri
1584 1968 1782 2014 poterat,

156 2043 278 2071 nunc
300 2032 385 2071 hos
401 2043 524 2071 nunc
547 2032 664 2081 illos,
684 2037 733 2071 ut
755 2032 1079 2083 opportunitas
1096 2038 1140 2071 et
1159 2032 1343 2071 occasio
1362 2032 1554 2083 ferebat,
1574 2033 1629 2073 de
1647 2034 1785 2073 rebus

157 2102 244 2153 piis
266 2102 642 2153 alloquebantur;
667 2101 743 2141 alii
764 2113 893 2148 vero,
918 2113 1022 2141 cum
1042 2102 1269 2141 modestia
1286 2109 1330 2141 et
1348 2103 1678 2153 taciturnitate,
1699 2104 1784 2142 sibi

157 2173 406 2212 commissa
428 2171 673 2223 diligenter
695 2172 935 2212 curabant.
955 2170 1032 2211 Sic
1050 2172 1248 2220 demum,
1269 2172 1368 2213 Deo
1386 2173 1518 2224 duce,
1542 2180 1647 2225 post
1664 2173 1781 2214 deci-

158 2255 282 2283 mum
304 2243 440 2289 diem,
464 2255 556 2282 non
578 2243 675 2282 sine
697 2242 849 2282 fructu
872 2249 1209 2283 conversantes
1231 2244 1414 2294 ubique,
1439 2245 1698 2284 Bononiam
1719 2245 1782 2284 in-

157 2315 362 2354 columes
384 2320 716 2364 pervenerunt3
741 2314 816 2353 ubi
834 2325 939 2354 cum
956 2314 1158 2354 Morales
1175 2321 1218 2354 et
1235 2325 1336 2365 ego,
1358 2321 1406 2354 ut
1423 2315 1648 2367 scriptum
1665 2323 1779 2366 erat,

155 2397 240 2425 nos
260 2385 642 2436 adjungeremus,
666 2384 779 2424 R.1110
810 2385 1180 2436 Archiepiscopo
1208 2384 1363 2436 Saulo,
1398 2386 1690 2438 Vicelegato‚
1716 2399 1784 2427 sa-

155 2458 322 2507 lutato,
348 2468 373 2496 a
395 2468 484 2507 quo
506 2456 854 2507 perhumaniter
875 2456 1044 2496 fuimus
1065 2457 1270 2508 excepti,
1295 2457 1517 2507 postridie
1546 2458 1668 2497 illius
1696 2458 1785 2498 diei

157 2527 365 2567 Bononia
393 2527 705 2574 discessimuS,
744 2526 960 2567 Patribus
989 2539 1043 2566 ac
1071 2526 1330 2577 Fratribus,
1368 2528 1445 2579 qui
1481 2528 1542 2568 ibi
1573 2529 1782 2576 aderant,

156 2598 484 2644 valedicentes,
504 2597 583 2648 qui
599 2608 781 2637 summa
797 2609 853 2637 ac
871 2598 1099 2648 singulari
1116 2598 1318 2649 quadarn
1334 2598 1563 2638 charitate
1587 2601 1783 2651 comple-

156 2674 332 2708 ctentes
366 2680 450 2708 nos
484 2668 851 2719 comitantesque
892 2680 974 2720 per
1008 2674 1155 2708 totam
1190 2669 1452 2719 civitatem,
1500 2669 1557 2709 ad
1600 2677 1784 2721 portam

156 2750 299 2790 usque
322 2751 405 2778 nos
428 2739 741 2785 deduxerunt3
764 2739 841 2778 ubi
863 2750 1111 2790 corporum
1132 2740 1316 2790 quidem
1339 2739 1580 2791 sejunctio,
1611 2741 1783 2781 animo-

156 2821 258 2848 rum
278 2821 391 2849 vero
413 2809 616 2859 minime,
640 2808 763 2848 facta
785 2815 867 2849 est.
893 2808 1047 2860 Atque
1075 2817 1123 2849 ut
1147 2811 1191 2849 in
1220 2821 1398 2849 summa
1429 2811 1583 2850 omnia
1612 2811 1780 2859 dicam,

210 2944 218 2962 ¹
258 2943 343 2971 Bina
358 2944 521 2971 habemus
545 2945 666 2971 harum
687 2944 882 2971 litterarum
897 2945 1107 2978 apographa.
1130 2944 1250 2976 Unum,
1274 2951 1293 2971 a
1316 2944 1351 2971 P.
1377 2944 1551 2971 Bernardo
1573 2944 1722 2971 oliverio
1738 2945 1782 2972 fa-

156 2995 257 3024 ctum,
275 2991 307 3017 in
322 2990 454 3018 Codicis
470 2992 548 3025 1551,
565 2991 621 3019 sol.
640 2991 671 3017 14
685 2995 718 3018 et
737 2991 777 3017 15.
791 2991 958 3023 Alterum,
975 2991 1007 3018 in
1024 2991 1185 3018 Historia
1202 2992 1317 3023 varia,
1331 2992 1398 3018 vol.
1415 2999 1435 3024 1,
1452 2992 1508 3019 sol.
1523 2991 1575 3018 230
1589 2996 1621 3019 et
1635 2992 1683 3018 231
1697 3000 1702 3024 ;
1718 2993 1781 3018 hoc

156 3044 214 3063 nos
231 3039 506 3069 transcribemus,
524 3038 602 3072 quia
617 3038 731 3072 aliqua
748 3038 896 3065 continet
912 3045 996 3072 quae
1013 3039 1044 3065 in
1060 3038 1167 3072 primo
1184 3039 1431 3066 desiderantur.
