1987 3260
932 187 1014 225 ΑΝ.
1046 188 1142 224 1552
1779 189 1851 226 079

221 292 375 326 rerent
410 285 704 337 pauperibus,
736 285 794 325 ad
821 291 999 325 tantam
1026 285 1230 336 inopiam
1257 284 1482 334 redactis;
1513 289 1556 324 et
1584 284 1741 324 inveni
1768 296 1847 325 eos

224 357 339 396 satis
359 362 614 407 promptos,
645 356 721 408 qui
747 367 860 396 sane
888 355 1139 395 liberaliter
1160 355 1219 395 ad
1246 366 1431 395 menses
1461 355 1633 406 aliquot
1655 355 1761 395 huic
1783 356 1845 395 in-

222 425 464 466 commodo
499 431 855 477 prospexerunt.
888 425 1004 466 Cum
1038 426 1084 465 in
1113 425 1316 477 quadam
1356 425 1582 465 concione
1616 437 1845 476 pauperes

220 495 640 546 commendassem,
665 508 718 536 ea
741 497 973 547 absoluta,
999 496 1058 536 ad
1078 495 1415 536 sublevandam
1436 507 1693 547 pauperum
1714 496 1845 536 mise—

219 568 338 607 riam
354 567 494 618 aliqui
506 579 726 618 pannum,
747 567 954 607 nonnulli
970 573 1139 614 vestes,
1158 566 1235 607 alii
1250 567 1405 617 telam,
1423 565 1612 618 quidam
1627 566 1842 612 farinam,

219 638 436 690 permulti
457 649 639 689 panem,
671 638 842 678 caeteri
864 649 1078 678 nummos
1105 644 1241 689 atque
1263 637 1309 677 id
1335 649 1483 688 genus
1511 638 1656 677 multa
1685 638 1842 677 attule-

221 715 340 748 runt.
365 708 558 760 Insuper
579 709 708 748 viros
728 708 955 760 quosdam
975 714 1019 748 et
1040 708 1276 758 mulieres,
1299 708 1476 748 nobiles
1494 707 1629 758 juxta
1652 720 1706 747 ac
1723 708 1841 759 pias,

220 780 494 829 rogavimus
515 786 563 819 ut
584 791 814 831 pauperes
834 785 878 819 et
898 778 1104 819 infirmos
1121 779 1370 830 aliquando
1391 779 1661 828 visitarent,
1682 790 1842 819 conso-

218 851 426 890 larentur
447 856 491 890 et
514 850 580 890 eis
600 850 923 900 subvenirent;
947 850 1069 901 quod
1089 849 1299 890 fecerunt
1316 856 1360 889 et
1377 850 1529 890 adhuc
1547 861 1652 889 cum
1669 860 1842 900 magna

220 921 448 961 charitate
469 927 513 961 et
530 921 847 961 consolatione
868 926 1173 972 exequuntur.
1197 921 1317 961 Hinc
1338 921 1536 961 materia
1556 920 1777 960 laudandi
1799 929 1841 960 et

220 991 524 1032 benedicendi
542 991 797 1032 Dominum
816 992 948 1031 nobis
964 992 1116 1042 datur,
1136 992 1213 1043 qui
1229 1003 1411 1043 semper
1432 1003 1516 1043 pro
1535 1002 1617 1030 sua
1635 991 1841 1031 bonitate

219 1062 434 1102 subvenit
455 1063 683 1110 omnibus,
704 1062 782 1113 qui
801 1069 991 1112 sperant
1011 1063 1057 1102 in
1079 1063 1194 1114 ipso.

298 1132 626 1183 Superioribus
659 1132 821 1172 diebus
855 1132 1164 1174 decreverunt
1197 1133 1633 1174 Reverendissimus
1661 1133 1840 1172 Vicele-

217 1209 377 1254 gatus,
418 1203 635 1255 Episcopi
669 1204 890 1245 Vicarius
923 1211 968 1244 et
1007 1205 1138 1245 multi
1177 1204 1254 1244 alii
1291 1205 1517 1256 primates
1556 1204 1841 1244 monasteria

218 1273 448 1324 quaedam
476 1274 744 1324 reformare,
767 1276 970 1327 mihique
997 1275 1118 1315 hanc
1145 1275 1440 1327 provinciam
1470 1275 1767 1326 delegarunt,
1793 1282 1841 1314 ut

217 1344 382 1384 horum
411 1345 608 1385 alterum
636 1346 948 1397 instituerem,
973 1353 1016 1387 et
1038 1347 1084 1386 in
1111 1348 1257 1386 altero
1287 1347 1616 1396 concionarer;
1640 1346 1686 1385 in
1718 1346 1842 1397 quod

216 1415 403 1465 quidem
424 1427 592 1455 munus
615 1417 854 1468 hucusque
875 1418 1062 1458 incubui
1083 1424 1127 1457 et
1148 1417 1321 1467 adhuc,
1345 1416 1448 1457 Deo
1470 1417 1687 1469 propitio,
1717 1417 1764 1456 in
1786 1428 1841 1456 eo

216 1497 486 1536 persevero,
510 1497 603 1526 non
625 1487 722 1526 sine
743 1499 916 1538 magna
939 1488 1259 1528 aedificatione
1281 1488 1618 1528 monacharum
1639 1494 1684 1527 et
1699 1487 1842 1528 totius

215 1556 437 1596 civitatis.
460 1557 511 1596 In
538 1557 639 1597 istis
666 1559 961 1598 monasteriis
989 1566 1033 1599 et
1060 1559 1106 1598 in
1133 1560 1304 1611 populo
1326 1559 1486 1599 videre
1517 1565 1586 1598 est
1616 1566 1841 1610 quantum

214 1627 345 1667 brevi
374 1634 582 1679 tempore
609 1629 888 1669 recesserint
916 1641 943 1669 a
964 1630 1172 1681 pristinis
1200 1630 1407 1670 moribus
1435 1636 1479 1669 et
1507 1629 1841 1669 consuetudine

213 1709 375 1748 prava.
406 1697 510 1738 Non
545 1710 783 1739 cessamus
811 1711 945 1739 orare
980 1699 1201 1740 Divinam
1231 1700 1577 1751 providentiam
1611 1705 1654 1740 et
1683 1707 1839 1751 poten-

214 1768 326 1808 tiam
346 1774 395 1808 ut
415 1769 614 1809 liberare
636 1770 894 1810 Ecclesiam
916 1782 1048 1811 suam
1065 1771 1280 1821 dignetur
1305 1783 1331 1810 a
1347 1771 1488 1811 tantis
1505 1771 1655 1821 maliS‚
1675 1771 1838 1822 quibu<

216 1851 335 1878 nunc
358 1840 641 1880 obvolvitur.

290 1909 508 1949 Nonnulli
530 1911 870 1962 adolescentes,
894 1913 971 1963 qui
994 1912 1091 1964 jam
1121 1913 1346 1953 exercitia
1374 1912 1602 1963 fecerant,
1639 1914 1838 1964 ingressi

213 1986 318 2020 sunt
339 1979 553 2021 diversas
573 1982 839 2033 religiones,
864 1983 986 2034 quod
1007 1984 1160 2023 minus
1181 1985 1277 2035 apti
1309 1984 1577 2024 viderentur
1599 1984 1658 2024 ad
1686 1982 1837 2024 Socie-

210 2051 318 2091 tatis
348 2058 537 2091 nostrae
563 2052 838 2093 institutum.
879 2054 1076 2105 Aliquae
1105 2066 1288 2106 quoque
1319 2055 1530 2105 virgines
1564 2055 1838 2094 monialium

212 2122 496 2162 monasteria
518 2122 758 2173 ingressae
775 2131 897 2175 sunt,
917 2137 1002 2165 nec
1025 2125 1190 2165 desunt
1212 2137 1329 2177 quae
1347 2125 1498 2165 adhuc
1520 2125 1643 2165 idem
1664 2125 1838 2165 deside-

211 2199 338 2243 rent,
362 2206 420 2232 ex
442 2205 531 2244 quo
553 2194 775 2245 colligere
798 2201 867 2235 est
890 2202 1090 2247 quantus
1112 2197 1170 2236 sit
1190 2196 1349 2236 fervor
1370 2197 1559 2237 virtutis
1580 2196 1628 2236 in
1644 2197 1747 2236 illis.

289 2262 509 2315 Superest
526 2271 574 2304 ut
595 2276 738 2305 unum
760 2265 997 2317 adjiciam,
1022 2267 1147 2318 quod
1168 2279 1259 2307 non
1282 2267 1526 2318 indignum
1547 2268 1696 2307 relatu
1714 2267 1837 2307 vide-

210 2340 297 2373 tur.
323 2334 479 2386 Nuper
506 2336 552 2375 in
573 2336 777 2386 quodam
804 2337 906 2376 loco
929 2344 1063 2377 extra
1091 2338 1332 2377 civitatem
1360 2338 1491 2377 multi
1518 2338 1719 2378 mendici
1744 2338 1836 2378 fue-

211 2412 318 2445 runt
350 2406 642 2456 congregati,
665 2406 741 2446 ubi
766 2413 810 2446 et
832 2407 984 2448 adhuc
1006 2415 1133 2458 sunt,
1159 2415 1203 2448 et
1232 2409 1401 2449 ibidem
1429 2409 1739 2460 eleemosynis
1765 2421 1834 2449 su-

209 2483 494 2525 stentantur;
533 2484 629 2516 tum
663 2476 851 2528 quidam
888 2490 946 2518 ex
975 2479 1156 2519 civibus
1188 2479 1424 2530 primariis
1458 2480 1517 2519 ad
1544 2480 1590 2519 id
1629 2479 1834 2531 deputati

212 2554 436 2586 venerunt
467 2548 525 2587 ad
554 2559 648 2597 me,
678 2548 848 2588 obnixe
875 2556 1099 2599 rogantes
1128 2556 1177 2590 ut
1198 2562 1429 2602 pauperes
1462 2551 1565 2590 illos
1592 2551 1762 2602 populo
1789 2551 1835 2590 in

208 2617 432 2657 concione
450 2618 850 2669 commendarem,
874 2620 999 2670 quod
1021 2632 1125 2660 cum
1141 2620 1378 2671 fecissem,
1403 2621 1541 2661 iidem
1562 2632 1743 2672 quoque
1762 2633 1835 2661 me

207 2688 514 2728 obsecrarunt
543 2696 592 2728 ut
619 2689 868 2740 aliquando
898 2690 956 2729 ad
987 2701 1066 2730 eos
1094 2691 1161 2730 ire
1188 2703 1280 2731 non
1316 2703 1562 2742 gravarer,
1599 2697 1643 2731 et
1672 2692 1729 2731 ad
1760 2692 1833 2742 pie

207 2758 550 2809 christianeque
585 2759 838 2799 vivendum
869 2760 1097 2801 hortarer.
1129 2761 1288 2813 Itaque
1315 2761 1476 2802 diebus
1510 2762 1643 2802 festis
1678 2774 1731 2802 eo
1766 2763 1832 2802 ire

206 2830 352 2881 soleo,
383 2836 426 2868 et
460 2829 526 2869 eis
559 2830 605 2869 in
632 2829 923 2870 hebdomada
957 2833 1097 2871 semel
1135 2840 1213 2872 aut
1242 2833 1430 2882 iterum,
1467 2833 1590 2884 quod
1622 2840 1691 2873 est
1719 2833 1832 2884 ipsis

205 2906 499 2951 pergratum‚
530 2901 797 2941 concionor.
821 2900 989 2942 Paucis
1011 2902 1178 2942 abhinc
1207 2902 1367 2943 diebus
1388 2902 1441 2942 R.
1465 2902 1513 2943 P.
1547 2903 1765 2944 Andreas
1787 2911 1829 2944 et

206 2982 296 3021 ego
320 2971 558 3022 coepimus
580 2971 739 3012 audire
766 2984 930 3021 eorum
952 2973 1284 3022 confessiones,
1309 2981 1351 3014 et
1382 2975 1647 3014 venerabile
1676 2987 1827 3015 sacra-
