1987 3260
972 224 1054 260 AN.
1087 225 1177 261 1547
1817 225 1867 262 29

239 321 378 368 illam,
405 326 655 371 antequam
676 320 856 360 litterae
878 318 976 359 Pat.
1001 318 1060 358 V.
1085 319 1161 358 diu
1182 325 1481 370 exspectatae
1503 319 1561 359 ad
1587 331 1672 359 nos
1701 332 1860 371 perve-

238 391 428 440 nissent,
453 391 626 430 factam
646 390 802 430 fuisse.
827 390 883 430 Et
904 401 1010 435 non,
1035 396 1084 429 ut
1105 389 1296 441 opinor,
1330 389 1428 429 sine
1455 400 1628 440 magna
1655 390 1851 430 fratrum

237 461 433 501 utilitate
454 467 498 501 et
526 462 727 512 proximi
749 461 1091 511 aedificatione,
1128 467 1171 501 et
1192 460 1335 501 totius
1357 460 1604 500 Societatis
1626 461 1857 501 conforta<

235 532 373 571 tione.
399 531 533 582 Quod
555 539 708 572 autem
729 543 1004 583 responsum
1026 532 1123 571 Pat.
1148 531 1206 571 V.
1231 543 1325 571 non
1346 531 1744 583 exspectaverint,
1770 532 1856 571 hoc

236 603 300 642 rei
321 602 495 643 factum
517 609 585 642 est
608 603 867 653 exigentia,
899 608 947 643 ut
975 614 1033 642 ex
1060 602 1377 654 superioribus
1404 602 1569 642 litteris
1599 613 1624 641 a
1653 613 1725 641 me
1752 603 1862 642 scri—

236 674 326 723 ptis
346 674 479 724 plene
501 673 558 713 V.
584 674 636 713 R.
661 674 824 725 opinor
848 674 1146 714 intellexisse.
1171 673 1270 713 Hoc
1297 679 1452 712 tamen
1480 672 1665 712 interim
1686 683 1861 723 negare

236 743 593 795 haudquaquam
614 756 818 795 possum,
849 744 886 784 si
915 744 1023 795 quid
1056 745 1097 783 in
1128 744 1216 783 hac
1245 743 1591 783 cohabitatione
1617 749 1863 794 peccatum

234 821 318 859 cst,
343 815 429 854 hoc
452 815 576 862 mihi,
601 827 693 855 non
715 815 862 864 alteri,
887 826 988 855 esse
1012 814 1357 865 imputandum,
1390 820 1527 864 atque
1555 813 1696 853 etiam
1727 825 1861 853 omne

233 892 477 936 peccatum
498 886 544 925 in
565 898 638 925 me
658 897 800 926 unum
820 886 1015 925 libenter
1037 885 1225 936 recipiO,
1246 884 1503 926 humillime
1522 884 1649 924 Patri
1668 895 1740 923 me
1759 884 1861 923 sub—

235 957 420 996 mittens
437 956 796 996 clementissimo
814 956 1156 1007 corrigendum.
1177 955 1400 995 Attamen
1417 955 1455 994 si
1473 966 1616 994 causa
1634 961 1678 994 et
1695 955 1863 995 modus

237 1026 371 1078 liujus
394 1027 766 1077 cohabitationis,
791 1027 918 1067 Patri
937 1034 1097 1066 nostro
1119 1026 1279 1077 gregis
1300 1027 1372 1067 sui
1394 1026 1771 1076 vigilantissimo,
1797 1026 1860 1065 in—

235 1098 388 1138 dicata
410 1097 575 1147 forent,
599 1109 691 1137 non
712 1098 869 1137 dubito
891 1098 1001 1148 quin
1019 1097 1194 1137 factum
1212 1098 1489 1149 probaretur
1506 1097 1723 1136 maxime.
1743 1096 1864 1136 Nam

235 1170 326 1215 illo,
351 1180 441 1219 quo
463 1173 621 1217 antea,
646 1179 834 1208 manere
854 1168 1007 1215 modo,
1028 1169 1114 1208 hoc
1131 1169 1229 1209 fieri
1246 1181 1339 1208 non
1354 1168 1519 1219 potuit,
1544 1174 1641 1208 tum
1658 1167 1755 1207 sine
1772 1167 1861 1207 fra-

236 1248 358 1279 trum
379 1239 670 1287 detrimento,
694 1245 792 1278 tum
813 1240 953 1279 totius
975 1240 1222 1279 Societatis
1243 1239 1489 1290 vituperio.
1513 1238 1692 1278 Deinde
1721 1238 1857 1277 etiam

235 1321 326 1348 non
346 1309 435 1348 nisi
455 1320 635 1349 summa
664 1309 942 1350 discretione
970 1317 1014 1350 et
1042 1310 1337 1361 providentia
1367 1310 1488 1349 hanc
1516 1320 1615 1349 rem
1646 1315 1753 1349 sunt
1783 1319 1863 1359 ag-

233 1380 397 1431 gressi.
434 1380 590 1419 Primo
626 1380 747 1420 enim
782 1381 1072 1431 singulorum
1103 1381 1408 1431 conditiones,
1442 1392 1609 1430 moreS,
1644 1388 1688 1419 et
1718 1380 1865 1419 Vitam

232 1451 634 1490 examinaverunt.
659 1451 838 1491 Deinde
859 1451 968 1503 quid
989 1451 1236 1492 Societatis
1258 1458 1301 1491 et
1323 1450 1431 1503 quid
1454 1463 1547 1491 non
1569 1457 1693 1490 esset
1714 1451 1863 1490 eonsi-

238 1521 453 1561 derantes
475 1527 519 1561 et
540 1522 760 1561 attentius
781 1523 1120 1572 examinantes,
1143 1523 1330 1573 regulas
1361 1521 1587 1573 quasdam
1614 1521 1864 1561 constitue-

236 1598 364 1641 runt,
401 1591 567 1643 quibus
601 1592 807 1632 defectus
836 1593 1098 1643 aliquorum
1129 1593 1496 1643 corrigerentur,
1526 1592 1725 1631 aliorum
1750 1602 1864 1631 vero

235 1662 639 1713 praevenirentur:
657 1675 772 1714 quas
790 1662 977 1715 quidem
993 1664 1181 1714 regulas
1198 1663 1519 1714 praesentibus
1536 1663 1706 1702 litteris
1723 1662 1864 1702 inclu-

237 1733 396 1783 simus,
421 1740 470 1773 ut
491 1733 697 1773 animum
717 1734 916 1774 fratrum
937 1734 1017 1774 Ra
1036 1734 1119 1774 V.a
1141 1739 1384 1784 agnoscat,
1408 1740 1453 1773 et
1476 1733 1584 1784 quid
1605 1733 1652 1772 in
1672 1733 1744 1772 his
1766 1744 1863 1772 cor—

236 1804 340 1855 rigi,
365 1810 408 1843 et
424 1810 669 1855 praeterea
687 1805 930 1845 observari
947 1805 1057 1845 velit
1076 1805 1289 1844 insinuet.
1309 1804 1440 1856 Ipsos
1456 1804 1579 1843 enim
1596 1804 1655 1843 ad
1673 1804 1869 1854 quaevis

236 1874 473 1914 subeunda
503 1875 706 1915 inveniet
734 1875 1071 1926 paratissimos.
1102 1875 1201 1925 Ego
1231 1881 1385 1915 autem
1413 1875 1579 1914 videns
1610 1886 1709 1914 rem
1736 1880 1866 1913 tanto

236 1945 556 1985 moderamine
578 1946 845 1997 procedere,
870 1958 963 1985 non
979 1957 1170 1997 possum
1188 1958 1280 1985 non
1298 1946 1352 1985 de
1370 1945 1524 1985 fructu
1541 1945 1739 1984 fratrum
1754 1956 1866 1995 gau-

234 2015 357 2066 dere,
376 2015 577 2056 Domino
599 2003 776 2056 scilicet
796 2016 1068 2056 mirabiliter
1086 2017 1133 2056 in
1154 2017 1220 2056 eis
1242 2022 1478 2067 operante,
1503 2022 1547 2055 et
1569 2016 1615 2055 in
1635 2015 1705 2055 his
1726 2015 1865 2066 parti·

234 2087 319 2127 bus
340 2086 621 2127 Societatem
642 2094 850 2127 nostram
874 2088 1146 2127 mirabiliter
1169 2087 1476 2127 confortante.
1503 2086 1636 2137 Quod
1665 2098 1770 2126 cum
1801 2086 1863 2125 ita

235 2158 310 2206 sit,
335 2164 378 2198 et
400 2158 466 2197 rei
488 2158 766 2208 necessitas,
798 2170 916 2209 quae
947 2170 1039 2198 non
1066 2159 1154 2198 nisi
1184 2158 1338 2208 gratia
1367 2157 1454 2197 Dei
1483 2157 1567 2197 fuit
1595 2157 1861 2207 singularis,

236 2229 513 2268 concludere
534 2229 656 2268 istud
679 2230 970 2280 compulerit,
996 2228 1176 2269 confido
1201 2229 1388 2268 omnino
1406 2227 1543 2267 Pat.m
1565 2228 1662 2267 V.m
1684 2228 1731 2267 in
1751 2227 1863 2277 opti-

237 2311 361 2339 mam
382 2306 562 2351 partem
583 2300 719 2350 istud,
745 2300 962 2351 quicquid
985 2306 1068 2351 est,
1094 2306 1416 2351 accepturum:
1449 2305 1586 2350 atque
1616 2298 1864 2350 pecuniam

237 2381 450 2420 omnem,
482 2382 620 2421 quam
647 2382 705 2410 ex
732 2382 834 2411 meo
863 2371 1018 2422 recepi
1046 2378 1090 2411 et
1117 2377 1392 2422 recepturus
1429 2382 1530 2409 sum
1564 2369 1860 2421 patrimonio,

237 2442 325 2481 illis
348 2441 643 2480 donaturum.

315 2512 510 2560 Deinde,
535 2518 584 2552 ut
611 2511 784 2564 aliquid
810 2513 961 2553 adhuc
991 2513 1045 2553 de
1068 2513 1290 2553 fratribus
1318 2513 1392 2552 hic
1421 2511 1726 2552 existentibus
1755 2511 1864 2549 scri-

234 2583 358 2633 bam,
383 2583 501 2622 sciat
532 2583 670 2623 Rev.a
698 2582 776 2622 V.³
807 2584 961 2623 omnia
990 2584 1063 2623 hic
1093 2584 1245 2624 adhuc
1275 2583 1671 2623 ordinatissimum
1692 2581 1863 2620 habere

234 2664 551 2704 progressum,
576 2654 854 2705 praesertim
875 2666 980 2694 cum
1000 2666 1138 2694 nemo
1155 2655 1213 2695 sit
1235 2655 1315 2706 qui
1331 2666 1415 2694 suo
1433 2652 1635 2693 confidat
1658 2651 1859 2702 ingenio,

233 2724 313 2764 sed
347 2725 539 2775 quisque
576 2724 773 2764 fratrum
801 2725 994 2764 consilio
1024 2726 1143 2776 agit,
1174 2726 1213 2765 si
1240 2725 1349 2777 quid
1377 2730 1502 2775 agat.
1532 2724 1589 2763 Et
1623 2729 1671 2762 ut
1699 2722 1860 2773 paucis

234 2795 525 2835 conditiones
543 2795 747 2834 omnium
766 2795 839 2834 hic
857 2796 1245 2836 commorantium
1258 2796 1532 2847 exprimam,
1548 2794 1671 2833 scias
1685 2804 1858 2838 omnes,

235 2872 460 2917 quotquot
483 2866 528 2905 in
549 2865 620 2905 his
641 2866 850 2916 partibus
872 2872 982 2906 vota
1004 2865 1253 2906 Societatis
1274 2867 1459 2916 habent,
1484 2876 1585 2904 esse
1601 2864 1744 2913 viros,
1765 2870 1860 2902 tum

235 2937 333 2976 vita
351 2942 448 2976 tum
470 2936 681 2976 doctrina
703 2938 993 2987 praeclaros,
1013 2949 1098 2976 nec
1115 2939 1362 2988 quisquam
1380 2935 1639 2976 admittitur
1657 2934 1745 2973 nisi
1762 2945 1858 2983 spe-

234 3007 413 3047 cialiter
436 3007 495 3046 ad
524 3013 733 3046 nostram
761 3006 1042 3047 Societatem
1071 3020 1096 3047 a
1126 3008 1325 3048 Domino
1355 3013 1551 3047 vocatus
1579 3005 1855 3043 inveniatur.
