<?xml version="1.0" encoding="UTF-8"?>
<!DOCTYPE html PUBLIC "-//W3C//DTD XHTML 1.0 Transitional//EN"
    "http://www.w3.org/TR/xhtml1/DTD/xhtml1-transitional.dtd">
<html xmlns="http://www.w3.org/1999/xhtml" xml:lang="en" lang="en">
 <head>
  <title>
</title>
<meta http-equiv="Content-Type" content="text/html;charset=utf-8" />
  <meta name='ocr-system' content='tesseract 3.04.00' />
  <meta name='ocr-capabilities' content='ocr_page ocr_carea ocr_par ocr_line ocrx_word'/>
</head>
<body>
  <div class='ocr_page' id='page_1' title='image "./litteraequadrime1301lain_0580.png"; bbox 0 0 1987 3260; ppageno 0'>
   <div class='ocr_carea' id='block_1_1' title="bbox 184 152 1325 194">
    <p class='ocr_par' dir='ltr' id='par_1_1' title="bbox 184 152 1325 194">
     <span class='ocr_line' id='line_1_1' title="bbox 184 152 1325 194; baseline -0.003 -3"><span class='ocrx_word' id='word_1_1' title='bbox 184 155 257 192; x_wconf 78' lang='lat'>574</span> <span class='ocrx_word' id='word_1_2' title='bbox 718 152 942 189; x_wconf 73' lang='lat' dir='ltr'>LITTERAE</span> <span class='ocrx_word' id='word_1_3' title='bbox 971 162 1325 194; x_wconf 71' lang='lat' dir='ltr'>QUADmMEsrREs</span> 
     </span>
    </p>
   </div>
   <div class='ocr_carea' id='block_1_2' title="bbox 189 249 1836 2697">
    <p class='ocr_par' dir='ltr' id='par_1_2' title="bbox 189 249 1812 584">
     <span class='ocr_line' id='line_1_2' title="bbox 189 249 1808 302; baseline -0.001 -11"><span class='ocrx_word' id='word_1_4' title='bbox 189 251 484 292; x_wconf 89' lang='lat' dir='ltr'>confessione</span> <span class='ocrx_word' id='word_1_5' title='bbox 504 255 804 302; x_wconf 91' lang='lat' dir='ltr'>peccatorum</span> <span class='ocrx_word' id='word_1_6' title='bbox 820 249 960 299; x_wconf 86' lang='lat' dir='ltr'>facta,</span> <span class='ocrx_word' id='word_1_7' title='bbox 982 255 1271 289; x_wconf 87' lang='lat' dir='ltr'>revertentes</span> <span class='ocrx_word' id='word_1_8' title='bbox 1288 249 1583 299; x_wconf 88' lang='lat' dir='ltr'>postmodum</span> <span class='ocrx_word' id='word_1_9' title='bbox 1601 256 1808 300; x_wconf 82' lang='lat' dir='ltr'>peterent</span> 
     </span>
     <span class='ocr_line' id='line_1_3' title="bbox 189 319 1809 371; baseline -0.001 -9"><span class='ocrx_word' id='word_1_10' title='bbox 189 335 218 362; x_wconf 85' lang='lat' dir='ltr'>a</span> <span class='ocrx_word' id='word_1_11' title='bbox 238 322 373 362; x_wconf 92' lang='lat' dir='ltr'>nobis</span> <span class='ocrx_word' id='word_1_12' title='bbox 394 332 579 361; x_wconf 88' lang='lat' dir='ltr'>sacram</span> <span class='ocrx_word' id='word_1_13' title='bbox 601 319 994 370; x_wconf 84' lang='lat' dir='ltr'>communionem,</span> <span class='ocrx_word' id='word_1_14' title='bbox 1018 325 1062 359; x_wconf 92' lang='lat' dir='ltr'>et</span> <span class='ocrx_word' id='word_1_15' title='bbox 1090 331 1193 359; x_wconf 87' lang='lat' dir='ltr'>eam</span> <span class='ocrx_word' id='word_1_16' title='bbox 1219 331 1246 359; x_wconf 87' lang='lat' dir='ltr'>a</span> <span class='ocrx_word' id='word_1_17' title='bbox 1266 319 1400 359; x_wconf 91' lang='lat' dir='ltr'>nobis</span> <span class='ocrx_word' id='word_1_18' title='bbox 1426 320 1484 359; x_wconf 91' lang='lat' dir='ltr'>ob</span> <span class='ocrx_word' id='word_1_19' title='bbox 1511 320 1809 371; x_wconf 89' lang='lat' dir='ltr'>privilegium</span> 
     </span>
     <span class='ocr_line' id='line_1_4' title="bbox 189 389 1808 440; baseline -0.001 -8"><span class='ocrx_word' id='word_1_20' title='bbox 189 398 461 432; x_wconf 89' lang='lat' dir='ltr'>curatorum</span> <span class='ocrx_word' id='word_1_21' title='bbox 484 390 494 410; x_wconf 84' lang='lat'>¹</span> <span class='ocrx_word' id='word_1_22' title='bbox 523 391 609 430; x_wconf 90' lang='lat' dir='ltr'>sibi</span> <span class='ocrx_word' id='word_1_23' title='bbox 640 390 919 440; x_wconf 78' lang='lat' dir='ltr'>denegatam</span> <span class='ocrx_word' id='word_1_24' title='bbox 949 390 1188 429; x_wconf 89' lang='lat' dir='ltr'>molestius</span> <span class='ocrx_word' id='word_1_25' title='bbox 1221 389 1414 438; x_wconf 89' lang='lat' dir='ltr'>ferrent,</span> <span class='ocrx_word' id='word_1_26' title='bbox 1452 390 1582 440; x_wconf 89' lang='lat' dir='ltr'>petiit</span> <span class='ocrx_word' id='word_1_27' title='bbox 1602 390 1651 430; x_wconf 90' lang='grc' dir='ltr'>Ρ.</span> <span class='ocrx_word' id='word_1_28' title='bbox 1678 390 1808 430; x_wconf 90' lang='lat' dir='ltr'>Clau-</span> 
     </span>
     <span class='ocr_line' id='line_1_5' title="bbox 189 459 1812 510; baseline -0.002 -7"><span class='ocrx_word' id='word_1_29' title='bbox 189 463 293 503; x_wconf 89' lang='lat' dir='ltr'>dius</span> <span class='ocrx_word' id='word_1_30' title='bbox 324 474 350 502; x_wconf 93' lang='lat' dir='ltr'>a</span> <span class='ocrx_word' id='word_1_31' title='bbox 382 462 493 502; x_wconf 76' lang='lat' dir='ltr'>R.11²0</span> <span class='ocrx_word' id='word_1_32' title='bbox 510 460 767 500; x_wconf 79' lang='lat' dir='ltr'>Viennensi</span> <span class='ocrx_word' id='word_1_33' title='bbox 802 459 1038 499; x_wconf 80' lang='lat' dir='ltr'>licentiam</span> <span class='ocrx_word' id='word_1_34' title='bbox 1073 460 1468 510; x_wconf 75' lang='lat' dir='ltr'>communicandi,</span> <span class='ocrx_word' id='word_1_35' title='bbox 1506 471 1645 510; x_wconf 91' lang='lat' dir='ltr'>quam</span> <span class='ocrx_word' id='word_1_36' title='bbox 1679 461 1812 500; x_wconf 87' lang='lat' dir='ltr'>nobis</span> 
     </span>
     <span class='ocr_line' id='line_1_6' title="bbox 190 529 1582 584; baseline -0.002 -12"><span class='ocrx_word' id='word_1_37' title='bbox 190 532 345 584; x_wconf 86' lang='lat' dir='ltr'>quoad</span> <span class='ocrx_word' id='word_1_38' title='bbox 368 537 553 571; x_wconf 81' lang='lat' dir='ltr'>exteros</span> <span class='ocrx_word' id='word_1_39' title='bbox 575 536 619 570; x_wconf 86' lang='lat' dir='ltr'>et</span> <span class='ocrx_word' id='word_1_40' title='bbox 640 530 917 581; x_wconf 82' lang='lat' dir='ltr'>peregrinae</span> <span class='ocrx_word' id='word_1_41' title='bbox 937 530 1125 580; x_wconf 86' lang='lat' dir='ltr'>linguae</span> <span class='ocrx_word' id='word_1_42' title='bbox 1145 529 1355 570; x_wconf 89' lang='lat' dir='ltr'>homines</span> <span class='ocrx_word' id='word_1_43' title='bbox 1378 530 1582 570; x_wconf 80' lang='lat' dir='ltr'>indulsit.</span> 
     </span>
    </p>

    <p class='ocr_par' dir='ltr' id='par_1_3' title="bbox 192 600 1818 1145">
     <span class='ocr_line' id='line_1_7' title="bbox 271 600 1813 651; baseline -0.001 -10"><span class='ocrx_word' id='word_1_44' title='bbox 271 602 354 642; x_wconf 92' lang='lat' dir='ltr'>His</span> <span class='ocrx_word' id='word_1_45' title='bbox 382 612 719 641; x_wconf 84' lang='lat' dir='ltr'>connumerare</span> <span class='ocrx_word' id='word_1_46' title='bbox 754 600 861 640; x_wconf 91' lang='lat' dir='ltr'>licet</span> <span class='ocrx_word' id='word_1_47' title='bbox 889 600 1063 651; x_wconf 85' lang='lat' dir='ltr'>aliquot</span> <span class='ocrx_word' id='word_1_48' title='bbox 1091 600 1309 640; x_wconf 88' lang='lat' dir='ltr'>italorum</span> <span class='ocrx_word' id='word_1_49' title='bbox 1338 612 1431 640; x_wconf 93' lang='lat' dir='ltr'>non</span> <span class='ocrx_word' id='word_1_50' title='bbox 1463 600 1647 640; x_wconf 89' lang='lat' dir='ltr'>infimae</span> <span class='ocrx_word' id='word_1_51' title='bbox 1675 606 1813 640; x_wconf 90' lang='lat' dir='ltr'>notae</span> 
     </span>
     <span class='ocr_line' id='line_1_8' title="bbox 192 670 1816 722; baseline -0.002 -9"><span class='ocrx_word' id='word_1_52' title='bbox 192 673 407 722; x_wconf 77' lang='lat' dir='ltr'>familiaS,</span> <span class='ocrx_word' id='word_1_53' title='bbox 430 671 566 722; x_wconf 76' lang='lat' dir='ltr'>huJus</span> <span class='ocrx_word' id='word_1_54' title='bbox 588 671 793 711; x_wconf 89' lang='lat' dir='ltr'>civitatis</span> <span class='ocrx_word' id='word_1_55' title='bbox 813 671 1091 722; x_wconf 79' lang='lat' dir='ltr'>municipes,</span> <span class='ocrx_word' id='word_1_56' title='bbox 1116 670 1508 722; x_wconf 84' lang='lat' dir='ltr'>quemadmodum</span> <span class='ocrx_word' id='word_1_57' title='bbox 1528 676 1571 711; x_wconf 89' lang='lat' dir='ltr'>et</span> <span class='ocrx_word' id='word_1_58' title='bbox 1603 671 1816 711; x_wconf 88' lang='lat' dir='ltr'>alumnos</span> 
     </span>
     <span class='ocr_line' id='line_1_9' title="bbox 193 741 1813 793; baseline -0.001 -10"><span class='ocrx_word' id='word_1_59' title='bbox 193 744 391 783; x_wconf 93' lang='lat' dir='ltr'>duorum</span> <span class='ocrx_word' id='word_1_60' title='bbox 411 742 729 792; x_wconf 90' lang='lat' dir='ltr'>collegiorum,</span> <span class='ocrx_word' id='word_1_61' title='bbox 753 741 1126 792; x_wconf 85' lang='lat' dir='ltr'>provincialium,</span> <span class='ocrx_word' id='word_1_62' title='bbox 1156 741 1359 793; x_wconf 90' lang='lat' dir='ltr'>inquam,</span> <span class='ocrx_word' id='word_1_63' title='bbox 1385 747 1522 792; x_wconf 89' lang='lat' dir='ltr'>atque</span> <span class='ocrx_word' id='word_1_64' title='bbox 1542 753 1813 793; x_wconf 89' lang='lat' dir='ltr'>pauperum,</span> 
     </span>
     <span class='ocr_line' id='line_1_10' title="bbox 192 811 1814 865; baseline -0.001 -11"><span class='ocrx_word' id='word_1_65' title='bbox 192 814 272 865; x_wconf 87' lang='lat' dir='ltr'>qui</span> <span class='ocrx_word' id='word_1_66' title='bbox 292 825 318 853; x_wconf 84' lang='lat' dir='ltr'>a</span> <span class='ocrx_word' id='word_1_67' title='bbox 340 812 472 853; x_wconf 91' lang='lat' dir='ltr'>nobis</span> <span class='ocrx_word' id='word_1_68' title='bbox 499 823 681 863; x_wconf 91' lang='lat' dir='ltr'>quoque</span> <span class='ocrx_word' id='word_1_69' title='bbox 709 811 834 851; x_wconf 86' lang='lat' dir='ltr'>dicta</span> <span class='ocrx_word' id='word_1_70' title='bbox 865 817 1161 852; x_wconf 89' lang='lat' dir='ltr'>sacramenta</span> <span class='ocrx_word' id='word_1_71' title='bbox 1192 823 1453 864; x_wconf 89' lang='lat' dir='ltr'>suscepere.</span> <span class='ocrx_word' id='word_1_72' title='bbox 1477 811 1635 852; x_wconf 86' lang='lat' dir='ltr'>Rmus.</span> <span class='ocrx_word' id='word_1_73' title='bbox 1660 812 1814 852; x_wconf 90' lang='lat' dir='ltr'>Domi-</span> 
     </span>
     <span class='ocr_line' id='line_1_11' title="bbox 194 881 1818 934; baseline -0.001 -10"><span class='ocrx_word' id='word_1_74' title='bbox 194 896 282 924; x_wconf 87' lang='lat' dir='ltr'>nus</span> <span class='ocrx_word' id='word_1_75' title='bbox 303 883 357 923; x_wconf 89' lang='lat' dir='ltr'>de</span> <span class='ocrx_word' id='word_1_76' title='bbox 386 883 695 933; x_wconf 85' lang='lat' dir='ltr'>Martinengo,</span> <span class='ocrx_word' id='word_1_77' title='bbox 725 881 933 922; x_wconf 89' lang='lat' dir='ltr'>Nuncius</span> <span class='ocrx_word' id='word_1_78' title='bbox 962 883 1261 934; x_wconf 89' lang='lat' dir='ltr'>apostolicus,</span> <span class='ocrx_word' id='word_1_79' title='bbox 1285 889 1329 923; x_wconf 89' lang='lat' dir='ltr'>et</span> <span class='ocrx_word' id='word_1_80' title='bbox 1362 883 1557 923; x_wconf 90' lang='lat' dir='ltr'>Illustris</span> <span class='ocrx_word' id='word_1_81' title='bbox 1578 882 1743 923; x_wconf 92' lang='lat' dir='ltr'>Comes</span> <span class='ocrx_word' id='word_1_82' title='bbox 1763 882 1818 922; x_wconf 90' lang='lat' dir='ltr'>de</span> 
     </span>
     <span class='ocr_line' id='line_1_12' title="bbox 197 952 1815 1004; baseline -0.001 -10"><span class='ocrx_word' id='word_1_83' title='bbox 197 955 415 1004; x_wconf 71' lang='lat' dir='ltr'>&#39;fornout,</span> <span class='ocrx_word' id='word_1_84' title='bbox 439 953 627 993; x_wconf 90' lang='lat' dir='ltr'>natione</span> <span class='ocrx_word' id='word_1_85' title='bbox 644 952 878 1003; x_wconf 88' lang='lat' dir='ltr'>Polonius,</span> <span class='ocrx_word' id='word_1_86' title='bbox 903 965 995 993; x_wconf 88' lang='lat' dir='ltr'>una</span> <span class='ocrx_word' id='word_1_87' title='bbox 1013 965 1118 993; x_wconf 86' lang='lat' dir='ltr'>curn</span> <span class='ocrx_word' id='word_1_88' title='bbox 1138 954 1369 1004; x_wconf 90' lang='lat' dir='ltr'>plerisque</span> <span class='ocrx_word' id='word_1_89' title='bbox 1388 953 1618 993; x_wconf 87' lang='lat' dir='ltr'>nobilibus</span> <span class='ocrx_word' id='word_1_90' title='bbox 1639 953 1815 1003; x_wconf 83' lang='lat' dir='ltr'>aulicis,</span> 
     </span>
     <span class='ocr_line' id='line_1_13' title="bbox 194 1023 1818 1075; baseline -0.001 -10"><span class='ocrx_word' id='word_1_91' title='bbox 194 1025 322 1065; x_wconf 85' lang='lat' dir='ltr'>Patri</span> <span class='ocrx_word' id='word_1_92' title='bbox 339 1024 532 1065; x_wconf 88' lang='lat' dir='ltr'>Claudio</span> <span class='ocrx_word' id='word_1_93' title='bbox 553 1025 705 1075; x_wconf 82' lang='lat' dir='ltr'>(quem</span> <span class='ocrx_word' id='word_1_94' title='bbox 727 1023 801 1063; x_wconf 92' lang='lat' dir='ltr'>ille</span> <span class='ocrx_word' id='word_1_95' title='bbox 817 1023 831 1041; x_wconf 66' lang='lat'>‘²</span> <span class='ocrx_word' id='word_1_96' title='bbox 852 1024 991 1063; x_wconf 91' lang='lat' dir='ltr'>etiam</span> <span class='ocrx_word' id='word_1_97' title='bbox 1013 1024 1192 1074; x_wconf 89' lang='lat' dir='ltr'>pridem</span> <span class='ocrx_word' id='word_1_98' title='bbox 1214 1024 1260 1063; x_wconf 89' lang='lat' dir='ltr'>in</span> <span class='ocrx_word' id='word_1_99' title='bbox 1283 1024 1619 1064; x_wconf 87' lang='lat' dir='ltr'>confessarium</span> <span class='ocrx_word' id='word_1_100' title='bbox 1640 1024 1818 1064; x_wconf 88' lang='lat' dir='ltr'>ordina—</span> 
     </span>
     <span class='ocr_line' id='line_1_14' title="bbox 195 1093 1658 1145; baseline -0.001 -10"><span class='ocrx_word' id='word_1_101' title='bbox 195 1096 315 1135; x_wconf 90' lang='lat' dir='ltr'>rium</span> <span class='ocrx_word' id='word_1_102' title='bbox 339 1095 425 1134; x_wconf 90' lang='lat' dir='ltr'>sibi</span> <span class='ocrx_word' id='word_1_103' title='bbox 446 1093 631 1144; x_wconf 89' lang='lat' dir='ltr'>delegit)</span> <span class='ocrx_word' id='word_1_104' title='bbox 660 1094 911 1145; x_wconf 89' lang='lat' dir='ltr'>praeterita</span> <span class='ocrx_word' id='word_1_105' title='bbox 933 1094 1295 1145; x_wconf 86' lang='lat' dir='ltr'>quadragesima</span> <span class='ocrx_word' id='word_1_106' title='bbox 1316 1093 1517 1134; x_wconf 88' lang='lat' dir='ltr'>confessi</span> <span class='ocrx_word' id='word_1_107' title='bbox 1538 1100 1658 1135; x_wconf 90' lang='lat' dir='ltr'>sunt.</span> 
     </span>
    </p>

    <p class='ocr_par' dir='ltr' id='par_1_4' title="bbox 197 1164 1825 1499">
     <span class='ocr_line' id='line_1_15' title="bbox 277 1164 1819 1216; baseline -0.001 -11"><span class='ocrx_word' id='word_1_108' title='bbox 277 1166 347 1205; x_wconf 83' lang='lat' dir='ltr'>Ex</span> <span class='ocrx_word' id='word_1_109' title='bbox 373 1165 444 1204; x_wconf 90' lang='lat' dir='ltr'>his</span> <span class='ocrx_word' id='word_1_110' title='bbox 466 1176 648 1216; x_wconf 89' lang='lat' dir='ltr'>quoque</span> <span class='ocrx_word' id='word_1_111' title='bbox 673 1165 902 1212; x_wconf 89' lang='lat' dir='ltr'>nonnulli,</span> <span class='ocrx_word' id='word_1_112' title='bbox 927 1170 1059 1204; x_wconf 81' lang='lat' dir='ltr'>extra</span> <span class='ocrx_word' id='word_1_113' title='bbox 1082 1164 1126 1204; x_wconf 90' lang='lat' dir='ltr'>id</span> <span class='ocrx_word' id='word_1_114' title='bbox 1149 1170 1349 1216; x_wconf 86' lang='lat' dir='ltr'>tempus,</span> <span class='ocrx_word' id='word_1_115' title='bbox 1372 1165 1520 1205; x_wconf 91' lang='lat' dir='ltr'>eidem</span> <span class='ocrx_word' id='word_1_116' title='bbox 1540 1164 1668 1204; x_wconf 88' lang='lat' dir='ltr'>Patri</span> <span class='ocrx_word' id='word_1_117' title='bbox 1688 1165 1734 1204; x_wconf 90' lang='lat' dir='ltr'>in</span> <span class='ocrx_word' id='word_1_118' title='bbox 1756 1176 1819 1204; x_wconf 89' lang='lat' dir='ltr'>se-</span> 
     </span>
     <span class='ocr_line' id='line_1_16' title="bbox 197 1235 1822 1287; baseline -0.001 -11"><span class='ocrx_word' id='word_1_119' title='bbox 197 1242 325 1276; x_wconf 86' lang='lat' dir='ltr'>creta</span> <span class='ocrx_word' id='word_1_120' title='bbox 347 1236 638 1276; x_wconf 87' lang='lat' dir='ltr'>consessione</span> <span class='ocrx_word' id='word_1_121' title='bbox 663 1247 838 1275; x_wconf 89' lang='lat' dir='ltr'>arcana</span> <span class='ocrx_word' id='word_1_122' title='bbox 860 1247 1050 1275; x_wconf 88' lang='lat' dir='ltr'>suarum</span> <span class='ocrx_word' id='word_1_123' title='bbox 1071 1236 1462 1275; x_wconf 88' lang='lat' dir='ltr'>conscientiarum</span> <span class='ocrx_word' id='word_1_124' title='bbox 1491 1236 1719 1287; x_wconf 88' lang='lat' dir='ltr'>aperiunt.</span> <span class='ocrx_word' id='word_1_125' title='bbox 1752 1235 1822 1275; x_wconf 92' lang='lat' dir='ltr'>De</span> 
     </span>
     <span class='ocr_line' id='line_1_17' title="bbox 199 1306 1821 1357; baseline -0.001 -11"><span class='ocrx_word' id='word_1_126' title='bbox 199 1307 405 1346; x_wconf 86' lang='lat' dir='ltr'>consiliis</span> <span class='ocrx_word' id='word_1_127' title='bbox 427 1313 603 1357; x_wconf 91' lang='lat' dir='ltr'>autem,</span> <span class='ocrx_word' id='word_1_128' title='bbox 633 1306 799 1357; x_wconf 89' lang='lat' dir='ltr'>quibus</span> <span class='ocrx_word' id='word_1_129' title='bbox 825 1306 948 1345; x_wconf 91' lang='lat' dir='ltr'>idem</span> <span class='ocrx_word' id='word_1_130' title='bbox 976 1306 1129 1356; x_wconf 87' lang='lat' dir='ltr'>Pater,</span> <span class='ocrx_word' id='word_1_131' title='bbox 1154 1318 1179 1345; x_wconf 87' lang='lat' dir='ltr'>a</span> <span class='ocrx_word' id='word_1_132' title='bbox 1201 1306 1385 1357; x_wconf 90' lang='lat' dir='ltr'>magnis</span> <span class='ocrx_word' id='word_1_133' title='bbox 1405 1306 1520 1346; x_wconf 84' lang='lat' dir='ltr'>viris</span> <span class='ocrx_word' id='word_1_134' title='bbox 1549 1317 1687 1357; x_wconf 90' lang='lat' dir='ltr'>super</span> <span class='ocrx_word' id='word_1_135' title='bbox 1709 1306 1821 1346; x_wconf 88' lang='lat' dir='ltr'>casi-</span> 
     </span>
     <span class='ocr_line' id='line_1_18' title="bbox 198 1377 1825 1427; baseline -0.001 -10"><span class='ocrx_word' id='word_1_136' title='bbox 198 1378 284 1417; x_wconf 85' lang='lat' dir='ltr'>bus</span> <span class='ocrx_word' id='word_1_137' title='bbox 319 1377 517 1417; x_wconf 88' lang='lat' dir='ltr'>diversis</span> <span class='ocrx_word' id='word_1_138' title='bbox 556 1377 870 1417; x_wconf 86' lang='lat' dir='ltr'>conscientiae</span> <span class='ocrx_word' id='word_1_139' title='bbox 910 1377 1103 1417; x_wconf 88' lang='lat' dir='ltr'>subinde</span> <span class='ocrx_word' id='word_1_140' title='bbox 1143 1378 1402 1427; x_wconf 89' lang='lat' dir='ltr'>consultus,</span> <span class='ocrx_word' id='word_1_141' title='bbox 1445 1377 1608 1416; x_wconf 88' lang='lat' dir='ltr'>dubias</span> <span class='ocrx_word' id='word_1_142' title='bbox 1648 1383 1825 1417; x_wconf 84' lang='lat' dir='ltr'>mentes</span> 
     </span>
     <span class='ocr_line' id='line_1_19' title="bbox 205 1446 1353 1499; baseline -0.001 -11"><span class='ocrx_word' id='word_1_143' title='bbox 205 1448 488 1499; x_wconf 88' lang='lat' dir='ltr'>tranquillat,</span> <span class='ocrx_word' id='word_1_144' title='bbox 513 1448 626 1487; x_wconf 87' lang='lat' dir='ltr'>nihil</span> <span class='ocrx_word' id='word_1_145' title='bbox 644 1446 739 1498; x_wconf 90' lang='lat' dir='ltr'>jam</span> <span class='ocrx_word' id='word_1_146' title='bbox 762 1448 1005 1499; x_wconf 86' lang='lat' dir='ltr'>speciatim</span> <span class='ocrx_word' id='word_1_147' title='bbox 1025 1459 1353 1487; x_wconf 68' lang='lat' dir='ltr'>commemoro</span> 
     </span>
    </p>

    <p class='ocr_par' dir='ltr' id='par_1_5' title="bbox 201 1517 1831 2133">
     <span class='ocr_line' id='line_1_20' title="bbox 281 1517 1825 1569; baseline 0 -12"><span class='ocrx_word' id='word_1_148' title='bbox 281 1518 458 1558; x_wconf 90' lang='lat' dir='ltr'>Doctor</span> <span class='ocrx_word' id='word_1_149' title='bbox 486 1530 598 1558; x_wconf 82' lang='lat' dir='ltr'>vero</span> <span class='ocrx_word' id='word_1_150' title='bbox 628 1518 794 1558; x_wconf 87' lang='lat' dir='ltr'>Petrus</span> <span class='ocrx_word' id='word_1_151' title='bbox 815 1518 1029 1558; x_wconf 90' lang='lat' dir='ltr'>Canisius</span> <span class='ocrx_word' id='word_1_152' title='bbox 1057 1518 1365 1569; x_wconf 89' lang='lat' dir='ltr'>complurium</span> <span class='ocrx_word' id='word_1_153' title='bbox 1388 1517 1729 1558; x_wconf 87' lang='lat' dir='ltr'>Germanorum</span> <span class='ocrx_word' id='word_1_154' title='bbox 1751 1530 1825 1558; x_wconf 90' lang='lat' dir='ltr'>au-</span> 
     </span>
     <span class='ocr_line' id='line_1_21' title="bbox 201 1588 1826 1639; baseline 0 -11"><span class='ocrx_word' id='word_1_155' title='bbox 201 1589 318 1628; x_wconf 79' lang='lat' dir='ltr'>divit</span> <span class='ocrx_word' id='word_1_156' title='bbox 344 1588 675 1628; x_wconf 77' lang='lat' dir='ltr'>confessiones.</span> <span class='ocrx_word' id='word_1_157' title='bbox 708 1588 759 1628; x_wconf 89' lang='lat' dir='ltr'>In</span> <span class='ocrx_word' id='word_1_158' title='bbox 786 1600 876 1639; x_wconf 91' lang='lat' dir='ltr'>quo</span> <span class='ocrx_word' id='word_1_159' title='bbox 907 1588 1108 1638; x_wconf 83' lang='lat' dir='ltr'>negotiO,</span> <span class='ocrx_word' id='word_1_160' title='bbox 1140 1600 1245 1628; x_wconf 91' lang='lat' dir='ltr'>cum</span> <span class='ocrx_word' id='word_1_161' title='bbox 1273 1589 1397 1628; x_wconf 90' lang='lat' dir='ltr'>solus</span> <span class='ocrx_word' id='word_1_162' title='bbox 1430 1594 1640 1628; x_wconf 89' lang='lat' dir='ltr'>nostrum</span> <span class='ocrx_word' id='word_1_163' title='bbox 1662 1589 1826 1628; x_wconf 82' lang='lat' dir='ltr'>calleat</span> 
     </span>
     <span class='ocr_line' id='line_1_22' title="bbox 202 1659 1829 1710; baseline 0 -11"><span class='ocrx_word' id='word_1_164' title='bbox 202 1661 410 1710; x_wconf 88' lang='lat' dir='ltr'>linguam</span> <span class='ocrx_word' id='word_1_165' title='bbox 425 1659 760 1710; x_wconf 80' lang='lat' dir='ltr'>germanicam,</span> <span class='ocrx_word' id='word_1_166' title='bbox 780 1671 871 1698; x_wconf 90' lang='lat' dir='ltr'>non</span> <span class='ocrx_word' id='word_1_167' title='bbox 888 1670 1054 1710; x_wconf 87' lang='lat' dir='ltr'>parum</span> <span class='ocrx_word' id='word_1_168' title='bbox 1070 1659 1241 1699; x_wconf 85' lang='lat' dir='ltr'>laboris</span> <span class='ocrx_word' id='word_1_169' title='bbox 1263 1659 1524 1710; x_wconf 89' lang='lat' dir='ltr'>insumpsit,</span> <span class='ocrx_word' id='word_1_170' title='bbox 1549 1660 1829 1710; x_wconf 85' lang='lat' dir='ltr'>praesertim</span> 
     </span>
     <span class='ocr_line' id='line_1_23' title="bbox 203 1729 1827 1781; baseline 0 -12"><span class='ocrx_word' id='word_1_171' title='bbox 203 1730 327 1781; x_wconf 81' lang='lat' dir='ltr'>apud</span> <span class='ocrx_word' id='word_1_172' title='bbox 356 1730 689 1780; x_wconf 85' lang='lat' dir='ltr'>incarceratos,</span> <span class='ocrx_word' id='word_1_173' title='bbox 714 1741 829 1780; x_wconf 90' lang='lat' dir='ltr'>quos</span> <span class='ocrx_word' id='word_1_174' title='bbox 856 1741 1027 1780; x_wconf 86' lang='lat' dir='ltr'>magna</span> <span class='ocrx_word' id='word_1_175' title='bbox 1057 1730 1199 1769; x_wconf 88' lang='lat' dir='ltr'>animi</span> <span class='ocrx_word' id='word_1_176' title='bbox 1230 1729 1537 1769; x_wconf 88' lang='lat' dir='ltr'>sollicitudine</span> <span class='ocrx_word' id='word_1_177' title='bbox 1566 1741 1621 1770; x_wconf 86' lang='lat' dir='ltr'>ac</span> <span class='ocrx_word' id='word_1_178' title='bbox 1642 1729 1827 1770; x_wconf 89' lang='lat' dir='ltr'>difficul-</span> 
     </span>
     <span class='ocr_line' id='line_1_24' title="bbox 204 1800 1828 1852; baseline 0 -12"><span class='ocrx_word' id='word_1_179' title='bbox 204 1807 314 1850; x_wconf 84' lang='lat' dir='ltr'>tate,</span> <span class='ocrx_word' id='word_1_180' title='bbox 338 1812 420 1851; x_wconf 92' lang='lat' dir='ltr'>per</span> <span class='ocrx_word' id='word_1_181' title='bbox 442 1800 781 1840; x_wconf 87' lang='lat' dir='ltr'>confessionem</span> <span class='ocrx_word' id='word_1_182' title='bbox 802 1805 1124 1851; x_wconf 88' lang='lat' dir='ltr'>praeparatos,</span> <span class='ocrx_word' id='word_1_183' title='bbox 1156 1800 1214 1839; x_wconf 88' lang='lat' dir='ltr'>ad</span> <span class='ocrx_word' id='word_1_184' title='bbox 1241 1800 1646 1851; x_wconf 86' lang='lat' dir='ltr'>participationem</span> <span class='ocrx_word' id='word_1_185' title='bbox 1667 1812 1828 1852; x_wconf 90' lang='lat' dir='ltr'>corpo-</span> 
     </span>
     <span class='ocr_line' id='line_1_25' title="bbox 204 1870 1830 1922; baseline 0.001 -12"><span class='ocrx_word' id='word_1_186' title='bbox 204 1871 269 1910; x_wconf 85' lang='lat' dir='ltr'>ris</span> <span class='ocrx_word' id='word_1_187' title='bbox 290 1870 463 1910; x_wconf 89' lang='lat' dir='ltr'>Christi</span> <span class='ocrx_word' id='word_1_188' title='bbox 487 1882 647 1910; x_wconf 91' lang='lat' dir='ltr'>omnes</span> <span class='ocrx_word' id='word_1_189' title='bbox 682 1870 818 1910; x_wconf 90' lang='lat' dir='ltr'>simul</span> <span class='ocrx_word' id='word_1_190' title='bbox 846 1870 1092 1921; x_wconf 74' lang='lat' dir='ltr'>pe1·duxit.-</span> <span class='ocrx_word' id='word_1_191' title='bbox 1110 1870 1208 1910; x_wconf 90' lang='lat' dir='ltr'>Hos</span> <span class='ocrx_word' id='word_1_192' title='bbox 1229 1871 1421 1910; x_wconf 78' lang='lat' dir='ltr'>visitant</span> <span class='ocrx_word' id='word_1_193' title='bbox 1449 1871 1634 1922; x_wconf 88' lang='lat' dir='ltr'>saepius</span> <span class='ocrx_word' id='word_1_194' title='bbox 1662 1871 1830 1911; x_wconf 85' lang='lat' dir='ltr'>fratres</span> 
     </span>
     <span class='ocr_line' id='line_1_26' title="bbox 206 1941 1831 1992; baseline 0.001 -12"><span class='ocrx_word' id='word_1_195' title='bbox 206 1941 375 1991; x_wconf 88' lang='lat' dir='ltr'>nostri,</span> <span class='ocrx_word' id='word_1_196' title='bbox 406 1941 483 1992; x_wconf 87' lang='lat' dir='ltr'>qui</span> <span class='ocrx_word' id='word_1_197' title='bbox 513 1941 782 1991; x_wconf 87' lang='lat' dir='ltr'>germanice</span> <span class='ocrx_word' id='word_1_198' title='bbox 810 1947 1004 1990; x_wconf 89' lang='lat' dir='ltr'>norunt,</span> <span class='ocrx_word' id='word_1_199' title='bbox 1028 1947 1073 1980; x_wconf 88' lang='lat' dir='ltr'>et</span> <span class='ocrx_word' id='word_1_200' title='bbox 1100 1941 1326 1992; x_wconf 89' lang='lat' dir='ltr'>quosdam</span> <span class='ocrx_word' id='word_1_201' title='bbox 1346 1941 1620 1981; x_wconf 83' lang='lat' dir='ltr'>rudimentis</span> <span class='ocrx_word' id='word_1_202' title='bbox 1641 1947 1831 1981; x_wconf 91' lang='lat' dir='ltr'>nostrae</span> 
     </span>
     <span class='ocr_line' id='line_1_27' title="bbox 208 2011 1829 2062; baseline 0.001 -11"><span class='ocrx_word' id='word_1_203' title='bbox 208 2011 313 2052; x_wconf 87' lang='lat' dir='ltr'>fidei</span> <span class='ocrx_word' id='word_1_204' title='bbox 342 2012 581 2062; x_wconf 88' lang='lat' dir='ltr'>erudiunt,</span> <span class='ocrx_word' id='word_1_205' title='bbox 613 2023 773 2051; x_wconf 90' lang='lat' dir='ltr'>omnes</span> <span class='ocrx_word' id='word_1_206' title='bbox 804 2023 917 2051; x_wconf 80' lang='lat' dir='ltr'>vero</span> <span class='ocrx_word' id='word_1_207' title='bbox 948 2011 1349 2051; x_wconf 78' lang='lat' dir='ltr'>exhortationibus</span> <span class='ocrx_word' id='word_1_208' title='bbox 1378 2018 1421 2051; x_wconf 87' lang='lat' dir='ltr'>et</span> <span class='ocrx_word' id='word_1_209' title='bbox 1448 2013 1575 2052; x_wconf 89' lang='lat' dir='ltr'>velut</span> <span class='ocrx_word' id='word_1_210' title='bbox 1604 2012 1829 2052; x_wconf 88' lang='lat' dir='ltr'>declama-</span> 
     </span>
     <span class='ocr_line' id='line_1_28' title="bbox 209 2081 1546 2133; baseline -0.001 -12"><span class='ocrx_word' id='word_1_211' title='bbox 209 2082 426 2121; x_wconf 83' lang='lat' dir='ltr'>tiunculis</span> <span class='ocrx_word' id='word_1_212' title='bbox 448 2082 506 2121; x_wconf 88' lang='lat' dir='ltr'>ad</span> <span class='ocrx_word' id='word_1_213' title='bbox 527 2082 749 2121; x_wconf 84' lang='lat' dir='ltr'>virtutem</span> <span class='ocrx_word' id='word_1_214' title='bbox 771 2081 1066 2132; x_wconf 88' lang='lat' dir='ltr'>studiumque</span> <span class='ocrx_word' id='word_1_215' title='bbox 1088 2081 1326 2121; x_wconf 86' lang='lat' dir='ltr'>stimulant</span> <span class='ocrx_word' id='word_1_216' title='bbox 1346 2082 1546 2133; x_wconf 86' lang='lat' dir='ltr'>pietatis.</span> 
     </span>
    </p>

    <p class='ocr_par' dir='ltr' id='par_1_6' title="bbox 210 2152 1836 2697">
     <span class='ocr_line' id='line_1_29' title="bbox 289 2152 1831 2204; baseline 0.001 -12"><span class='ocrx_word' id='word_1_217' title='bbox 289 2152 414 2192; x_wconf 87' lang='lat' dir='ltr'>Idem</span> <span class='ocrx_word' id='word_1_218' title='bbox 435 2152 651 2192; x_wconf 90' lang='lat' dir='ltr'>Canisius</span> <span class='ocrx_word' id='word_1_219' title='bbox 673 2158 863 2203; x_wconf 89' lang='lat' dir='ltr'>coeptas</span> <span class='ocrx_word' id='word_1_220' title='bbox 883 2163 1030 2203; x_wconf 88' lang='lat' dir='ltr'>nuper</span> <span class='ocrx_word' id='word_1_221' title='bbox 1047 2153 1295 2192; x_wconf 90' lang='lat' dir='ltr'>conciones</span> <span class='ocrx_word' id='word_1_222' title='bbox 1318 2153 1440 2203; x_wconf 92' lang='lat' dir='ltr'>apud</span> <span class='ocrx_word' id='word_1_223' title='bbox 1457 2153 1731 2204; x_wconf 87' lang='lat' dir='ltr'>Germanos,</span> <span class='ocrx_word' id='word_1_224' title='bbox 1757 2153 1831 2193; x_wconf 93' lang='lat' dir='ltr'>do-</span> 
     </span>
     <span class='ocr_line' id='line_1_30' title="bbox 210 2222 1829 2274; baseline 0.001 -12"><span class='ocrx_word' id='word_1_225' title='bbox 210 2222 394 2262; x_wconf 86' lang='lat' dir='ltr'>minicis</span> <span class='ocrx_word' id='word_1_226' title='bbox 416 2234 471 2261; x_wconf 88' lang='lat' dir='ltr'>ac</span> <span class='ocrx_word' id='word_1_227' title='bbox 492 2222 621 2262; x_wconf 86' lang='lat' dir='ltr'>festis</span> <span class='ocrx_word' id='word_1_228' title='bbox 643 2222 803 2262; x_wconf 90' lang='lat' dir='ltr'>diebus</span> <span class='ocrx_word' id='word_1_229' title='bbox 823 2222 1132 2274; x_wconf 90' lang='lat' dir='ltr'>prosequitur,</span> <span class='ocrx_word' id='word_1_230' title='bbox 1164 2234 1280 2273; x_wconf 87' lang='lat' dir='ltr'>quas</span> <span class='ocrx_word' id='word_1_231' title='bbox 1300 2234 1548 2262; x_wconf 86' lang='lat' dir='ltr'>numerosa</span> <span class='ocrx_word' id='word_1_232' title='bbox 1570 2223 1829 2273; x_wconf 87' lang='lat' dir='ltr'>multitudo,</span> 
     </span>
     <span class='ocr_line' id='line_1_31' title="bbox 212 2293 1833 2345; baseline 0.001 -13"><span class='ocrx_word' id='word_1_233' title='bbox 212 2300 309 2332; x_wconf 87' lang='lat' dir='ltr'>tum</span> <span class='ocrx_word' id='word_1_234' title='bbox 326 2293 546 2332; x_wconf 90' lang='lat' dir='ltr'>nobilium</span> <span class='ocrx_word' id='word_1_235' title='bbox 563 2299 660 2332; x_wconf 90' lang='lat' dir='ltr'>tum</span> <span class='ocrx_word' id='word_1_236' title='bbox 678 2293 985 2344; x_wconf 87' lang='lat' dir='ltr'>popularium,</span> <span class='ocrx_word' id='word_1_237' title='bbox 1005 2304 1120 2344; x_wconf 91' lang='lat' dir='ltr'>quos</span> <span class='ocrx_word' id='word_1_238' title='bbox 1138 2293 1357 2333; x_wconf 89' lang='lat' dir='ltr'>continuo</span> <span class='ocrx_word' id='word_1_239' title='bbox 1374 2299 1477 2344; x_wconf 90' lang='lat' dir='ltr'>post</span> <span class='ocrx_word' id='word_1_240' title='bbox 1495 2305 1543 2333; x_wconf 92' lang='lat' dir='ltr'>se</span> <span class='ocrx_word' id='word_1_241' title='bbox 1561 2294 1715 2345; x_wconf 85' lang='lat' dir='ltr'>trahit,</span> <span class='ocrx_word' id='word_1_242' title='bbox 1729 2306 1833 2345; x_wconf 89' lang='lat' dir='ltr'>gra-</span> 
     </span>
     <span class='ocr_line' id='line_1_32' title="bbox 212 2363 1832 2414; baseline 0.001 -11"><span class='ocrx_word' id='word_1_243' title='bbox 212 2370 284 2402; x_wconf 85' lang='lat' dir='ltr'>tas</span> <span class='ocrx_word' id='word_1_244' title='bbox 305 2364 392 2403; x_wconf 89' lang='lat' dir='ltr'>sibi</span> <span class='ocrx_word' id='word_1_245' title='bbox 413 2375 514 2403; x_wconf 91' lang='lat' dir='ltr'>esse</span> <span class='ocrx_word' id='word_1_246' title='bbox 537 2364 838 2403; x_wconf 89' lang='lat' dir='ltr'>demonstrat.</span> <span class='ocrx_word' id='word_1_247' title='bbox 863 2363 1026 2403; x_wconf 89' lang='lat' dir='ltr'>Modus</span> <span class='ocrx_word' id='word_1_248' title='bbox 1053 2374 1165 2402; x_wconf 88' lang='lat' dir='ltr'>sane</span> <span class='ocrx_word' id='word_1_249' title='bbox 1196 2363 1396 2413; x_wconf 86' lang='lat' dir='ltr'>dicendi,</span> <span class='ocrx_word' id='word_1_250' title='bbox 1420 2370 1468 2403; x_wconf 89' lang='lat' dir='ltr'>ut</span> <span class='ocrx_word' id='word_1_251' title='bbox 1492 2365 1646 2414; x_wconf 92' lang='lat' dir='ltr'>gentis</span> <span class='ocrx_word' id='word_1_252' title='bbox 1669 2376 1832 2404; x_wconf 87' lang='lat' dir='ltr'>conve-</span> 
     </span>
     <span class='ocr_line' id='line_1_33' title="bbox 213 2419 1835 2485; baseline 0.002 -13"><span class='ocrx_word' id='word_1_253' title='bbox 213 2434 280 2473; x_wconf 90' lang='lat' dir='ltr'>nit</span> <span class='ocrx_word' id='word_1_254' title='bbox 314 2435 516 2485; x_wconf 84' lang='lat' dir='ltr'>ingeniO,</span> <span class='ocrx_word' id='word_1_255' title='bbox 551 2434 789 2485; x_wconf 87' lang='lat' dir='ltr'>plausibus</span> <span class='ocrx_word' id='word_1_256' title='bbox 817 2433 830 2451; x_wconf 72' lang='lat'>³</span> <span class='ocrx_word' id='word_1_257' title='bbox 858 2419 1018 2484; x_wconf 85' lang='lat' dir='ltr'>gestus</span> <span class='ocrx_word' id='word_1_258' title='bbox 1050 2433 1263 2484; x_wconf 90' lang='lat' dir='ltr'>actioque</span> <span class='ocrx_word' id='word_1_259' title='bbox 1299 2445 1383 2485; x_wconf 92' lang='lat' dir='ltr'>pro</span> <span class='ocrx_word' id='word_1_260' title='bbox 1417 2435 1598 2475; x_wconf 85' lang='lat' dir='ltr'>ratione</span> <span class='ocrx_word' id='word_1_261' title='bbox 1631 2435 1835 2485; x_wconf 88' lang='lat' dir='ltr'>regionis</span> 
     </span>
     <span class='ocr_line' id='line_1_34' title="bbox 215 2504 1832 2556; baseline 0.001 -12"><span class='ocrx_word' id='word_1_262' title='bbox 215 2505 540 2554; x_wconf 83' lang='lat' dir='ltr'>accommoda,</span> <span class='ocrx_word' id='word_1_263' title='bbox 577 2505 620 2544; x_wconf 84' lang='lat' dir='ltr'>et</span> <span class='ocrx_word' id='word_1_264' title='bbox 650 2510 836 2544; x_wconf 84' lang='lat' dir='ltr'>caetera</span> <span class='ocrx_word' id='word_1_265' title='bbox 865 2516 983 2556; x_wconf 90' lang='lat' dir='ltr'>quae</span> <span class='ocrx_word' id='word_1_266' title='bbox 1012 2504 1070 2544; x_wconf 90' lang='lat' dir='ltr'>ad</span> <span class='ocrx_word' id='word_1_267' title='bbox 1098 2504 1420 2555; x_wconf 89' lang='lat' dir='ltr'>germanicum</span> <span class='ocrx_word' id='word_1_268' title='bbox 1440 2505 1672 2556; x_wconf 88' lang='lat' dir='ltr'>pertinent</span> <span class='ocrx_word' id='word_1_269' title='bbox 1693 2507 1832 2546; x_wconf 89' lang='lat' dir='ltr'>eccle-</span> 
     </span>
     <span class='ocr_line' id='line_1_35' title="bbox 217 2575 1836 2626; baseline 0.001 -12"><span class='ocrx_word' id='word_1_270' title='bbox 217 2576 419 2626; x_wconf 83' lang='lat' dir='ltr'>siastem,</span> <span class='ocrx_word' id='word_1_271' title='bbox 445 2575 619 2615; x_wconf 85' lang='lat' dir='ltr'>affatim</span> <span class='ocrx_word' id='word_1_272' title='bbox 639 2575 857 2615; x_wconf 79' lang='lat' dir='ltr'>videntur</span> <span class='ocrx_word' id='word_1_273' title='bbox 884 2575 949 2614; x_wconf 90' lang='lat' dir='ltr'>illi</span> <span class='ocrx_word' id='word_1_274' title='bbox 975 2581 1241 2626; x_wconf 87' lang='lat' dir='ltr'>suppetere;</span> <span class='ocrx_word' id='word_1_275' title='bbox 1267 2587 1548 2626; x_wconf 87' lang='lat' dir='ltr'>quamquam</span> <span class='ocrx_word' id='word_1_276' title='bbox 1576 2577 1785 2616; x_wconf 88' lang='lat' dir='ltr'>nonnulli</span> <span class='ocrx_word' id='word_1_277' title='bbox 1813 2589 1836 2617; x_wconf 88' lang='lat' dir='ltr'>e</span> 
     </span>
     <span class='ocr_line' id='line_1_36' title="bbox 217 2645 1836 2697; baseline 0.001 -11"><span class='ocrx_word' id='word_1_278' title='bbox 217 2646 367 2686; x_wconf 87' lang='lat' dir='ltr'>media</span> <span class='ocrx_word' id='word_1_279' title='bbox 389 2646 644 2697; x_wconf 90' lang='lat' dir='ltr'>plebecula,</span> <span class='ocrx_word' id='word_1_280' title='bbox 670 2645 801 2685; x_wconf 91' lang='lat' dir='ltr'>initio</span> <span class='ocrx_word' id='word_1_281' title='bbox 823 2646 1022 2696; x_wconf 89' lang='lat' dir='ltr'>quidem,</span> <span class='ocrx_word' id='word_1_282' title='bbox 1045 2657 1138 2685; x_wconf 92' lang='lat' dir='ltr'>non</span> <span class='ocrx_word' id='word_1_283' title='bbox 1161 2645 1274 2685; x_wconf 88' lang='lat' dir='ltr'>satis</span> <span class='ocrx_word' id='word_1_284' title='bbox 1301 2645 1481 2696; x_wconf 89' lang='lat' dir='ltr'>integre</span> <span class='ocrx_word' id='word_1_285' title='bbox 1503 2646 1691 2697; x_wconf 87' lang='lat' dir='ltr'>quidam</span> <span class='ocrx_word' id='word_1_286' title='bbox 1711 2647 1836 2687; x_wconf 75' lang='lat' dir='ltr'>vide-</span> 
     </span>
    </p>
   </div>
   <div class='ocr_carea' id='block_1_3' title="bbox 274 2804 1839 2840">
    <p class='ocr_par' dir='ltr' id='par_1_7' title="bbox 274 2804 1839 2840">
     <span class='ocr_line' id='line_1_37' title="bbox 274 2804 1839 2840; baseline 0.003 -11"><span class='ocrx_word' id='word_1_287' title='bbox 274 2804 282 2822; x_wconf 87' lang='lat'>¹</span> <span class='ocrx_word' id='word_1_288' title='bbox 323 2804 596 2837; x_wconf 76' lang='lat' dir='ltr'>Prz&#39;vz&#39;legiorum</span> <span class='ocrx_word' id='word_1_289' title='bbox 613 2805 829 2836; x_wconf 78' lang='lat' dir='ltr'>curatorum,</span> <span class='ocrx_word' id='word_1_290' title='bbox 843 2805 1118 2839; x_wconf 77' lang='lat' dir='ltr'>ecclesiasticam,</span> <span class='ocrx_word' id='word_1_291' title='bbox 1135 2813 1191 2840; x_wconf 88' lang='lat' dir='ltr'>sc.,</span> <span class='ocrx_word' id='word_1_292' title='bbox 1208 2807 1328 2840; x_wconf 81' lang='lat' dir='ltr'>legem,</span> <span class='ocrx_word' id='word_1_293' title='bbox 1341 2813 1406 2840; x_wconf 85' lang='lat' dir='ltr'>qua</span> <span class='ocrx_word' id='word_1_294' title='bbox 1420 2807 1580 2840; x_wconf 84' lang='lat' dir='ltr'>jubentur</span> <span class='ocrx_word' id='word_1_295' title='bbox 1596 2806 1710 2834; x_wconf 86' lang='lat' dir='ltr'>fideles</span> <span class='ocrx_word' id='word_1_296' title='bbox 1723 2807 1755 2834; x_wconf 89' lang='lat' dir='ltr'>in</span> <span class='ocrx_word' id='word_1_297' title='bbox 1771 2807 1839 2834; x_wconf 80' lang='lat' dir='ltr'>suis</span> 
     </span>
    </p>
   </div>
   <div class='ocr_carea' id='block_1_4' title="bbox 221 2851 1697 2978">
    <p class='ocr_par' dir='ltr' id='par_1_8' title="bbox 221 2851 1697 2978">
     <span class='ocr_line' id='line_1_38' title="bbox 221 2851 1697 2888; baseline 0.003 -12"><span class='ocrx_word' id='word_1_298' title='bbox 221 2851 401 2884; x_wconf 77' lang='lat' dir='ltr'>parochiis,</span> <span class='ocrx_word' id='word_1_299' title='bbox 417 2854 449 2877; x_wconf 84' lang='lat' dir='ltr'>et</span> <span class='ocrx_word' id='word_1_300' title='bbox 465 2858 529 2877; x_wconf 90' lang='lat' dir='ltr'>non</span> <span class='ocrx_word' id='word_1_301' title='bbox 545 2851 637 2883; x_wconf 85' lang='lat' dir='ltr'>alibi,</span> <span class='ocrx_word' id='word_1_302' title='bbox 654 2851 807 2884; x_wconf 86' lang='lat' dir='ltr'>paschali</span> <span class='ocrx_word' id='word_1_303' title='bbox 823 2855 975 2886; x_wconf 82' lang='lat' dir='ltr'>tempore</span> <span class='ocrx_word' id='word_1_304' title='bbox 991 2853 1231 2880; x_wconf 86' lang='lat' dir='ltr'>communionis</span> <span class='ocrx_word' id='word_1_305' title='bbox 1247 2857 1498 2881; x_wconf 86' lang='lat' dir='ltr'>sacramentum</span> <span class='ocrx_word' id='word_1_306' title='bbox 1515 2854 1697 2888; x_wconf 84' lang='lat' dir='ltr'>suscipere.</span> 
     </span>
     <span class='ocr_line' id='line_1_39' title="bbox 275 2897 1190 2932; baseline 0.004 -9"><span class='ocrx_word' id='word_1_307' title='bbox 275 2898 288 2915; x_wconf 75' lang='lat'>·-’</span> <span class='ocrx_word' id='word_1_308' title='bbox 326 2897 551 2932; x_wconf 85' lang='lat' dir='ltr'>Hieronymus</span> <span class='ocrx_word' id='word_1_309' title='bbox 566 2897 790 2932; x_wconf 82' lang='lat' dir='ltr'>Martinengo,</span> <span class='ocrx_word' id='word_1_310' title='bbox 804 2899 1021 2932; x_wconf 83' lang='lat' dir='ltr'>Apostolicus</span> <span class='ocrx_word' id='word_1_311' title='bbox 1033 2899 1190 2929; x_wconf 87' lang='lat' dir='ltr'>Nuncius.</span> 
     </span>
     <span class='ocr_line' id='line_1_40' title="bbox 277 2942 880 2978; baseline 0.007 -9"><span class='ocrx_word' id='word_1_312' title='bbox 277 2944 290 2962; x_wconf 81' lang='lat'>⁵</span> <span class='ocrx_word' id='word_1_313' title='bbox 329 2942 392 2978; x_wconf 84' lang='lat' dir='ltr'>Sic;</span> <span class='ocrx_word' id='word_1_314' title='bbox 406 2945 529 2971; x_wconf 79' lang='lat' dir='ltr'>rectius</span> <span class='ocrx_word' id='word_1_315' title='bbox 543 2945 686 2972; x_wconf 83' lang='lat' dir='ltr'>fortasse</span> <span class='ocrx_word' id='word_1_316' title='bbox 700 2945 880 2978; x_wconf 70' lang='lat' dir='ltr'>placidus,</span> 
     </span>
    </p>
   </div>
  </div>
 </body>
</html>
