1987 3260
904 209 987 246 AN.
1020 208 1109 247 1552
1754 209 1826 246 507

939 661 1093 714 CXX

268 886 312 923 P.
335 886 557 923 Adrianus
580 887 900 924 Adriaenssens

313 952 433 988 Patri
452 951 619 997 ignatio
641 952 693 989 de
717 952 898 999 Loyola.

360 1017 570 1058 Lovanio,
593 1017 615 1051 ἓ)
633 1017 831 1063 Januarfi
849 1018 939 1055 1552
958 1019 981 1053 ¹.

964 1200 1062 1265 His

272 1369 437 1409 Gratia
458 1376 503 1409 et
524 1381 617 1420 pax
638 1369 709 1408 X.i
739 1381 844 1410 cum
865 1370 1077 1410 omnibus
1098 1371 1247 1410 nobis.
1271 1370 1436 1410 Amen.

271 1439 371 1479 Rde
391 1439 552 1480 Pater:

272 1510 658 1562 Quandoquidem
679 1517 842 1551 sancta
863 1512 1124 1552 obedientia
1145 1512 1212 1552 sie
1229 1512 1471 1563 praecipit,
1492 1511 1695 1552 referam
1711 1525 1822 1563 pau-

193 1581 258 1620 cis
280 1593 399 1632 quae
418 1581 507 1621 hoc
529 1581 859 1633 quadrimestri
879 1583 1003 1633 apud
1023 1594 1108 1622 nos
1130 1588 1237 1622 acta
1258 1588 1381 1622 sunt.

271 1651 401 1692 Cha.i
426 1652 594 1692 fratres
615 1653 765 1693 nostri
784 1653 1022 1693 Arnoldus
1043 1659 1088 1693 et
1114 1653 1348 1703 Rugerius
1375 1653 1603 1692 hactenus
1630 1665 1823 1704 operam

194 1723 419 1764 dederunt
440 1724 762 1775 philosophiae
783 1731 827 1764 et
846 1725 1096 1764 visitarunt
1117 1724 1364 1775 diligenter
1386 1724 1597 1775 publicas
1619 1724 1820 1774 scholas,

192 1805 277 1833 sua
298 1800 454 1834 autem
475 1795 832 1835 conversatione
853 1801 896 1835 et
918 1795 995 1847 pia
1015 1795 1340 1835 exhortatione
1362 1796 1534 1835 multos
1555 1795 1742 1834 trahere
1762 1794 1825 1834 ad

194 1864 482 1916 frequentem
509 1866 850 1906 consessionem
880 1872 924 1906 et
952 1866 1329 1906 communionem
1358 1866 1430 1906 sui
1457 1877 1623 1906 cursus
1650 1865 1823 1905 studio-

194 1947 292 1986 sos3
315 1942 359 1975 et
380 1936 443 1976 ita
459 1936 687 1977 Dominus
708 1937 912 1988 providit
932 1937 1066 1977 nobis
1087 1936 1304 1988 deditque
1326 1937 1463 1977 simul
1484 1948 1648 1976 cocum
1669 1943 1714 1976 et
1731 1936 1823 1976 fra-

194 2013 312 2046 trem
343 2007 388 2046 in
418 2006 634 2057 Domino,
664 2008 756 2058 qui,
790 2019 895 2047 cum
925 2008 972 2047 in
1001 2007 1164 2049 officiis
1193 2008 1375 2047 culinae
1407 2007 1465 2047 sit
1487 2007 1707 2058 diligens,
1730 2018 1825 2046 non

193 2083 350 2117 tamen
378 2078 530 2117 minus
559 2087 627 2117 est
657 2079 855 2129 diligens
890 2079 937 2118 in
963 2078 1127 2118 studiis
1156 2085 1200 2118 et
1228 2078 1418 2118 servitio
1450 2077 1660 2127 Domini,
1696 2084 1825 2118 totus

193 2148 392 2199 simplex
420 2155 462 2188 et
492 2157 670 2197 rectuS‚
699 2149 745 2188 in
773 2161 863 2200 quo
890 2148 1023 2189 dolus
1057 2160 1150 2188 non
1180 2156 1270 2198 est,
1305 2148 1427 2188 intra
1455 2160 1597 2188 unum
1632 2160 1821 2197 annum,

193 2217 293 2258 Deo
316 2220 522 2267 volente,
547 2220 892 2270 promovendus
914 2231 995 2259 seu
1016 2219 1367 2270 magistrandus
1388 2219 1435 2259 in
1462 2218 1671 2259 Artibus.
1701 2219 1825 2259 Non-

193 2290 303 2330 dum
335 2290 444 2330 fecit
470 2298 632 2330 votum
666 2302 751 2330 nec
786 2291 947 2330 habuit
973 2290 1218 2340 exercitia,
1248 2290 1330 2330 sed
1358 2290 1513 2330 animo
1540 2290 1824 2330 deliberatus

192 2367 262 2400 est
288 2367 337 2400 ut
355 2361 607 2401 nobiscum
640 2368 846 2411 maneat,
877 2367 921 2401 et
949 2372 1056 2401 cum
1083 2361 1432 2412 opportunitate
1460 2367 1654 2412 paratus
1681 2361 1824 2400 susci-

190 2443 301 2481 pere
323 2432 547 2472 exercitia
569 2442 613 2472 et
635 2438 795 2472 votum
816 2432 1042 2472 emittere.
1285 2436 1289 2439 “

273 2502 355 2542 Est
377 2508 420 2542 et
442 2503 559 2543 alius
580 2502 786 2553 ejusdem
806 2503 944 2543 studii
961 2502 1146 2553 juvenis
1166 2504 1282 2543 bene
1304 2503 1632 2554 morigeratus,
1658 2502 1825 2542 doctus

191 2584 362 2623 graece
383 2580 427 2613 et
447 2574 588 2613 latine
611 2581 653 2613 et
684 2575 729 2613 in
757 2574 1107 2614 humanioribus
1134 2574 1323 2625 litteris;
1354 2574 1430 2614 hic
1458 2574 1567 2614 fecit
1597 2573 1824 2613 exercitia

193 2650 237 2682 et
279 2645 466 2684 omnino
503 2644 830 2684 determinavit
864 2657 913 2685 se
948 2645 1007 2685 ad
1040 2644 1348 2695 Societatem,
1386 2651 1581 2696 paratus
1615 2644 1827 2684 emittere

193 2720 373 2765 votum,
404 2727 509 2755 cum
539 2716 671 2755 nobis
699 2716 945 2767 placuerit,
978 2723 1196 2768 parentes
1233 2715 1368 2766 hujus
1406 2715 1657 2767 provident
1692 2715 1734 2755 ei
1769 2715 1826 2755 de

193 2786 454 2836 sumptibus
475 2793 518 2826 et
541 2788 827 2827 collocarunt
848 2787 970 2838 apud
991 2799 1091 2827 nos.

247 2969 258 2988 ¹
298 2970 544 3004 Autographae
561 2972 694 2997 litterae
718 2971 749 2997 in
764 2971 842 2998 folio
859 2971 981 3005 duplici
997 2979 1027 2997 n.
1045 2971 1195 2998 1⁴7.—Ex
1211 2971 1260 2998 eis
1275 2972 1379 2999 etiam
1394 2974 1558 3006 excerpta
1581 2972 1748 3006 quaedam
1770 2971 1827 2997 ha-

194 3016 308 3043 bemus
323 3017 356 3044 in
370 3017 531 3045 Historia
550 3025 662 3049 varlas
677 3018 743 3044 vol.
760 3026 779 3049 ῐ,
796 3019 851 3045 sol.
867 3018 918 3045 :293
933 3019 983 3045 v.⁰
1000 3022 1031 3045 et
1047 3019 1079 3045 in
1096 3018 1218 3046 Codice
1236 3018 1315 3052 1551,
1333 3020 1388 3046 sol.
1404 3019 1433 3045 5.
