1987 3260
846 217 930 254 AN.
962 217 1051 254 1552
1695 216 1764 252 ‹³25›

226 315 591 367 superscriptio.
617 314 717 355 R.d0
738 315 784 354 in
806 313 992 354 Christo
1015 312 1140 352 Patri
1157 311 1277 351 Dno.
1298 311 1479 362 Ignatio
1496 310 1552 350 de
1568 310 1759 361 Loyola,

141 388 414 439 Praeposito
435 385 654 427 Generali
673 384 919 426 Societatis
934 383 1057 436 Jesu.
1081 382 1219 434 Apud
1231 381 1455 422 Sanctum
1467 381 1693 431 Marcum,
1719 382 1763 420 in

144 459 336 499 nedibus
356 457 507 497 Divae
528 456 704 496 Mariae
721 457 776 496 de
797 455 980 496 Strada.
1003 454 1193 494 Romae.

224 529 284 569 Di
303 535 453 581 porto,
478 528 643 578 cinque
663 527 862 567 baiochi.

226 600 374 639 Manu
398 598 447 650 J.
472 598 563 638 Ple.
601 598 721 638 Vz'to:
741 598 890 651 Jesus.
919 597 1031 636 1552.
1056 596 1261 646 Pariggi.
1286 595 1354 634 De
1378 594 1580 634 Roberto
1608 595 1764 644 Clavs-

147 671 295 720 sonio,
318 669 374 709 de
395 669 420 707 4
440 670 496 709 de
518 669 723 720 maggio.

241 739 499 788 Vestigium
521 750 650 779 cerae
673 741 843 779 rubrae
863 743 905 778 et
926 737 1095 787 se'gsllz.

840 1162 1078 1216 CXLVI

223 1398 270 1434 Ρ.
293 1398 555 1435 Theodorus
575 1397 802 1440 Peltanus.

269 1461 338 1499 Ex
355 1461 676 1499 commissione
696 1462 838 1499 Patris
857 1461 1025 1499 Nicolai
1045 1461 1285 1503 Bobadilla,

316 1527 437 1564 Patri
455 1527 625 1574 Ignatio
643 1526 696 1564 de
713 1527 897 1574 Loyola.

387 1591 587 1639 Neapoli,
608 1593 631 1628 ὃ
650 1591 753 1628 Maii
772 1591 864 1628 1552
882 1592 907 1626 ¹.

915 1747 1011 1822 iilis

229 1943 392 1983 Gratia
414 1949 459 1982 et
478 1954 570 1994 pax
592 1942 778 1982 Domini
799 1943 946 1982 nostri
974 1943 1084 1994 Jesu
1106 1942 1277 1982 Christi
1299 1943 1344 1981 in
1365 1943 1498 1982 nobis
1520 1949 1562 1981 et
1584 1954 1666 1993 per
1686 1955 1770 1981 nos

150 2015 192 2053 in
215 2013 314 2053 dies
337 2019 580 2064 augeatur.
608 2013 770 2053 Arnen.

228 2084 288 2124 Ut
314 2094 402 2133 ego
432 2084 725 2134 superiorum
759 2095 982 2133 meorum,
1013 2090 1056 2123 et
1083 2084 1147 2123 illi
1174 2090 1281 2123 tuae
1308 2083 1553 2130 voluntati,
1592 2094 1771 2123 morem

148 2166 383 2205 geramus,
415 2153 514 2193 R.de
543 2154 589 2193 in
616 2153 696 2193 X.0
723 2153 789 2203 P„
827 2165 965 2205 quam
998 2154 1098 2194 fieri
1130 2160 1282 2205 potest
1312 2153 1772 2205 compendiosissime

148 2225 386 2265 narraturi
407 2236 580 2275 sumus,
605 2236 737 2276 quae,
757 2223 853 2275 jam
874 2225 978 2264 inde
1006 2236 1032 2264 a
1049 2224 1287 2277 Januario,
1310 2236 1492 2264 summa
1513 2224 1600 2264 Dei
1627 2225 1770 2264 muni-

150 2297 356 2346 ficentia,
392 2308 475 2347 per
504 2296 615 2335 vilia
642 2295 758 2335 haec
793 2307 877 2335 sua
905 2296 1211 2335 instrumenta
1241 2296 1426 2347 operari
1460 2296 1651 2346 dignata
1686 2303 1771 2344 est,

151 2368 296 2407 obiter
330 2373 591 2418 repetentes
618 2377 736 2417 quae
759 2367 804 2405 in
825 2365 1023 2406 diversis
1052 2365 1228 2406 itineris
1256 2367 1404 2406 nostri
1432 2366 1569 2416 locis,
1599 2377 1773 2415 magno

151 2437 239 2478 Dei
259 2437 498 2487 beneficio,
522 2437 669 2487 nobis,
692 2437 799 2476 licet
820 2436 1038 2487 indignis,
1062 2448 1287 2476 concessa
1306 2443 1426 2477 sunt.

231 2509 387 2549 Prima
418 2509 560 2559 igitur
589 2514 739 2558 nocte,
771 2507 894 2547 Urbe
917 2506 1014 2558 jam
1043 2508 1256 2558 digressi,
1280 2520 1372 2547 non
1392 2508 1552 2559 pauci,
1577 2508 1774 2547 fratrum

152 2586 421 2620 nostrorum
442 2579 488 2618 in
507 2579 670 2630 primis
700 2578 1015 2629 concionibus,
1039 2585 1136 2618 tum
1165 2578 1305 2618 etiam
1331 2579 1419 2630 piis
1446 2579 1773 2619 admonitioni-

152 2652 253 2700 bus,
277 2650 494 2701 permoti,
532 2648 659 2688 Patri
687 2655 847 2688 nostro
878 2648 1095 2689 Andreae
1125 2648 1151 2699 ²,
1175 2649 1352 2689 itineris
1383 2649 1628 2688 insolentia
1659 2651 1769 2688 mul-

153 2729 249 2760 tum
280 2719 550 2769 defatigatO,
575 2719 774 2759 confessi
796 2725 924 2769 sunt;
948 2719 1069 2759 idem
1087 2720 1297 2770 proxima
1327 2731 1381 2758 ac
1404 2720 1538 2759 tertia
1571 2732 1594 2758 a
1620 2720 1776 2770 priore

207 2882 214 2899 ¹
258 2879 503 2913 Autographae
520 2878 685 2905 Theodori
701 2878 837 2905 litterae
853 2883 927 2904 sunt
944 2878 973 2905 in
989 2878 1112 2912 duplici
1130 2879 1206 2906 folio
1223 2887 1275 2906 nn.
1298 2879 1332 2905 82
1352 2884 1385 2906 et
1404 2880 1550 2907 «qa—Est
1579 2885 1612 2906 et
1635 2887 1777 2913 apogra-

155 2925 268 2959 phum,
284 2933 384 2952 manu
397 2946 403 2957 ,
419 2929 454 2951 ut
470 2925 615 2954 videtur.
632 2924 745 2951 Patris
758 2924 917 2951 Andreae
934 2924 972 2950 de
989 2923 1115 2955 Frusis.
1130 2925 1161 2951 in
1178 2925 1231 2952 fol.
1247 2925 1280 2951 97
1295 2930 1327 2952 et
1342 2926 1376 2952 98
1391 2925 1525 2953 Cod1cis
1542 2927 1619 2953 1551.

208 2972 221 2991 ‘2
261 2972 295 2999 P.
312 2972 468 2998 Andreas
493 2972 531 2998 de
554 2971 682 2998 Oviedo
698 2971 861 2998 fratribus
885 2970 949 2997 itm·
973 2972 1151 3004 agentibus
1172 2973 1366 3006 praefectus
1380 2976 1413 3000 et
1431 2973 1533 3001 futuri
1559 2974 1775 3009 Neapolitani

158 3019 300 3053 Collegii
323 3019 456 3046 Rector.

349 3076 396 3111 Τ.
422 3088 445 3111 1.
1548 3091 1594 3122 40
