1987 3260
872 201 952 237 Ax.
985 200 1069 237 1551
1711 202 1780 237 457

167 296 415 348 aliquando
436 296 508 347 pic
530 296 819 336 exhortatur.
843 295 974 346 Quod
1005 296 1109 335 licet
1132 296 1388 335 christiana
1411 296 1639 335 charitate
1661 297 1781 335 cxci-

167 373 290 407 tatus
312 367 469 417 faciat,
493 367 673 406 acccdit
689 372 845 407 tamen
861 365 1007 417 Regia
1025 366 1313 417 aliorumque
1329 372 1601 416 magnatum
1622 367 1780 406 volun-

168 444 252 488 tas,
279 449 395 489 quae
418 437 659 478 confirmat
681 444 818 489 atque
840 443 974 488 urget
995 437 1039 476 id
1064 437 1185 488 quod
1208 448 1292 476 sua
1313 442 1476 488 sponte
1497 436 1633 476 Pater
1654 437 1780 477 facit.

172 508 289 548 Hinc
311 509 451 548 etiam
478 508 652 548 factum
679 515 763 559 est,
787 514 835 548 ut
863 519 1023 548 omnes
1050 509 1192 557 leges,
1216 519 1331 558 quas
1357 507 1581 558 praefecti
1608 507 1781 547 adoles-

166 579 374 618 centibus
401 580 735 631 praescripturi
767 585 913 628 erant,
943 578 991 618 P.
1027 577 1207 618 Claudii
1234 578 1426 618 arbitrio
1453 579 1528 618 vel
1556 579 1781 630 approba-

162 657 337 700 rentur,
360 651 434 690 vel
455 656 865 691 commutarentur.

244 720 378 760 Pctiit
408 733 591 772 quoquc
621 722 678 761 ab
700 721 861 761 eodem
882 721 1019 760 Patre
1046 720 1378 761 Serenissimus
1406 721 1520 768 Rex,
1544 727 1587 760 et
1608 721 1782 761 instant

166 792 461 832 vehementer
483 793 750 843 consiliarii,
774 798 823 832 ut
844 798 1093 844 componat
1111 792 1297 844 aliquod
1318 792 1643 843 compendium
1667 792 1782 832 chri-

165 863 424 902 stianorum
446 864 731 914 dogmatum,
764 869 807 903 et
830 863 1031 903 maxime
1052 863 1140 903 illis
1162 863 1217 903 de
1239 851 1391 913 rebus,
1416 863 1471 903 de
1499 863 1665 914 quibus
1693 862 1781 902 hoc

165 940 370 984 tempore
393 934 509 974 inter
528 935 783 974 catholicos
800 940 843 974 et
865 935 1128 974 haereticos
1145 934 1523 980 controvertitur,
1543 934 1663 985 quod
1680 946 1782 985 pro-

162 1010 383 1054 ponatur,
408 1017 512 1044 cum
534 1005 746 1044 omnibus
774 1005 1012 1055 regiarum
1035 1005 1384 1056 provinciarum
1404 1004 1662 1055 Parochiis,
1686 1011 1781 1044 tum

163 1075 410 1125 praecipue
433 1075 532 1114 istis
555 1074 941 1125 adolescentibus,
965 1082 1013 1115 ut
1034 1076 1252 1115 nimirum
1268 1076 1405 1115 finem
1422 1076 1564 1126 illum,
1589 1075 1661 1115 cui
1684 1076 1781 1115 des-

161 1145 390 1196 tinantur,
428 1153 554 1185 recte
590 1152 918 1196 assequantur,
957 1147 995 1185 si
1032 1147 1107 1186 ubi
1142 1147 1381 1197 religionis
1415 1152 1602 1186 nostrae
1639 1146 1781 1186 cardo

163 1221 389 1265 versatur,
413 1216 618 1258 perfecte
635 1217 871 1268 solideque
890 1216 1148 1257 didicerint.
1175 1217 1258 1257 Cui
1280 1218 1492 1268 petitioni
1516 1230 1610 1257 non
1630 1218 1779 1269 potuit

162 1286 378 1326 resistere
406 1286 557 1336 Pater,
588 1286 667 1326 sed
693 1299 750 1326 ne
779 1287 1050 1327 satisfacere
1078 1289 1306 1328 hactenus
1335 1289 1392 1328 ob
1421 1289 1781 1339 occupationum

163 1357 359 1396 aliarum
379 1357 733 1407 multitudinem,
760 1370 785 1397 a
807 1358 973 1408 quibus
992 1358 1068 1397 ubi
1090 1358 1203 1398 liber
1226 1358 1434 1398 nonnihil
1455 1359 1608 1409 fuerit,
1633 1365 1782 1399 sumet

162 1429 406 1468 molestum
428 1429 601 1479 absque
633 1428 771 1468 dubio
801 1435 844 1468 ct
864 1428 1094 1469 difficilem
1125 1430 1271 1479 illum,
1302 1430 1383 1469 sed
1410 1436 1565 1470 tamen
1595 1431 1778 1470 utilissi-

160 1510 299 1549 mum,
325 1498 598 1538 conficiendi
626 1499 889 1550 compendii
914 1500 1134 1539 laborem.
1158 1500 1263 1539 Non
1283 1512 1449 1551 parum
1479 1512 1660 1552 quoque
1690 1501 1779 1540 fru-

163 1576 262 1609 ctus
285 1570 407 1620 cepit
428 1570 548 1609 idem
569 1569 689 1609 Rdus
714 1569 763 1610 Ρ.
789 1570 1009 1610 Claudius
1032 1571 1077 1609 in
1099 1571 1404 1610 familiaribus
1426 1583 1531 1611 cum
1552 1571 1781 1621 professo—

161 1640 286 1679 ribus
305 1640 498 1691 aliquot,
519 1647 561 1680 et
579 1640 856 1692 quibusdam
873 1641 999 1691 aliis,
1020 1642 1283 1692 colloquiis,
1310 1654 1507 1693 quorum
1530 1643 1782 1683 confessio-

162 1723 242 1750 nes
265 1711 403 1750 etiam
426 1711 618 1751 audivit.

239 1781 329 1821 Sed
351 1781 470 1821 Rsslus
496 1793 677 1833 quoque
699 1782 748 1822 Ρ.
780 1783 1001 1823 Nicolaus
1032 1784 1086 1823 de
1114 1784 1277 1835 Lanoy
1303 1796 1397 1824 non
1427 1785 1718 1835 negligenter
1739 1792 1782 1824 et

163 1858 358 1892 venatur
386 1862 429 1892 et
456 1853 640 1904 arripit,
681 1860 904 1905 quantum
936 1861 1087 1905 potest
1115 1866 1197 1905 per
1231 1855 1595 1895 domesticarum
1626 1867 1781 1895 rerum

160 1923 609 1963 administrationem
626 1930 670 1964 et
690 1925 925 1975 publicum
942 1925 1136 1965 docendi
1158 1937 1339 1974 munus,
1359 1926 1415 1965 de
1432 1926 1645 1977 proximo
1667 1927 1782 1966 bene

159 1994 365 2034 merendi
387 1995 672 2034 occasiones.
696 1995 847 2035 Habet
874 1995 1012 2035 etiam
1041 2007 1149 2035 suos
1169 1996 1286 2036 filios
1307 1996 1586 2047 spirituales,
1611 2009 1782 2048 eosque

160 2065 329 2115 partim
346 2064 498 2115 Italos,
519 2066 686 2116 partim
701 2066 974 2117 Germanos,
996 2078 1111 2117 quos
1128 2066 1174 2106 in
1191 2066 1559 2106 confessionibus
1576 2067 1777 2107 instruit.

160 2135 348 2175 illorum
375 2136 583 2175 nonnulli
603 2136 649 2175 in
676 2136 764 2175 hoc
797 2137 1116 2177 sacratissimo
1144 2137 1264 2177 festo
1294 2136 1474 2177 Natalis
1495 2137 1699 2189 Domini,
1736 2139 1781 2178 in

163 2207 333 2257 templo
368 2206 766 2258 Praedicatorum,
804 2208 947 2247 multo
974 2209 1144 2259 populo
1173 2208 1403 2259 adstante,
1435 2209 1781 2249 sanctissimam

161 2278 532 2317 communionem
552 2278 792 2318 nobiscum
814 2290 1074 2330 suscepere.

240 2348 430 2388 Fratres
452 2349 592 2388 etiam
614 2360 774 2389 omnes
796 2349 1072 2399 charissimi,
1094 2350 1482 2403 quandocumque
1503 2363 1609 2403 spes
1627 2353 1780 2403 aliqua

161 2418 337 2458 fructus
359 2419 571 2470 affulget,
595 2432 699 2460 cum
719 2421 944 2472 proximis
965 2422 1257 2462 venientibus
1279 2428 1357 2462 aut
1379 2423 1673 2463 manentibus
1690 2424 1782 2462 ala-

160 2500 262 2527 cres
283 2495 327 2529 et
348 2496 589 2541 promptos
610 2491 669 2530 ad
688 2491 735 2531 id
755 2503 856 2532 sese
877 2491 1141 2532 ostendunt.

239 2559 309 2599 Ex
330 2562 500 2612 populo
526 2561 806 2602 Germanico
827 2563 929 2603 ideo
958 2563 1108 2603 minor
1136 2564 1315 2604 fructus
1342 2565 1568 2604 hactenus
1598 2572 1667 2605 est
1687 2566 1777 2605 col-

160 2632 320 2682 lectus,
346 2632 468 2683 quod
489 2644 625 2672 nemo
646 2633 764 2673 inter
785 2645 869 2673 nos
893 2634 964 2684 sit,
989 2635 1066 2685 qui
1086 2635 1288 2685 potuerit
1310 2646 1468 2675 semen
1496 2635 1780 2675 christianae

160 2702 346 2751 pietatis
366 2703 611 2753 semina1·e;
635 2715 877 2755 speramus
899 2711 1053 2745 tamen
1075 2717 1167 2745 non
1189 2706 1253 2745 ita
1274 2707 1418 2746 multo
1439 2712 1544 2757 post
1571 2711 1780 2757 tempore

159 2774 405 2813 nonnullos
427 2786 485 2813 ex
506 2775 638 2814 nobis
660 2774 705 2814 in
726 2776 876 2815 lucem
896 2776 1177 2827 prodituros,
1209 2776 1287 2827 qui
1314 2788 1493 2816 summo
1525 2783 1694 2817 conatu
1722 2778 1780 2817 ad

162 2843 205 2882 id
226 2855 274 2883 se
291 2843 387 2895 jam
409 2851 707 2896 praeparant.
731 2845 825 2886 Nec
847 2846 1110 2886 dubitamus
1133 2846 1351 2897 (Domino
1372 2847 1588 2898 propitio)
1611 2848 1667 2887 de
1688 2859 1779 2887 ma-

160 2924 252 2963 gno
273 2914 444 2965 fructu,
469 2916 667 2967 populus
688 2916 810 2956 enim
830 2916 905 2957 hic
925 2924 1094 2956 natura
1119 2918 1281 2968 bonus,
1311 2924 1355 2958 et
1378 2917 1436 2958 ad
1463 2919 1683 2969 pietatem
1705 2931 1780 2959 ve-

163 2984 400 3026 hementer
421 2998 682 3038 propensus
703 2998 803 3027 esse
827 2988 1022 3028 videtur.
1049 2988 1201 3039 Atque
1223 2988 1278 3028 de
1299 2989 1402 3028 aliis
1424 2989 1556 3029 haec.
