1987 3260
880 202 961 239 AN.
995 202 1085 239 1552
1728 204 1794 241 551

172 301 270 340 sine
293 299 503 339 molestia
525 305 620 338 tam
641 299 752 339 mihi
774 299 982 339 confiteri
1003 298 1258 339 volentium
1288 310 1426 350 quam
1452 300 1796 340 communican-

173 371 300 410 tium.

251 438 365 480 Sunt
386 445 630 490 praeterea
652 440 726 480 hic
754 440 962 491 quidam,
992 441 1070 492 qui
1101 441 1286 481 student
1315 441 1537 492 impedire
1566 442 1795 481 executio-

170 522 276 550 nem
305 510 658 561 privilegiorum
686 516 966 559 nostrorum,
991 512 1138 552 donec
1158 511 1306 552 bullas
1332 518 1518 551 nostras
1545 512 1795 552 ostenderi-

171 592 273 620 mus
294 579 405 620 R.m0
427 581 659 632 Episcopo
688 588 868 632 nostro,
898 582 961 622 ita
988 588 1036 622 ut
1063 594 1148 622 nec
1176 582 1491 622 confessiones
1522 583 1682 623 audire
1710 594 1796 623 nec

169 652 418 703 quicquam
439 663 659 692 exercere
675 664 933 703 possemus,
953 652 1160 693 dicentes
1177 653 1293 704 juris
1313 664 1415 693 esse
1442 660 1490 693 ut
1510 654 1637 693 nulla
1657 654 1794 705 privi-

170 722 306 772 legia,
330 722 482 762 nullae
507 722 671 767 bullae,
696 728 1120 774 quantumcumque
1142 723 1442 774 approbatae,
1466 723 1645 774 possint
1666 735 1794 763 exer-

170 793 263 833 ceri
281 793 369 833 nisi
390 793 553 833 eadem
574 794 703 844 prius
723 793 894 834 fuerint
916 794 1098 834 oblatae
1116 794 1346 845 Episcopo
1369 795 1473 834 loci.

249 863 330 903 Est
358 864 498 903 6113111
524 864 663 904 1110ᾶο
691 863 861 904 Rector
891 865 1221 905 Universitatis
1249 866 1442 915 electus,
1476 866 1554 917 qui
1586 866 1631 905 in
1660 866 1795 906 dictis

170 934 568 984 persecutionibus
589 934 644 974 de
674 935 812 974 rebus
835 934 1059 986 juvenum
1081 937 1358 976 emissorum
1386 937 1666 988 praecipuus
1700 937 1795 977 sere

166 1004 249 1044 fuit
281 1011 440 1045 noster
477 1006 791 1046 adversarius.
829 1004 905 1045 Sic
940 1006 1129 1056 quidam
1157 1006 1264 1046 boni
1298 1007 1436 1046 amici
1466 1008 1712 1047 consulunt
1744 1014 1794 1048 ut

167 1070 416 1116 offeramus
436 1077 668 1127 Episcopo
697 1077 846 1116 bullas
874 1082 1074 1116 nostras.
1108 1077 1298 1117 Fratres
1326 1084 1481 1118 autern
1511 1079 1657 1118 nostri
1687 1085 1794 1118 ante

163 1152 364 1196 quatuor
393 1152 472 1186 aut
499 1147 699 1197 quinque
726 1159 874 1187 annos
904 1147 1050 1187 simile
1077 1149 1186 1199 quid
1214 1149 1336 1200 apud
1366 1150 1578 1190 eumdem
1605 1150 1792 1201 Episco-

163 1227 273 1267 pum
305 1221 564 1267 tentarunt,
602 1222 646 1256 et
680 1218 940 1268 respondit:
982 1230 1112 1268 ecce,
1150 1219 1189 1258 si
1226 1220 1622 1272 Archiepiscopus
1662 1211 1794 1260 meus

163 1288 451 1328 consenserit
472 1288 605 1328 vobis
627 1289 673 1328 in
703 1300 786 1328 sua
814 1288 1038 1339 dioecesi,
1072 1301 1160 1340 ego
1189 1302 1371 1342 quoque
1398 1292 1445 1331 in
1472 1304 1575 1332 11163
1603 1303 1791 1332 60115611-

162 1358 276 1399 113111
296 1359 445 1399 vobis.
475 1360 532 1399 Et
551 1360 616 1399 ita
642 1360 813 1400 fratres
843 1361 1206 1411 supersederunt
1235 1372 1346 1400 suae
1371 1361 1598 1412 petitioni.
1628 1361 1792 1401 Archi-

164 1429 407 1480 episcopus
442 1435 596 1470 31116111
630 1430 704 1470 1116
735 1435 804 1469 651
830 1429 1228 1481 Archiepiscopus
1260 1432 1558 1481 coloniensis,
1590 1433 1668 1483 qui
1696 1432 1794 1483 jam

163 1507 232 1540 est
253 1501 300 1540 in
327 1501 548 1541 Concilio.
579 1500 627 1541 Si
654 1501 810 1553 itaque
837 1501 901 1541 ita
931 1513 979 1540 se
1007 1501 1195 1541 offerret
1223 1503 1568 1553 opportunitas,
1603 1509 1793 1554 possent

163 1571 327 1612 Patres
353 1572 500 1612 nostri
527 1572 583 1612 ab
611 1572 775 1612 eodem
800 1572 923 1612 istud
952 1573 1217 1624 impetrare,
1242 1579 1286 1612 et
1314 1574 1519 1624 Legatus
1539 1574 1788 1625 Imperato-

162 1641 246 1692 ris,
272 1642 349 1693 qui
372 1649 416 1682 et
446 1653 646 1693 magnae
675 1641 779 1682 fidei
806 1650 875 1683 est
905 1642 1028 1693 apud
1058 1643 1341 1694 Episcopum
1369 1650 1600 1694 nostrum,
1633 1651 1790 1695 posset

163 1714 476 1753 transcribere
510 1714 742 1764 Episcopo
777 1720 953 1754 nostro.
976 1714 1033 1754 Et
1061 1715 1124 1754 ita
1151 1714 1281 1753 fieret
1308 1720 1356 1754 ut
1384 1714 1605 1755 Coloniae
1632 1722 1676 1755 et
1705 1716 1787 1755 Lo-

164 1785 290 1823 vanii
317 1785 518 1836 quietius
545 1791 782 1824 uteremur
813 1785 1072 1836 privilegiis
1100 1786 1273 1826 nostris
1302 1793 1346 1826 et
1373 1785 1536 1837 majori
1566 1799 1673 1827 cum
1699 1787 1788 1827 fru-

163 1861 253 1895 ctu.
293 1855 409 1896 Cum
436 1857 558 1896 enim
585 1856 708 1908 apud
734 1856 837 1907 pios
865 1862 909 1896 et
936 1857 1180 1896 timoratos
1211 1857 1448 1908 spargitur
1482 1869 1568 1897 nos
1600 1858 1656 1897 ab
1687 1859 1789 1908 Epi-

162 1938 304 1978 scopo
326 1939 418 1967 non
439 1938 541 1967 esse
563 1927 805 1978 admissos,
830 1928 1039 1968 nonnihil
1060 1928 1256 1968 retrahit
1277 1940 1357 1968 eos
1379 1940 1405 1968 a
1427 1929 1574 1968 nobis.
1599 1929 1654 1968 Et
1674 1928 1790 1969 haec

162 1997 372 2047 tetigisse
394 1997 521 2037 satis.

240 2068 332 2108 Diu
366 2069 691 2119 proposuimus
718 2076 761 2109 et
784 2069 881 2120 jam
909 2069 1098 2109 tandem
1131 2070 1418 2121 incoepimus
1452 2081 1538 2109 nos
1569 2081 1789 2110 exercere

161 2140 302 2179 latine
331 2140 376 2179 in
411 2140 815 2180 exhortationibus
850 2141 973 2180 domi
1007 2146 1216 2191 nostrae,
1253 2148 1297 2181 et
1331 2141 1559 2181 Dominus
1586 2142 1664 2181 dat
1694 2153 1785 2180 ma-

161 2221 305 2259 gnam
324 2210 541 2260 gratiam.
566 2211 624 2250 Et
645 2222 926 2262 quamquam
948 2212 1134 2251 nonnisi
1160 2211 1292 2251 nobis
1322 2211 1697 2251 familiarissimis
1724 2212 1787 2251 in-

162 2279 389 2329 dicemus,
414 2280 602 2320 confluit
623 2286 779 2320 tamen
801 2287 930 2321 tanta
953 2282 1229 2322 clericorum
1252 2281 1511 2331 multitudo,
1535 2287 1584 2322 ut
1603 2281 1789 2332 plurimi

162 2350 401 2390 discedere
423 2357 675 2401 cogantur3
699 2352 839 2392 immo
860 2364 945 2392 nos
968 2353 1074 2404 ipsi,
1099 2352 1208 2392 dum
1230 2353 1287 2392 ab
1309 2353 1543 2392 auditione
1570 2364 1788 2405 vespera-

162 2432 278 2467 rum,
302 2432 328 2460 a
350 2421 560 2472 vesperis
587 2422 709 2461 enim
736 2422 1002 2473 incipimus,
1038 2423 1260 2471 redimus,
1292 2423 1583 2463 excludimur
1612 2430 1656 2463 et
1683 2434 1790 2464 cum

160 2491 350 2542 reliquis
381 2492 427 2531 in
462 2493 614 2543 platea
651 2499 774 2533 stare
809 2493 1033 2543 cogimur.
1067 2493 1228 2533 Timeo
1259 2498 1413 2533 autem
1448 2506 1505 2533 116
1541 2495 1789 2534 occasione

160 2560 271 2601 dicti
311 2562 450 2601 edicti
494 2562 798 2613 prohibeatur
841 2564 990 2603 nobis.
1039 2564 1260 2604 Consului
1306 2564 1534 2615 quosdam
1579 2570 1622 2603 et
1668 2565 1790 2604 idem

158 2632 334 2672 timent.
360 2632 456 2672 Nos
479 2633 672 2673 libenter
693 2645 998 2685 cessaremus3
1023 2634 1104 2674 sed
1121 2646 1208 2685 ego
1226 2646 1318 2673 non
1334 2645 1525 2685 possum
1542 2646 1644 2674 esse
1666 2635 1787 2686 quie-

159 2708 237 2741 tus
260 2702 306 2742 in
327 2702 466 2742 corde
487 2714 610 2753 meo;
634 2703 770 2743 video
800 2704 969 2744 fratres
999 2705 1057 2745 ad
1084 2716 1187 2745 eam
1215 2704 1328 2744 satis
1358 2705 1493 2744 valde
1523 2705 1715 2745 affectos
1744 2712 1789 2745 et

157 2773 307 2812 sentio
328 2773 699 2813 aedificationem
719 2786 811 2814 non
832 2787 1054 2826 parvam,
1088 2782 1183 2815 tam
1205 2776 1251 2815 in
1273 2777 1406 2816 nobis
1428 2789 1567 2829 quam
1591 2779 1637 2819 in
1663 2780 1787 2819 audi-

158 2842 351 2882 toribus.
377 2843 588 2893 Rogatus
608 2843 672 2883 fui
696 2844 796 2884 istis
818 2845 978 2885 diebus
1001 2859 1026 2885 a
1048 2846 1249 2897 quodam
1271 2847 1383 2886 mihi
1405 2847 1650 2889 confitente
1668 2861 1789 2889 anne

157 2913 298 2952 etiam
336 2914 482 2965 possit
521 2926 570 2953 se
606 2915 815 2955 similiter
851 2927 1083 2956 exercere.
1127 2915 1245 2956 Nam
1280 2923 1328 2956 ut
1363 2919 1517 2968 potius
1554 2920 1790 2960 diceretur

158 2984 436 3024 exercitium
471 2996 609 3035 quam
635 2986 757 3025 seria
785 2987 1063 3037 exhortatio,
1094 2988 1180 3038 ipsi
1205 2987 1422 3039 juvenes,
1455 3002 1547 3030 non
1575 2991 1786 3031 sacerdo—
