1987 3260
226 179 296 215 392
735 176 958 212 LITTERAE
987 186 1342 218 oummnusssrasss

226 275 337 325 fere,
360 274 661 313 Germaniam
683 279 727 312 et
748 272 943 312 Italiam.
967 270 1059 311 Sex
1075 276 1318 322 praeterea
1334 271 1600 320 linguarum
1621 268 1844 309 idiomata

227 351 366 395 tenet,
391 344 652 393 hebraicae,
676 343 874 393 italicae,
898 341 1183 392 hispanicae,
1207 340 1520 391 germanicae,
1543 339 1765 379 turcicae.

309 415 454 455 Incidi
489 415 765 466 quandoque
799 413 846 452 in
880 411 1209 452 conventicula
1244 410 1552 462 quorumdam
1590 410 1846 459 hominum,

231 487 306 537 qui
335 487 599 537 spirituales
627 485 858 534 videntur,
888 495 937 522 re
966 489 1120 522 autem
1149 493 1261 521 vera
1288 493 1454 532 parum
1483 481 1701 520 catholici
1727 486 1847 530 sunt,

232 557 330 608 ubi,
355 568 426 597 me
447 562 713 608 praesente,
748 555 787 594 si
814 566 906 593 non
937 553 1094 593 sanius
1116 552 1339 602 sentiunt,
1370 557 1494 591 certe
1521 563 1653 592 suam
1680 551 1850 602 opinio—

232 639 338 667 nem
357 634 402 667 et
424 627 703 667 sententiam
725 625 1032 664 dissimulant.
1063 622 1282 663 Nonnulli
1307 622 1449 662 etiam
1476 622 1554 673 qui
1581 621 1853 661 manifestae

232 699 481 751 haereseos
502 697 662 736 morbo
684 697 912 745 laborant,
937 694 1109 734 nostris
1130 693 1436 733 familiaribus
1457 692 1699 743 colloquiis
1719 697 1763 731 et
1783 704 1853 731 ra-

231 769 432 809 tionibus
452 767 621 816 vincti,
655 767 712 806 ad
736 766 984 805 sanitatem
1014 764 1207 804 redeunt
1237 769 1281 803 et
1309 762 1602 814 resipiscunt.
1632 761 1759 802 Libri
1784 773 1852 801 su-

232 846 418 891 spectae
450 838 689 878 doctrinae
721 849 746 876 a
775 837 954 886 Legato
984 834 1221 874 Pontificis
1256 832 1447 873 subinde
1474 833 1658 883 legendi
1692 844 1746 872 ac
1782 832 1852 871 de-

233 910 440 950 struendi
457 909 588 949 nobis
609 907 974 947 committuntur.

313 981 382 1020 De
410 979 636 1029 singulari
664 977 768 1017 Rani
797 977 855 1016 D.
888 976 1063 1016 Prioris
1084 987 1198 1027 erga
1219 988 1303 1015 nos
1325 975 1649 1015 benevolentia
1674 980 1718 1013 et
1750 974 1854 1013 cha-

234 1052 390 1099 ritate,
422 1062 527 1090 cum
555 1062 609 1089 ea
636 1049 843 1100 pluribus
868 1047 963 1099 jam
992 1059 1085 1087 non
1120 1047 1270 1086 dubiis
1299 1046 1587 1097 argumentis
1612 1050 1857 1096 perspecta

235 1122 293 1161 sit
314 1121 548 1169 omnibuS,
585 1130 990 1171 supervacaneum
1020 1129 1143 1157 nunc
1170 1117 1354 1156 Videtur
1383 1116 1600 1156 scribere.
1633 1115 1853 1165 Conatur‚

234 1199 283 1232 ut
304 1193 375 1232 sui
395 1192 538 1232 moris
559 1197 647 1239 est,
673 1202 813 1241 supra
841 1190 967 1228 vires
995 1200 1118 1238 suas,
1148 1193 1198 1227 ut
1221 1198 1360 1238 quam
1381 1187 1567 1226 minime
1594 1186 1859 1225 laboremus

234 1264 429 1315 penuria
463 1274 619 1302 rerum
649 1260 1036 1308 necessariarum,
1067 1265 1110 1298 et
1140 1264 1326 1298 nostros
1348 1264 1543 1297 conatus
1570 1268 1655 1308 pro
1687 1256 1859 1296 anima-

235 1346 338 1373 rum
360 1335 529 1380 salute,
560 1338 785 1383 quantum
813 1336 985 1382 potest,
1016 1329 1177 1369 nititur
1202 1340 1495 1380 promovere.
1528 1327 1740 1378 Denique
1768 1338 1858 1365 ma-

235 1417 330 1456 gna
351 1416 456 1456 spes
478 1410 560 1455 est,
587 1409 645 1453 et,
671 1403 777 1442 licet
800 1402 889 1441 loci
911 1401 1030 1440 adsit
1056 1399 1428 1450 incommoditas,
1450 1399 1680 1438 maximus
1706 1403 1861 1436 tamen

237 1482 279 1516 et
299 1475 575 1525 uberrimus,
601 1473 868 1525 adspirante
890 1472 1108 1520 Domino,
1133 1475 1431 1521 exspectatur
1453 1474 1731 1520 proventus,
1756 1479 1860 1507 cum

237 1548 381 1586 multa
407 1546 547 1585 etiam
578 1544 789 1595 polliceri
824 1543 1039 1582 videatur
1073 1540 1231 1592 populi
1260 1540 1315 1580 de
1345 1539 1477 1579 nobis
1505 1538 1786 1579 existimatio
1817 1544 1861 1577 et

238 1616 512 1657 aedificatio.
548 1615 780 1665 Dignetur
809 1613 965 1653 omnia
997 1611 1255 1652 secundare
1287 1616 1330 1650 et
1359 1621 1532 1660 augere
1559 1610 1657 1657 ille,
1690 1608 1767 1659 qui
1797 1608 1859 1647 in-

238 1687 444 1736 choavit,
467 1685 695 1725 Dominus
717 1689 875 1723 noster
895 1683 1031 1735 Jesus
1060 1681 1287 1730 Christus,
1323 1681 1398 1732 qui
1427 1688 1495 1720 est
1523 1680 1793 1720 benedictus
1815 1678 1862 1717 in

236 1758 408 1797 secula.
433 1756 597 1796 Amen.

320 1827 550 1876 Venetiis,
573 1827 663 1865 kal.
688 1825 970 1877 Septembris
996 1824 1109 1862 15:31.

1187 1947 1413 1988 ANDREAS
1441 1946 1648 1986 Fausms.
