1987 3260
895 176 978 212 AN.
1009 176 1100 213 1552
1324 174 1327 175 ’
1726 179 1814 225 ,477

187 277 325 323 natu,
349 278 393 311 et
414 272 568 312 multis
590 272 904 312 adnitentibus
923 271 1095 312 frustra
1117 278 1166 313 ut
1187 279 1464 324 separarent
1485 284 1586 324 eos,
1621 274 1809 331 tandem

187 348 402 393 parentes
424 341 482 382 ad
503 353 587 381 nos
614 348 865 393 venerunt,
897 349 1120 393 rogantes
1148 348 1197 383 ut
1227 354 1346 383 unus
1373 348 1586 383 nostrum
1617 343 1676 383 ad
1704 356 1809 384 eum

181 412 450 462 -accederet;
488 423 627 464 quam
661 413 955 464 provinciam
988 413 1182 454 libenter
1216 424 1336 453 unus
1369 419 1581 454 nostrum
1615 414 1804 466 subivit,

186 494 270 524 nec
291 495 396 524 eum
416 483 620 534 reliquit,
645 484 755 535 quin
775 484 1065 536 promitteret
1087 485 1274 524 omnino
1296 495 1346 524 se
1377 484 1678 525 dimissurum
1703 497 1809 541 con—

182 554 423 602 cubinam;
444 554 567 606 quod
588 560 632 595 et
654 554 775 605 fecit,
799 561 843 595 et
864 555 1025 606 paucis
1047 555 1207 595 diebus
1228 555 1535 606 intermediis,
1559 555 1711 596 denuo
1732 557 1807 597 ad-

192 632 390 665 vocatus
410 631 480 665 est
500 625 721 665 sacerdos
743 626 802 665 ad
824 625 1076 675 infirmum,
1108 633 1151 665 et
1183 625 1479 666 confessione
1507 625 1604 677 ejus
1631 627 1807 677 audita,

185 694 498 748 beneficioque
521 697 825 736 absolutionis
846 702 1111 747 consecuto,
1135 697 1299 736 eadem
1322 702 1459 737 nocte
1475 697 1720 749 migravit,
1743 699 1808 738 uti

180 778 425 818 speramus
446 767 492 807 in
513 767 729 818 Domino,
754 768 813 808 ad
829 768 1078 807 coelestem
1099 767 1316 819 patriam.

261 837 525 889 Quaedam,
563 850 680 890 quae
714 837 874 878 decem
907 844 951 878 et
987 843 1091 878 octo
1124 849 1273 878 annos
1300 838 1485 878 vixerat
1511 838 1559 878 in
1593 839 1808 893 concubi-

183 914 314 959 natu,
339 920 563 960 persuasa
587 922 612 949 a
634 909 908 960 quibusdam
929 909 1112 959 vicinis,
1137 909 1215 960 qui
1237 914 1406 948 octavo
1429 921 1612 960 quoque
1634 909 1708 949 die
1728 921 1808 949 no-

182 977 252 1019 bis
286 980 584 1030 confitentur,
613 986 662 1020 ut
696 980 929 1020 desineret
954 978 1106 1019 Deum
1140 978 1400 1029 offendere,
1439 980 1498 1019 ad
1534 979 1811 1020 concionem

183 1050 432 1102 aliquando
454 1051 676 1101 adducta,
701 1051 760 1090 ad
780 1050 1035 1102 perfectam
1066 1061 1256 1090 suorum
1285 1055 1590 1101 peccatorum
1611 1049 1807 1090 detesta-

182 1120 353 1161 tionem
374 1121 607 1172 pervenit,
632 1121 972 1161 confessionem
1000 1121 1269 1172 generalem
1289 1120 1423 1171 fecit,
1457 1129 1502 1161 et
1532 1128 1809 1172 perseverat

182 1191 362 1231 decimo
383 1198 550 1243 quarto
570 1203 753 1243 quoque
776 1192 848 1231 die
870 1191 1102 1242 confiteri;
1131 1197 1175 1231 et
1204 1197 1386 1231 tantum
1417 1191 1615 1243 profecit
1636 1197 1684 1231 ut
1715 1204 1809 1232 non

181 1262 329 1301 solum
350 1262 533 1302 illicitas
555 1262 709 1302 carnis
731 1262 973 1301 illecebras
994 1261 1165 1313 fugiat,
1189 1262 1271 1301 sed
1293 1268 1337 1301 et
1360 1273 1387 1301 a
1414 1262 1540 1302 licito
1574 1262 1806 1303 matrimo—

179 1331 291 1372 niali
313 1344 398 1372 usu
421 1333 609 1373 omnino
631 1332 864 1372 abstinere
887 1333 1163 1373 decreverit.

259 1403 449 1455 Aliquot
468 1404 672 1444 familiae
693 1409 814 1455 sunt,
839 1416 958 1455 quae
979 1416 1037 1444 ex
1056 1404 1287 1455 frequenti
1309 1404 1654 1444 auscultatione
1670 1405 1804 1445 verbi

179 1472 266 1514 Dei
295 1481 339 1514 et
366 1486 451 1514 usu
487 1480 889 1514 sacramentorum
923 1474 1230 1514 confessionis
1261 1480 1304 1514 et
1332 1474 1673 1514 communionis
1708 1481 1804 1515 tan-

178 1551 274 1584 tum
308 1545 626 1596 profecerunt,
664 1551 714 1585 ut
747 1557 839 1585 non
867 1546 1134 1585 saeculares
1171 1545 1252 1585 sed
1279 1545 1472 1596 perfecti
1507 1545 1716 1596 religiosi
1741 1546 1804 1586 vi-

177 1615 387 1656 deantur.
433 1616 651 1666 Quotidie
685 1627 768 1667 per
803 1617 977 1668 aliquot
1010 1616 1154 1656 horas
1193 1617 1344 1667 legem
1383 1615 1575 1655 Domini
1615 1615 1804 1668 ejusque

179 1686 323 1727 vitam
357 1687 653 1727 meditantur.
685 1686 802 1727 Cum
831 1687 1015 1727 Christo
1044 1687 1311 1726 desiderant
1338 1686 1571 1738 quaelibet
1601 1687 1723 1738 pati,
1761 1694 1805 1727 et

176 1757 215 1797 si
254 1758 319 1797 eis
365 1758 750 1809 concederemus,
799 1757 1181 1798 mortificationes
1224 1758 1434 1809 publicas
1478 1757 1687 1798 facerent
1708 1770 1717 1798 :
1761 1764 1805 1798 et

177 1840 335 1869 eorum
357 1831 569 1881 exemplo
593 1830 652 1869 ad
671 1830 867 1869 aliorum
889 1829 1134 1869 utilitatem
1151 1829 1271 1869 Κέω
1292 1829 1340 1869 Ρ.
1361 1829 1541 1869 Natalis
1565 1829 1805 1869 orationes

176 1900 399 1950 quasdam
424 1901 657 1940 ordinavit
679 1912 759 1952 per
782 1900 970 1940 modum
992 1900 1184 1950 rosarii,
1217 1900 1263 1940 in
1294 1900 1460 1951 quibus
1490 1901 1647 1940 omnia
1674 1912 1804 1951 prae-

176 1971 311 2022 cipua
335 1972 557 2022 mysteria
579 1972 705 2011 vitae
727 1978 769 2011 et
790 1971 1023 2022 passionis
1045 1971 1219 2011 Christi
1240 1971 1377 2010 facile
1409 1983 1457 2010 se
1486 1971 1629 2010 menti
1655 1970 1803 2021 cujus-

176 2041 283 2081 libet
318 2041 545 2091 offe1-unt3
581 2054 717 2093 quem
751 2042 938 2081 modum
974 2041 1137 2081 orandi
1172 2042 1328 2081 multis
1369 2041 1467 2082 fore
1507 2042 1804 2081 utilissimum

174 2123 437 2162 speramus,
475 2113 593 2152 sicut
624 2119 667 2152 et
700 2124 821 2152 nunc
856 2113 903 2152 in
936 2112 1100 2163 paucis
1136 2113 1317 2163 experti
1353 2123 1527 2152 sumus.
1566 2113 1623 2152 Et
1660 2113 1801 2164 aliqui

173 2195 354 2233 eorum,
380 2184 456 2234 qui
480 2183 665 2222 vinculo
688 2183 970 2222 matrimonii
988 2182 1136 2234 juncti
1158 2189 1285 2234 sunt,
1306 2183 1403 2234 jam
1424 2184 1482 2223 ab
1513 2184 1715 2223 invicem
1746 2183 1802 2223 de

174 2254 407 2293 communi
429 2265 659 2293 consensu
681 2253 891 2304 separari
912 2259 955 2293 et
976 2254 1021 2293 in
1042 2254 1267 2305 religione
1295 2254 1378 2293 sub
1409 2254 1672 2294 obedientia
1700 2254 1801 2294 Deo

174 2323 400 2363 inservire
421 2330 711 2375 proponunt,
736 2330 779 2364 et
796 2323 892 2375 jam
914 2335 940 2363 a
961 2325 1117 2364 multis
1138 2325 1375 2364 mensibus
1397 2325 1442 2365 in
1470 2325 1671 2375 puritate
1703 2337 1800 2365 cor-

178 2395 306 2444 poris
328 2395 398 2434 sui
420 2400 586 2445 sponte
605 2394 786 2434 vivunt.

253 2465 369 2505 Cum
403 2477 545 2505 senex
581 2465 768 2516 quidam
795 2471 839 2505 et
867 2466 997 2506 dives
1031 2472 1303 2517 aegrotaret
1338 2472 1381 2507 et
1415 2467 1665 2507 haeredem
1697 2450 1801 2518 pro-

173 2534 410 2587 pinquum,
437 2536 513 2587 qui
535 2536 575 2575 ei
597 2536 881 2585 succederet,
903 2548 996 2576 non
1015 2536 1208 2577 haberet
1229 2544 1273 2577 et
1294 2537 1350 2578 de
1371 2538 1676 2590 relinquenda
1698 2538 1800 2577 aliis

175 2606 462 2647 haereditate
498 2607 748 2657 cogitaret,
785 2607 974 2659 quidam
1001 2619 1060 2648 ex
1085 2607 1393 2649 familiaribus
1429 2609 1526 2660 ejus
1556 2610 1673 2649 haec
1704 2610 1799 2654 ani-

171 2677 489 2727 madvertens,
514 2678 779 2717 subornatis
800 2677 930 2718 falsis
950 2679 1144 2718 testibus
1166 2678 1224 2719 ad
1246 2679 1640 2730 corrumpendum
1669 2685 1797 2719 nota-

170 2747 290 2787 rium
311 2748 519 2798 confugit
543 2754 607 2798 et,
632 2748 771 2788 certis
791 2749 941 2799 pactis
963 2749 1070 2789 hinc
1091 2749 1197 2789 inde
1219 2750 1511 2801 compositis,
1544 2750 1714 2790 falsum
1734 2750 1798 2790 in-

170 2824 478 2858 strumentum
508 2818 829 2869 confecerunt,
864 2820 909 2860 in
937 2831 1027 2870 quo
1056 2820 1141 2860 iste
1178 2832 1322 2860 senex
1355 2820 1607 2860 donatione
1636 2821 1798 2872 (quam

168 2887 326 2928 dicunt
360 2889 478 2929 inter
510 2890 644 2929 vivos
672 2895 716 2929 et
750 2890 1138 2941 irrevocabiliter)
1161 2891 1236 2931 isti
1267 2903 1352 2931 suo
1387 2891 1605 2934 familiari
1641 2878 1799 2939 omnia

160 2969 252 2998 sua
274 2959 489 3008 donaret;
520 2959 676 3010 sicque
705 2972 787 3011 per
817 2961 998 3012 aliquot,
1023 2972 1204 3004 menses
1235 2967 1432 3008 mortem
1462 2962 1587 3008 senis
1612 2968 1797 3013 specta-
