1987 3260
869 167 952 204 AN.
984 167 1069 204 1551
1710 166 1775 202 401

159 277 283 306 cruz.
308 265 362 305 El
382 264 438 304 de
459 267 485 304 a
506 264 564 305 V.
590 263 639 303 P.
663 275 716 304 su
737 263 980 303 santisima
996 263 1158 313 gracia
1180 274 1267 302 con
1289 261 1522 301 cotidiano
1545 268 1776 301 aumento.

162 335 326 375 Amen.

241 405 310 446 De
330 405 496 446 Alcala
521 405 581 444 l.O
601 405 655 444 de
677 404 931 445 Setiembre
953 403 1008 443 de
1029 403 1195 444 MDLI.

241 475 310 516 De
331 475 389 516 V.
415 475 463 515 P.
487 474 581 526 hijo
604 475 902 526 indignisimo
925 486 981 514 en
1004 474 1158 515 Cristo

1300 615 1566 656 DIONYSIUS.

243 832 609 884 Superscmptm.
638 797 736 872 liis
768 832 825 872 Al
853 843 963 882 muy
980 830 1082 871 R.d0
1104 841 1161 870 en
1182 830 1272 871 C.¹0
1290 830 1331 869 el
1351 829 1400 869 P.
1426 828 1630 868 Maestm
1650 827 1782 879 Igna-

163 904 250 950 cio,
275 902 515 954 Preposito
537 903 739 943 General
759 903 814 942 de
834 903 879 941 la
898 901 1155 952 Compafiia
1176 901 1231 941 de
1252 901 1408 953 Jews,
1432 911 1489 939 en
1510 899 1675 942 Roma.

244 973 451 1013 Polcmcz‘
469 985 612 1013 mann
629 973 678 1012 in
699 976 872 1024 quarta
886 972 1094 1024 pagina:
1119 972 1232 1021 1551,
1257 971 1437 1012 Alcala.

254 1044 514 1095 Vestigium
535 1044 695 1094 sigilli
712 1043 759 1083 su
781 1055 886 1083 cera
908 1043 1066 1083 rubra.

921 1398 1032 1451 GH

240 1627 282 1663 P.
302 1626 554 1663 Leonardus
568 1625 726 1663 Kessel

283 1692 402 1728 Patri
422 1691 590 1738 Ignatio
612 1691 665 1728 de
684 1690 867 1738 Loyola.

330 1755 525 1801 Colonia,
549 1755 564 1792 1
586 1755 858 1802 Septembris
877 1754 962 1792 1551
981 1755 1007 1792 ¹.

941 1929 1038 2005 11'115

247 2108 411 2148 Gratia
432 2114 475 2147 et
497 2119 589 2159 pax
618 2107 790 2148 Christi
811 2106 1001 2147 Domini
1033 2107 1091 2147 sit
1119 2118 1303 2157 semper
1332 2107 1378 2146 in
1400 2106 1612 2146 omnibus
1639 2105 1786 2146 nobis.

247 2178 655 2218 Reverendissime
677 2178 723 2217 in
744 2177 930 2218 Christo
947 2177 1102 2217 Pater.

246 2249 474 2300 Proposui
508 2248 595 2288 Dei
624 2248 779 2299 gratia
811 2247 859 2287 P.
890 2247 950 2288 V.
981 2248 1146 2299 paucis
1181 2248 1477 2288 conscribere
1508 2259 1712 2299 quonam
1748 2248 1795 2287 in

169 2327 291 2360 statu
313 2331 388 2360 res
410 2326 599 2359 nostrae
627 2318 848 2359 Coloniae
877 2330 926 2359 se
954 2319 1179 2369 habeant,
1209 2319 1345 2358 simul
1372 2319 1513 2359 etiam
1539 2318 1594 2358 de
1624 2318 1793 2368 fructu,

170 2402 306 2442 quem
340 2390 469 2430 Deus
505 2389 720 2441 Optimus
754 2389 988 2430 Maximus
1023 2389 1099 2429 hic
1135 2389 1320 2441 operari
1355 2389 1574 2440 dignatus
1610 2395 1680 2429 est
1708 2389 1796 2429 hoc

172 2472 329 2501 mense
358 2460 574 2511 Augusti.

252 2531 301 2572 In
322 2531 483 2583 primis
509 2542 763 2583 numquam
791 2542 981 2582 possum
1011 2530 1060 2570 P.
1093 2531 1152 2571 V.
1185 2531 1299 2571 satis
1329 2531 1510 2582 gratias
1539 2542 1682 2582 agere
1713 2543 1797 2583 pro

173 2610 301 2643 tanto
322 2602 460 2642 Patre
488 2609 532 2643 et
559 2601 815 2653 confratre,
844 2613 928 2653 pro
950 2601 1151 2641 Domino
1172 2602 1351 2642 scilicet
1372 2601 1585 2642 Arnoldo
1607 2601 1637 2653 ²,
1663 2614 1799 2654 quem

172 2673 220 2713 P.
246 2673 304 2714 V.
329 2673 388 2714 ad
408 2685 493 2713 nos
515 2673 653 2723 misit,
677 2672 807 2724 cujus
828 2672 1058 2724 colloquio
1080 2678 1125 2712 et
1145 2672 1502 2712 conversatione
1529 2673 1724 2713 multum
1754 2673 1800 2713 in

174 2743 375 2783 Domino
393 2743 590 2794 reficior,
611 2755 696 2783 nec
713 2755 860 2794 parvo
878 2754 984 2782 cum
999 2742 1153 2782 fructu
1170 2742 1391 2783 Coloniae
1409 2750 1578 2792 manet3
1603 2755 1800 2795 corpore

175 2826 296 2854 nunc
317 2827 460 2855 sanus
481 2821 525 2855 et
546 2814 678 2854 fortis
700 2820 788 2864 est,
812 2815 913 2854 laus
940 2813 1041 2854 Deo
1070 2813 1390 2864 omnipotenti.
1420 2814 1524 2865 Ipso
1547 2814 1620 2854 die
1642 2813 1801 2855 Sancti

232 2926 240 2944 ¹
281 2926 528 2959 Autographae
544 2926 574 2953 in
589 2926 668 2953 solio
684 2926 820 2960 duplici.
837 2925 889 2952 cui
905 2925 984 2952 olim
1000 2932 1053 2952 nn.
1071 2924 1125 2951 390
1139 2929 1172 2951 et
1186 2924 1249 2958 391,
1266 2932 1351 2952 nunc
1363 2925 1398 2951 88
1413 2929 1445 2952 et
1456 2926 1501 2952 89.

232 2972 246 2991 ²
283 2972 318 2998 P.
336 2973 507 3000 Arnoldus
523 2973 662 3000 Hezeus.

370 3030 418 3066 T.
442 3043 466 3066 1.
1547 3033 1591 3065 26
