1987 3260
223 197 295 234 596
740 196 963 232 LITTERAE
990 206 1345 238 QUADleEsTREs

226 300 363 344 atque
383 292 592 332 scribunt
613 291 783 342 singuli
809 291 855 330 in
882 291 978 331 suis
1006 291 1134 330 libris
1162 293 1461 343 exceptoriis.
1491 292 1741 343 Theologi‚
1774 294 1853 343 qui

225 364 416 404 audiunt
437 375 562 413 eum,
589 368 697 402 sunt
719 366 844 412 octo,
869 367 912 401 et
932 361 1029 401 fere
1063 373 1223 401 omnes
1252 363 1428 412 ingenii
1459 364 1559 403 acie
1590 369 1847 414 praestant,

226 434 506 485 cupiuntque
527 444 687 472 omnes
708 432 755 472 in
775 431 963 471 Domini
984 432 1150 483 spiritu
1169 432 1411 483 proficere.
1434 433 1658 483 Magnum
1678 433 1849 473 habent

224 505 456 544 fervorem
482 514 746 554 magnaque
782 502 1013 542 desideria
1040 503 1386 554 promptissime
1414 503 1679 553 obediendi,
1712 515 1850 555 quam

224 575 451 615 Dominus
471 578 678 625 praestet
698 573 830 613 nobis
850 573 1068 624 gratiam.
1092 573 1232 614 Pater
1251 579 1411 614 noster
1431 574 1739 614 Provincialis
1760 574 1853 614 hac

224 651 359 685 nocte
389 644 607 685 Valentia
638 643 697 683 ad
728 655 814 683 nos
840 644 1075 695 pervenit,
1107 644 1245 684 valde
1281 656 1536 685 concussus
1567 650 1705 696 atque
1737 645 1852 684 satis

224 717 342 756 male
370 716 546 755 habens
572 720 762 766 propter
797 720 977 754 aestum
1010 715 1225 766 nimium,
1262 726 1352 766 quo
1383 715 1429 754 in
1462 715 1627 754 itinere
1661 726 1851 766 pressus

224 793 308 837 est3
332 786 492 826 morbo
517 785 623 825 licet
644 785 736 835 illo,
761 796 897 836 quem
918 785 1139 825 ceaticam
1160 785 1303 836 vulgo
1325 785 1535 836 dicimus,
1561 785 1619 825 sit
1644 786 1850 837 aliquan—

223 865 319 897 tum
349 858 552 906 levatus,
590 861 696 896 sunt
729 856 821 896 alia
849 861 894 895 et
920 856 1010 895 alia
1039 856 1309 896 morborum
1335 866 1525 906 genera,
1555 868 1674 907 quae
1703 857 1749 896 in
1770 857 1848 896 illo

222 928 529 979 pullulascere
555 926 785 966 videntur.
814 926 1090 967 Consolatur
1112 938 1197 966 nos
1223 932 1379 966 tamen
1409 927 1615 967 maxima
1644 926 1743 978 ejus
1770 939 1849 979 pa-

222 999 398 1039 tientia.
431 998 662 1038 Dominus
695 997 760 1037 illi
793 997 1004 1037 conferat
1031 1009 1134 1037 eam
1161 998 1381 1047 salutem,
1412 1009 1552 1049 quam
1585 998 1682 1049 ipse
1718 999 1848 1039 novit

222 1070 354 1109 nobis
375 1074 419 1109 et
450 1068 538 1119 ipsi
568 1068 911 1118 necessariam3
933 1074 978 1108 et
1000 1067 1225 1108 concedat
1254 1068 1387 1108 nobis
1416 1079 1549 1108 suam
1579 1080 1774 1109 noscere
1803 1076 1847 1110 et

222 1140 475 1191 adimplere
493 1150 674 1190 semper
691 1139 995 1179 voluntatem.

299 1210 352 1251 N.
377 1210 425 1250 P.
449 1210 660 1261 Baptista
681 1209 947 1260 caeterique
967 1208 1131 1249 Patres
1152 1214 1289 1260 atque
1311 1208 1481 1249 fratres
1502 1216 1724 1260 exoptant
1755 1211 1847 1250 tuis

220 1281 507 1322 orationibus
529 1286 666 1332 atque
684 1280 889 1320 omnium
906 1280 1008 1319 istie
1025 1280 1323 1320 existentium
1340 1279 1440 1319 Deo
1457 1280 1708 1331 plurimum
1724 1292 1848 1320 eom-

221 1353 450 1402 mendari;
475 1351 596 1391 idem
617 1356 661 1391 et
682 1361 787 1402 egO,
811 1351 1052 1391 abortivus
1071 1351 1198 1401 licet,
1224 1356 1329 1390 tuus
1350 1350 1489 1400 filius,
1514 1350 1651 1390 Pater
1669 1351 1745 1401 mi,
1770 1352 1846 1391 ob-

220 1424 328 1463 nixe
350 1428 471 1474 peto.

303 1493 431 1533 Vale.
457 1492 682 1541 Ganffiae,
704 1493 852 1543 pridie
875 1492 1105 1532 Calendas
1126 1491 1237 1531 Maii
1258 1503 1378 1531 anno
1409 1491 1522 1530 1552.

299 1564 635 1604 Commissione
652 1563 804 1603 Patris
822 1562 980 1603 Nostri
998 1563 1249 1614 Baptistae.

299 1635 425 1674 Tuus
445 1634 794 1685 indignissimus
815 1633 954 1683 filius,

1379 1773 1625 1815 NAVARRo.

300 1988 464 2038 [pssns
494 1988 544 2039 s.
579 1987 670 2027 Plz.
714 1986 811 2027 Vsto
843 1998 986 2025 malm
1015 1986 1062 2025 sn
1095 1990 1267 2036 quarta
1295 1986 1506 2037 pagiua:
1540 1987 1611 2027 Ex
1645 1986 1847 2028 Gaudia.

224 2058 337 2098 1552.
362 2058 415 2108 Q.
440 2058 591 2097 Gand.
616 2056 740 2108 Maji.
