1987 3260
226 174 298 211 304
739 174 819 211 L1T
829 184 965 210 rERAE
992 185 1348 217 QUADRIMESTRES

884 623 1185 679 LXXXIV

299 849 345 885 P.
368 850 691 888 Maximilianus
713 851 921 899 Chapelle

348 915 467 951 Patri
485 914 654 962 Ignatio
675 915 728 952 de
748 916 930 963 Loyola.

393 978 673 1025 Salmantica,
695 980 717 1017 3
736 980 857 1027 Maji,
882 980 967 1017 1551
991 981 1015 1016 ¹.

992 1154 1089 1230 If-ls

311 1329 576 1370 Admodum
597 1330 871 1371 Reverende
893 1331 940 1371 in
961 1331 1146 1371 Christo
1168 1331 1321 1372 Pater.

308 1400 471 1440 Gratia
501 1407 545 1441 et
571 1413 665 1452 pax
692 1401 882 1441 Domini
908 1402 1058 1441 nostri
1083 1402 1193 1455 Jesu
1228 1401 1400 1442 Christi
1427 1407 1471 1442 et
1498 1402 1857 1442 communicatio

231 1470 391 1512 Sancti
411 1470 609 1523 Spiritus
629 1484 812 1523 semper
834 1472 892 1512 sit
908 1472 1166 1512 nobiscum.

310 1541 550 1593 Superiori
579 1543 775 1594 epistola
797 1543 965 1594 scripsi
985 1542 1035 1583 P.
1058 1543 1109 1584 T.
1135 1555 1253 1594 quae
1274 1549 1318 1583 et
1339 1548 1514 1595 quanta
1538 1543 1769 1584 Dominus
1800 1556 1856 1583 ex

231 1613 479 1662 benignate
500 1625 584 1653 sua
611 1614 832 1664 dignatus
864 1614 922 1653 sit
943 1614 1128 1665 operari
1148 1625 1230 1664 per
1247 1613 1295 1654 Ρ.
1316 1613 1571 1654 Doctorem
1591 1614 1605 1632 ²
1628 1620 1857 1655 caeteros—

234 1694 321 1735 que
341 1683 526 1734 fratres,
551 1695 668 1735 quos
696 1684 783 1723 sibi
814 1684 1008 1724 comites
1036 1689 1080 1725 et
1107 1684 1403 1736 coadjutores
1430 1685 1681 1736 asciverat,
1712 1685 1771 1725 ad
1793 1685 1855 1724 in-

227 1753 416 1804 junctae
448 1754 533 1793 sibi
558 1754 840 1794 visitationis
862 1755 1063 1795 officium
1090 1755 1137 1794 in
1170 1755 1391 1806 burgensi
1413 1754 1615 1796 dioecesi
1640 1754 1654 1774 ³
1682 1755 1855 1796 rectius

233 1824 566 1875 exequendum.

306 1895 424 1935 Toto
447 1901 601 1935 autem
622 1896 709 1935 hoc
735 1896 1083 1947 quadrimestri‚
1116 1897 1268 1936 nullus
1300 1908 1460 1936 eorum
1490 1896 1854 1948 praedicationis

227 1977 408 2016 munus,
431 1967 506 2006 vel
526 1966 722 2018 alicujus
745 1967 934 2007 alterius
957 1967 1210 2018 spiritualis
1227 1967 1432 2007 muneris
1453 1967 1754 2017 functionem,
1780 1980 1854 2009 ex-

228 2042 299 2076 tra
327 2037 565 2077 civitatem
596 2035 611 2055 ⁴
639 2038 871 2087 exercuit;
902 2049 1138 2089 nunquam
1172 2043 1331 2078 tamen
1364 2038 1429 2078 ita
1458 2044 1708 2090 vacarunt,
1744 2039 1855 2090 quin

227 2113 412 2158 praeter
439 2107 708 2158 quotidiana
738 2109 963 2149 exercitia
990 2109 1239 2159 litteraria,
1270 2109 1427 2149 multis
1461 2109 1654 2150 subinde
1680 2110 1855 2150 sanctis

226 2178 612 2229 occupationibus
646 2179 808 2219 intenti
844 2185 1126 2220 tenerentur.
1163 2179 1212 2220 P.
1246 2178 1425 2220 Doctor
1455 2180 1758 2221 concionatus
1785 2186 1854 2221 est

227 2248 314 2287 hac
336 2249 770 2300 quadragesimam
801 2250 1020 2300 ecclesia,
1050 2261 1168 2301 quae
1196 2250 1365 2290 dicitur
1394 2250 1452 2290 D.
1486 2250 1744 2302 Benedicti,
1777 2252 1854 2292 ubi

226 2329 399 2370 magna
421 2330 602 2371 semper
624 2319 709 2360 fuit
732 2328 775 2360 et
800 2320 992 2360 attentio
1014 2326 1059 2360 et
1079 2320 1340 2372 frequentia
1360 2320 1625 2362 auditorum
1645 2328 1742 2362 tam
1763 2322 1851 2373 ple-

228 2388 435 2441 bejorum
464 2401 604 2440 quam
632 2396 921 2441 magnatum.
954 2390 1215 2431 Transacta
1243 2391 1629 2443 quadragesima,
1659 2398 1854 2443 rogatus

225 2465 295 2500 est
316 2472 342 2499 a
363 2461 582 2511 parochis
603 2467 647 2500 et
669 2461 990 2502 sacerdotibus
1011 2462 1318 2502 beneficiariis
1341 2462 1566 2503 ecclesiae
1582 2462 1640 2504 D.
1665 2463 1852 2503 Martini

229 2531 363 2582 (quae
384 2529 518 2581 hujus
540 2531 745 2572 civitatis
765 2532 1096 2583 parochiarum
1117 2538 1186 2573 est
1203 2533 1487 2584 praecipua),
1506 2539 1555 2573 ut
1571 2533 1691 2573 illius
1709 2535 1851 2574 eccle-

281 2690 291 2710 ¹
331 2689 487 2724 Epistola
504 2693 575 2717 tota
593 2695 643 2717 est
660 2698 760 2717 manu
776 2690 879 2725 ipsius
895 2691 1008 2718 Patris
1022 2690 1243 2719 Maximiliani
1257 2699 1277 2718 a
1294 2691 1466 2726 Cappella,
1482 2691 1540 2718 sed
1555 2698 1575 2718 a
1586 2691 1689 2719 Patre
1705 2692 1850 2719 Polanco

226 2736 417 2771 emendata,
439 2737 470 2764 in
487 2737 564 2764 folio
580 2737 715 2772 duplici,
732 2738 783 2765 cui
809 2738 887 2765 olim
908 2745 939 2765 n.
954 2738 1015 2772 436,
1031 2746 1117 2765 nunc
1130 2742 1243 2766 autem
1267 2738 1301 2764 68
1323 2742 1355 2765 et
1379 2738 1633 2766 69.—Habemus
1657 2738 1761 2766 etiam
1774 2746 1850 2774 apo-

224 2784 395 2818 graphum
409 2784 442 2811 in
457 2784 511 2811 fol.
528 2784 562 2810 64
584 2783 717 2812 Codicis
733 2785 809 2811 1551.

279 2830 293 2849 ‘²
330 2830 366 2857 P.
382 2831 525 2858 Michael
542 2831 581 2858 de
597 2831 731 2859 Torres.

277 2877 290 2895 ³
327 2877 443 2905 Verba
459 2878 542 2905 haec
558 2879 594 2904 in
610 2879 779 2912 burgensi
792 2879 946 2906 dioecesi
958 2879 1099 2914 addidit,
1114 2880 1369 2914 perspicuitatis
1384 2879 1508 2914 gratia,
1524 2879 1701 2907 Polancus.

276 2925 291 2943 4
328 2924 483 2959 Intellige
499 2925 675 2952 civitatem
692 2925 932 2960 Salmanticae‚
955 2926 1011 2954 ubi
1033 2926 1158 2954 nostris
1181 2930 1341 2961 praeerat
1365 2926 1400 2953 P.
1427 2925 1560 2960 Torres,
1583 2930 1616 2953 et
1631 2927 1685 2954 ubi
1708 2932 1847 2961 peraeta

224 2975 302 2999 sunt
319 2978 547 3005 quaecumque
564 2973 595 2999 in
612 2973 674 3000 hac
690 2973 834 3007 epistola
851 2977 1047 3001 narrantur.
