1987 3260
255 145 330 182 688
768 143 996 180 LITTERAE
1021 153 1377 186 QUADRIMESTRES

972 592 1159 645 CLVI

326 799 375 836 P.
398 799 653 838 Everardus
673 800 975 839 Mercurianus

380 865 501 902 Patri
519 864 689 912 Ignatio
709 865 761 903 de
781 865 965 913 Loyola.

422 930 626 976 Perusio,
647 930 693 968 25
711 930 827 977 Junii
848 931 939 968 1552
958 932 982 968 ¹.

1055 1071 1082 1115 ,Γ

335 1210 500 1250 Gratia
533 1217 577 1250 et
614 1223 707 1262 pax
746 1211 935 1251 Domini
974 1210 1133 1251 Nostri
1180 1213 1289 1264 Jesu
1335 1212 1509 1253 Christi
1552 1213 1878 1265 multiplicetur

257 1293 438 1333 semper
460 1281 506 1321 in
529 1282 744 1322 cordibus
765 1282 953 1322 nostris.

334 1352 601 1393 Statueram
623 1354 826 1403 omnino,
850 1353 897 1393 P.
921 1353 1097 1403 Rev.de‚
1120 1354 1248 1405 prius
1270 1354 1328 1394 ad
1350 1367 1434 1394 vos
1454 1367 1547 1395 non
1567 1355 1745 1395 litteras
1767 1355 1877 1395 dare

255 1434 395 1474 quam
418 1424 552 1463 istinc
574 1424 934 1475 accepissemus,
957 1425 1158 1465 maxime
1179 1425 1384 1465 nondum
1410 1431 1586 1465 mutato
1616 1437 1771 1466 rerum
1798 1438 1873 1466 no-

253 1501 458 1534 strarum
487 1500 623 1535 statu.
653 1495 855 1545 Verum,
880 1502 1065 1546 praeter
1092 1496 1381 1536 obedientiae
1409 1497 1580 1547 calcar,
1610 1497 1808 1537 accessit
1836 1504 1878 1537 et

253 1565 346 1605 hoc
373 1577 568 1617 vespere
596 1566 713 1606 duos
743 1566 871 1606 cives
904 1567 1158 1606 honoratos
1187 1566 1323 1618 huJ'us
1354 1566 1557 1607 civitatis
1588 1567 1757 1607 adiisse
1777 1579 1877 1613 nos,

254 1637 454 1687 primum
482 1642 758 1676 enarrantes
785 1648 873 1687 quo
903 1642 1040 1688 pacto
1068 1637 1187 1676 inter
1217 1636 1350 1688 hujus
1381 1637 1495 1688 reip.
1524 1644 1879 1678 conservatores

252 1713 434 1747 constet
457 1708 819 1758 conclusumque
837 1707 896 1747 sit
911 1713 960 1747 ut
980 1707 1177 1747 Romam
1193 1708 1252 1747 ad
1272 1707 1404 1747 Pont.
1429 1706 1733 1748 Sanctitatem
1755 1709 1876 1759 lega-

253 1783 352 1817 tum
373 1778 620 1829 quemdam
637 1777 821 1817 mittant
842 1777 991 1828 adque
1016 1777 1311 1818 Cardinalem
1331 1777 1626 1829 Perusinum,
1650 1791 1743 1819 non
1763 1770 1873 1827 tam,

251 1848 536 1898 inquiebant,
556 1854 711 1888 vestra
729 1860 867 1899 quam
883 1854 1046 1888 nostra
1064 1860 1220 1898 causa3
1240 1855 1287 1888 ut
1304 1849 1523 1889 nimirum
1539 1849 1660 1889 idem
1677 1848 1876 1889 Sanctis-

305 1995 313 2013 ¹
355 1995 604 2029 Autographae
620 1996 756 2022 litterae
769 1995 884 2022 Patris
897 1995 1067 2022 Everardi
1084 2000 1159 2023 sunt
1177 1995 1208 2022 in
1224 1996 1302 2023 folio
1317 1996 1424 2029 unic0,
1437 2004 1468 2023 n.
1481 1996 1610 2023 23.—Ut
1623 2000 1715 2023 recte
1729 2004 1767 2023 ea
1780 1997 1876 2023 intel-

249 2043 415 2076 ligantur,
432 2050 517 2077 quae
534 2042 572 2069 de
590 2042 741 2077 Collegio
756 2043 930 2074 Perusino.
946 2051 1032 2070 nunc
1048 2044 1215 2073 inchoato.
1230 2042 1263 2070 in
1285 2043 1324 2070 iis
1348 2047 1380 2070 et
1403 2044 1648 2077 posterioribus
1662 2044 1787 2071 litteris
1804 2051 1877 2070 nar-

251 2094 386 2121 rantur,
403 2094 536 2124 oportet
552 2091 585 2117 in
599 2097 796 2117 memoriam
810 2098 976 2118 revocare
992 2098 1076 2125 quae
1093 2091 1132 2117 de
1147 2091 1187 2117 iis
1202 2091 1305 2118 initiis
1320 2091 1471 2118 breviter
1492 2091 1621 2125 colligit
1644 2091 1811 2118 Polancus
1824 2091 1878 2118 his

257 2138 380 2164 verbis:
397 2137 527 2164 “Prima
543 2138 674 2164 colonia
689 2138 752 2164 hoc
768 2145 854 2165 anno
870 2138 962 2170 (1552)
978 2138 1119 2165 deducta
1136 2146 1176 2164 cx
1189 2138 1285 2165 domo
1301 2145 1339 2164 ac
1355 2137 1506 2172 Collegio
1522 2137 1674 2165 Romano
1690 2137 1877 2172 Collegium

254 2184 316 2211 fuit
331 2184 540 2211 Perusinum.
558 2184 624 2211 Res
640 2192 713 2211 curn
730 2184 904 2212 Cardinali
922 2185 1044 2212 Fulvio
1060 2185 1190 2212 Corneo
1202 2207 1208 2218 ,
1228 2185 1318 2212 dicto
1335 2184 1512 2219 Perusino,
1528 2186 1621 2219 prius
1637 2189 1789 2213 tractata
1809 2186 1878 2212 sue-

258 2235 323 2260 rat.
339 2232 393 2265 qui
415 2232 456 2258 ad
473 2232 593 2259 nobilis
608 2232 698 2258 illius
713 2233 805 2259 urbis
820 2240 859 2259 ac
875 2233 1007 2266 patriae
1029 2240 1109 2260 suae
1134 2233 1311 2267 spirituale
1333 2232 1495 2260 auxilium
1518 2233 1603 2266 erigi
1625 2233 1806 2260 societatis
1821 2241 1876 2260 no-

256 2282 351 2304 strae
366 2278 398 2305 in
415 2286 453 2304 ea
470 2278 658 2313 Collegium
671 2279 847 2312 cupiebat,
865 2283 987 2306 etcum
1003 2280 1218 2314 episcopatus
1233 2278 1381 2314 ejusdem
1395 2280 1488 2307 urbis
1504 2280 1610 2307 eidem
1625 2281 1877 2307 commendatus

253 2330 351 2358 esset,
368 2325 473 2352 etiam
489 2325 551 2353 hoc
567 2327 699 2353 nomine
714 2327 899 2353 subsidium
914 2327 975 2353 hoc
992 2326 1132 2361 Collegii
1147 2327 1387 2354 meditabatur.
1404 2326 1501 2353 Prius
1516 2331 1630 2354 tamen
1651 2334 1750 2361 quam
1770 2329 1876 2356 nostri

253 2380 293 2398 ex
311 2372 403 2399 Urbe
419 2373 648 2408 mitterentur,
665 2382 737 2401 cum
750 2375 1010 2408 magistratibus
1025 2378 1059 2402 et
1073 2374 1150 2401 aliis
1164 2375 1322 2409 privatis,
1338 2375 1392 2408 qui
1410 2375 1493 2401 clari
1508 2375 1541 2401 in
1556 2382 1595 2402 ea
1610 2374 1752 2402 civitate
1768 2380 1875 2406 erant.

254 2426 310 2445 res
328 2421 579 2448 communicata
595 2421 716 2455 fuerat,
734 2427 766 2449 et
782 2423 892 2448 locum
908 2421 1058 2456 Collegio
1073 2422 1348 2456 designaverant,
1369 2422 1423 2455 qui
1445 2426 1556 2449 tamen
1576 2426 1689 2449 certus
1710 2429 1773 2448 non
1789 2427 1875 2453 erat,

254 2467 313 2492 sed
329 2467 449 2494 haberi
463 2474 561 2501 posse
578 2468 675 2495 facile
692 2468 754 2495 sibi
770 2469 1035 2503 persuadebant.
1051 2468 1132 2496 Cum
1154 2469 1268 2503 itaque
1289 2469 1416 2503 partim
1432 2469 1584 2496 civitatis
1603 2477 1643 2496 ac
1664 2469 1788 2496 civium
1804 2470 1877 2495 sub«

254 2514 433 2547 ventione,
450 2515 576 2548 partim
590 2516 658 2542 suis
675 2517 830 2550 expensis
846 2515 1038 2543 cardinalis
1061 2516 1244 2544 Perusinus
1266 2516 1452 2550 Collegium
1472 2516 1534 2543 hoc
1556 2516 1676 2544 instrui
1698 2520 1729 2543 et
1750 2519 1877 2543 susten-

253 2560 322 2587 tari
351 2568 449 2595 posse
474 2562 720 2596 existimasset,
746 2563 860 2590 decem
884 2567 941 2590 aut
968 2563 1143 2590 duodecim
1168 2572 1207 2590 ex
1232 2563 1374 2597 nostris,
1397 2567 1540 2598 accepta
1564 2562 1689 2591 Summi
1705 2562 1876 2590 Pontificis

256 2607 506 2642 benedictione,
522 2609 619 2641 Junio
634 2617 746 2637 mense
762 2618 803 2637 ex
818 2610 909 2637 Urbe
926 2610 1052 2638 dimissi
1067 2615 1156 2638 sunt.

308 2654 452 2682 “Rector
465 2656 604 2690 primus,
620 2664 640 2684 a
655 2657 690 2683 P.
708 2657 842 2691 Ignatio
859 2659 987 2685 electus
1001 2664 1037 2685 ut
1052 2659 1129 2685 huic
1144 2666 1232 2685 novo
1251 2658 1402 2692 Collegio
1419 2661 1611 2693 praeesset,
1626 2657 1662 2684 P.
1679 2657 1876 2684 Everardus

253 2699 486 2729 Mercurianus
501 2703 578 2737 fuit,
595 2708 670 2737 post
686 2705 809 2731 multos
825 2712 931 2732 annos
948 2705 1168 2740 Praepositus
1184 2705 1361 2732 Generalis
1377 2704 1557 2733 Societatis
1573 2704 1712 2731 effectus
1723 2726 1729 2737 ,
1748 2703 1802 2738 qui
1816 2704 1876 2730 ini-

253 2747 299 2773 tio
317 2747 416 2781 hujus
432 2749 510 2776 anni
530 2749 687 2783 Parisiis,
712 2755 748 2778 ut
772 2752 926 2785 superius
950 2752 1078 2779 dictum
1102 2756 1151 2779 est
1163 2774 1169 2786 ,
1195 2752 1334 2779 Romam
1359 2757 1514 2779 venerat.
1538 2752 1728 2785 Adjunctus
1752 2755 1802 2778 est
1828 2751 1875 2780 illi

255 2795 424 2827 sacerdos,
442 2795 477 2822 P.
493 2796 639 2828 Joannes
654 2797 774 2832 Niger,
790 2799 926 2826 natione
942 2800 1069 2833 gallus,
1096 2799 1222 2826 Romae
1247 2800 1280 2826 in
1305 2799 1512 2826 Societatem
1533 2799 1715 2831 admissu53
1741 2802 1774 2825 et
1798 2799 1876 2831 quia

255 2840 391 2867 scholae
408 2842 449 2868 ad
466 2843 711 2871 institutionem
733 2845 923 2878 juventutis
946 2850 1057 2873 essent
1082 2847 1296 2880 aperiendae,
1320 2850 1560 2880 praeceptores
1584 2846 1686 2873 futuri
1708 2845 1873 2878 designati

256 2886 402 2919 suerunt,
420 2887 509 2915 inter
524 2897 606 2923 quos
622 2891 751 2923 primas
767 2892 874 2919 tenuit
890 2891 1085 2920 Edmundus
1099 2893 1278 2926 Augerius,
1296 2893 1503 2927 adolescens,
1520 2893 1574 2927 qui
1590 2892 1824 2926 annojubilaei
1843 2891 1873 2919 in

256 2932 465 2960 Societatem
482 2934 608 2963 Romae
626 2937 735 2964 suerat
753 2939 947 2972 admissus„
965 2939 1098 2967 Chron..
1113 2944 1136 2966 t.
1152 2947 1185 2973 Il,
1200 2948 1277 2974 pag.
1294 2940 1355 2974 2131,
1371 2947 1424 2966 nn.
1440 2940 1476 2966 32
1489 2945 1521 2967 et
1535 2941 1580 2967 33.
