1987 3260
829 203 908 241 AN.
940 203 1024 239 1551
1676 201 1745 239 369

845 670 1026 723 XCVI

193 881 236 917 Ρ.
262 881 420 918 Petrus
441 882 645 919 Canisius

240 946 359 982 Patri
380 946 548 992 Ignatio
568 946 620 983 de
642 947 824 994 Loyola.

284 1012 564 1058 ingolstadio,
587 1012 628 1049 31
651 1011 842 1058 Augusti
865 1011 950 1047 1551
976 1012 996 1045 ¹.

835 1184 1028 1236 jesus.

200 1363 364 1404 Gratia
385 1362 573 1402 Domini
593 1364 743 1403 nostri
762 1363 873 1415 Jesu
894 1362 1066 1403 Christi
1086 1368 1131 1402 et
1150 1374 1245 1414 pax
1275 1368 1466 1402 aeterna
1488 1363 1744 1404 nobiseum.

199 1434 428 1485 Quoniam
449 1434 635 1485 quidem
656 1434 720 1474 ita
735 1432 862 1484 jubet
882 1433 937 1473 R.
966 1433 1014 1473 P.
1046 1434 1121 1483 T.‚
1151 1445 1329 1474 morem
1355 1445 1520 1484 gerere
1548 1434 1744 1475 studebi-

120 1517 242 1555 mus,
266 1511 314 1545 ut
344 1505 507 1555 paucis
537 1506 902 1555 complectamur
929 1515 985 1543 ea
1013 1516 1131 1555 quae
1158 1505 1373 1555 proximo
1401 1505 1744 1556 quadrimestri,

120 1588 212 1616 non
233 1576 458 1616 industria
481 1576 666 1627 quidem
687 1582 767 1616 aut
788 1576 1016 1627 dignitate
1037 1581 1222 1627 nostra,
1246 1576 1328 1615 sed
1350 1588 1531 1616 summa
1552 1578 1747 1617 elemen-

121 1648 286 1687 tissimi
300 1647 453 1688 Patris
469 1647 557 1687 Dei
578 1658 692 1698 erga
712 1658 798 1687 nos
818 1647 1024 1687 bonitate
1047 1658 1102 1686 ae
1124 1647 1352 1697 singulari
1373 1648 1528 1697 gratia
1549 1648 1623 1688 hie
1641 1660 1746 1688 eon-

122 1718 326 1769 tigerunt
355 1718 383 1758 ².
423 1718 558 1769 Quod
590 1718 630 1758 si
657 1717 748 1757 alia
775 1718 887 1757 mihi
915 1717 1203 1757 recensenda
1230 1718 1381 1757 forent
1408 1730 1546 1769 quae,
1577 1719 1645 1759 uti
1674 1731 1748 1759 res

121 1790 222 1840 ipsa
239 1789 523 1841 postulabat,
547 1788 606 1828 ad
632 1800 784 1829 meam
810 1789 955 1840 ipsius
982 1789 1394 1840 reprehensionem
1419 1796 1464 1829 et
1491 1791 1748 1831 accusatio-

121 1872 227 1899 nem
243 1859 550 1911 J'ustissimam
576 1865 766 1911 possent
793 1859 987 1909 adferri,
1017 1858 1230 1910 equidem
1258 1861 1397 1910 longe
1426 1861 1660 1911 eopiosior
1687 1868 1745 1910 et,

121 1937 170 1970 ut
191 1942 371 1981 vereor,
394 1931 530 1982 plane
552 1931 610 1971 ad
630 1930 867 1970 fastidium
886 1942 1031 1981 usque
1050 1931 1240 1970 lectoris
1260 1931 1473 1981 prolixus
1493 1943 1595 1971 esse
1617 1932 1748 1972 debe-

121 2013 234 2042 rem.
257 2001 406 2050 Nunc,
431 2002 538 2053 quia
559 2001 647 2041 Dei
675 2003 773 2041 sola
794 2000 1018 2041 beneficia
1039 2007 1374 2053 proponuntur,
1399 2002 1444 2042 id
1467 2002 1641 2053 absque
1661 2003 1750 2043 dis-

121 2073 288 2124 pendio
319 2072 417 2112 fieri
447 2073 529 2113 vix
555 2078 728 2124 potest,
767 2073 876 2124 quin
907 2072 962 2112 de
996 2072 1272 2122 indignitate
1305 2078 1349 2111 et
1384 2073 1562 2113 vilitate
1589 2080 1749 2114 nostra

121 2145 259 2195 paulo
282 2144 455 2184 rectius
476 2144 696 2194 cogitent,
715 2143 792 2194 qui
811 2144 933 2183 bona
954 2143 1198 2183 dumtaxat
1220 2143 1266 2182 in
1287 2150 1541 2193 conspectu
1562 2144 1747 2195 habent,

121 2215 336 2265 malaque
372 2226 496 2265 mea,
534 2214 641 2254 lieet
675 2214 939 2263 innumera,
964 2225 1056 2253 non
1077 2214 1295 2253 sentiunt.
1321 2213 1411 2254 Sed
1431 2220 1532 2254 utut
1553 2215 1630 2254 alii
1652 2226 1748 2254 sen-

121 2286 259 2335 tiant,
300 2286 424 2325 mille
458 2291 599 2325 testes
629 2284 806 2324 isthaec
843 2284 1151 2335 conscientia,
1183 2295 1303 2335 quae
1334 2296 1472 2324 servo
1502 2285 1676 2335 ignavo
1707 2291 1751 2325 et

121 2357 445 2407 indignissimo
480 2356 794 2396 testimonium
826 2355 1044 2407 praebet,
1086 2355 1265 2406 hocque
1298 2356 1398 2395 solo
1433 2356 1509 2396 vel
1547 2357 1750 2396 maxime

121 2429 405 2478 consolatur,
430 2427 551 2478 quod
571 2426 761 2466 Patrum
784 2426 978 2466 aliorum
1005 2425 1293 2477 fratrumque
1320 2427 1537 2467 subsidiis
1565 2426 1748 2478 adjuve-

122 2510 224 2538 mur
245 2499 290 2538 in
312 2499 400 2538 hae
420 2498 530 2551 Jesu
553 2498 729 2549 optima
749 2496 996 2537 Societate.

177 2682 186 2701 ¹
229 2682 315 2709 Bina
330 2682 424 2708 nobis
439 2682 482 2708 ad
499 2688 631 2708 manum
647 2686 723 2707 sunt
739 2681 858 2707 harum
874 2681 1067 2708 litterarum
1089 2681 1300 2715 apographa.
1324 2681 1434 2708 Unum
1460 2682 1491 2708 in
1515 2681 1674 2709 Historia
1691 2689 1750 2709 va-

123 2731 199 2760 ria,
214 2731 280 2756 vol.
298 2737 319 2761 1,
335 2729 389 2756 sol.
407 2729 459 2755 223
473 2733 505 2755 et
522 2729 756 2761 220;a1terum,
777 2736 796 2754 a
811 2728 846 2754 P.
862 2728 1037 2755 Bernardo
1061 2727 1210 2755 Oliverio
1234 2728 1434 2758 consectum,
1460 2729 1491 2755 in
1518 2729 1604 2756 soliis
1622 2730 1649 2755 11
1667 2735 1701 2756 et
1718 2731 1750 2757 12

125 2777 257 2804 Codicis
273 2776 637 2809 1551.—Aut0graphac
653 2779 767 2802 autem
791 2775 893 2810 ipsius
919 2775 1044 2802 Canisii
1069 2775 1207 2802 litterae
1231 2780 1307 2802 sunt
1333 2776 1364 2802 in
1389 2775 1467 2802 solio
1490 2776 1613 2809 duplici
1629 2785 1681 2804 nn.
1697 2778 1750 2805 386

125 2830 156 2851 et
171 2824 232 2858 387,
249 2825 281 2851 in
296 2824 408 2858 eisque
425 2830 560 2850 cerni-re
577 2828 627 2849 est
644 2823 779 2850 Polanei
804 2830 922 2850 manus
947 2823 1158 2850 emendantis
1182 2823 1359 2856 quaedam,
1385 2824 1551 2857 quaedam
1573 2825 1675 2851 etiam
1691 2826 1747 2852 ad-

125 2871 233 2898 dentis
248 2876 280 2898 et
295 2871 363 2898 alia
375 2872 501 2898 circum
513 2870 623 2898 ductis
635 2870 731 2897 lineis
743 2870 930 2897 claudentis
942 2874 977 2897 ut
989 2871 1021 2897 in
1034 2870 1248 2897 conficiendis
1260 2871 1511 2904 exemplaribus
1525 2875 1748 2903 mutarentur,

125 2918 330 2945 adderentur
344 2922 403 2945 aut
419 2919 789 2952 praetermitterentur.

177 2965 190 2984 ²
229 2966 320 2998 Quae
335 2970 520 3000 sequuntur
535 2974 638 3000 usque
655 2967 696 2993 ad
711 2967 815 2993 verba
828 2965 868 2992 R.
881 2966 917 2992 P.
931 2965 1097 2993 Nicolaus
1112 2965 1318 2998 GaudannS,
1332 2966 1428 2993 lineis
1440 2974 1459 2993 a
1472 2967 1619 2994 Polanco
1634 2969 1750 2994 clausa

126 3017 201 3039 sunt
217 3017 253 3039 ut
270 3013 302 3039 in
317 3013 525 3046 apographis
541 3014 827 3047 praeterirentur;
844 3014 981 3047 ideoque
997 3013 1232 3040 desiderantur
1248 3013 1279 3040 in
1296 3014 1431 3041 nostris.

314 3070 362 3105 T.
387 3082 411 3104 1.
1516 3086 1561 3119 24
