1987 3260
863 223 945 260 AN.
978 222 1067 260 1552
1704 225 1775 261 549

151 318 256 358 boni
279 319 352 358 isti
373 319 563 369 fratres,
587 325 693 359 sunt
713 320 825 360 mihi
855 320 1112 370 gratissimi
1139 325 1365 371 quotquot
1394 325 1524 369 sunt,
1559 320 1698 360 immo
1727 326 1773 361 et

148 389 298 440 ipsum
320 389 565 440 collegium
586 402 640 429 ac
662 391 921 441 regentiam
942 390 1091 441 ipsam
1113 390 1225 441 ipsis
1247 389 1408 429 offero.
1433 389 1561 429 Haec
1585 395 1628 430 et
1651 391 1772 430 simi-

150 459 210 498 lia
232 459 414 499 dicebat
434 459 582 500 bonus
602 460 676 500 ille
696 472 861 511 senex,
886 459 1016 511 cujus
1037 472 1117 501 cor
1138 472 1231 500 non
1252 459 1408 500 dubito
1430 459 1660 500 Dominus
1681 472 1772 499 mo-

148 531 300 570 vebat.
331 529 421 581 Ipsi
449 531 636 582 insuper
664 538 993 583 praeceptores
1019 530 1226 582 ejusdem
1252 531 1435 582 collegii
1461 531 1643 582 publice
1670 531 1774 570 hor-

147 600 229 640 tati
252 607 357 640 sunt
379 612 490 641 suos
511 602 762 653 discipulos
782 608 830 642 ut
851 615 877 642 a
898 602 1120 642 fratribus
1141 602 1315 642 nostris
1337 602 1599 653 exemplum
1620 602 1773 642 mode-

147 677 246 710 stae
275 682 329 710 ac
357 671 507 712 bonae
540 673 910 713 conversationis
937 680 1186 713 sumerent.
1215 671 1308 713 Sub
1337 672 1437 724 ipsa
1464 677 1619 712 autem
1649 672 1774 712 dicta

147 741 342 781 fratrum
363 743 634 793 expulsione
656 743 884 784 Dominus
906 744 1050 784 movit
1072 755 1153 784 cor
1174 742 1310 794 hujus
1331 743 1440 783 boni
1460 743 1565 792 viri,
1585 741 1663 794 qui
1684 750 1774 783 sta-

145 818 299 851 tuerat
334 813 515 863 erigere
551 814 798 865 collegium
825 826 908 866 pro
939 814 1277 854 sustentatione
1305 820 1349 854 et
1377 814 1666 853 institutione
1696 814 1775 853 ali-

148 894 345 932 quorum
366 895 629 934 puerorum.
651 891 693 925 et
710 883 806 935 jam
827 885 1032 925 animum
1055 886 1267 935 mutavit,
1288 885 1443 924 omnia
1466 885 1663 935 collegio
1684 884 1773 924 fra-

146 959 267 992 trum
292 955 451 994 volens
472 955 745 1007 relinquere.
779 955 896 996 Nam
925 956 1171 996 occasione
1198 956 1365 996 harum
1392 955 1775 1007 persecutionum

147 1024 326 1074 plenius
347 1025 574 1065 intellexit
594 1037 787 1077 scopum
803 1025 1049 1067 Societatis
1070 1032 1114 1066 et
1130 1026 1257 1066 Videt
1277 1039 1325 1066 se
1346 1038 1439 1066 non
1459 1037 1596 1077 posse
1617 1027 1774 1066 utilius

144 1106 200 1133 ac
218 1093 500 1135 fructuosius
521 1107 602 1135 sua
621 1097 881 1148 expendere
898 1109 1038 1148 quam
1059 1097 1105 1136 in
1126 1108 1261 1137 usum
1281 1097 1563 1137 studentium
1583 1103 1774 1137 nostrae

143 1163 407 1205 Societatis.
438 1165 635 1206 Proinde
668 1177 891 1218 rogamus
925 1167 1093 1207 iterum
1128 1172 1266 1219 atque
1301 1167 1466 1207 iterum
1497 1173 1545 1207 ut
1572 1167 1775 1208 facultas

148 1235 358 1286 erigendi
380 1237 627 1287 collegium
649 1250 675 1277 a
698 1236 775 1277 Ca
796 1237 880 1277 M.e
905 1237 913 1256 ¹
936 1238 1224 1289 impetretur.

224 1306 365 1356 Ecce,
389 1305 541 1352 Pater,
566 1307 662 1346 scio
683 1319 807 1347 vana
829 1319 931 1347 esse
953 1308 1076 1348 dicta
1099 1314 1142 1348 et
1174 1308 1602 1348 commendationes
1629 1309 1774 1348 homi-

145 1388 270 1422 num:
293 1383 340 1416 at
360 1383 516 1417 tamen
537 1378 729 1418 libenter
752 1379 908 1418 omnia
929 1378 978 1418 P.
999 1379 1056 1418 V.
1076 1379 1272 1430 explico.
1297 1378 1455 1430 Nuper
1475 1379 1643 1430 scripsi
1665 1391 1774 1431 quo-

145 1448 283 1488 modo
301 1447 536 1499 profectus
551 1448 729 1489 fueram
747 1450 991 1489 Bruxellas
1014 1456 1058 1489 et
1075 1461 1275 1501 pransus
1296 1461 1401 1489 cum
1420 1450 1639 1490 Praeside
1657 1450 1773 1490 Con-

148 1518 240 1558 cilii
274 1518 504 1570 Reginae,
542 1526 629 1559 etc.
657 1519 733 1560 Sic
762 1520 863 1560 istis
891 1521 1053 1560 diebus
1082 1532 1106 1560 a
1139 1520 1241 1560 viro
1269 1520 1357 1560 fide
1392 1520 1532 1570 digno
1567 1521 1774 1561 intellexi

145 1590 271 1640 ipsos
292 1589 428 1629 valde
448 1590 590 1630 fuisse
612 1591 880 1631 aedificatos
902 1602 959 1630 ex
982 1591 1339 1631 conversatione
1367 1602 1470 1630 mea
1500 1597 1543 1630 et
1574 1592 1774 1642 plurima

146 1661 192 1699 in
213 1660 398 1700 laudem
419 1667 625 1701 nostram
649 1661 838 1702 dixisse.
861 1661 991 1701 Haec
1013 1661 1165 1702 scribo
1183 1667 1231 1701 ut
1250 1667 1504 1712 cognoscat
1521 1662 1574 1702 R.
1599 1662 1658 1702 V.
1682 1662 1774 1702 Do-

144 1731 320 1770 minum
340 1731 545 1783 incipere
566 1744 756 1772 movere
777 1744 938 1772 eorum
959 1732 1116 1772 corda.
1137 1736 1139 1739 '

222 1800 408 1842 Socium
422 1802 668 1842 confratris
687 1803 834 1843 nostri
844 1803 1091 1843 Licentiati
1102 1801 1199 1854 jam
1218 1803 1442 1843 habemus
1459 1803 1504 1843 in
1520 1804 1770 1853 exercitiis;

143 1878 212 1912 est
235 1872 280 1912 in
301 1873 506 1913 secunda
527 1874 842 1923 hebdomada;
870 1874 986 1914 bene
1016 1873 1198 1925 proficit
1226 1880 1271 1914 et
1301 1874 1508 1914 animum
1535 1874 1594 1914 ad
1620 1873 1773 1914 Socie-

143 1950 287 1983 tatem
307 1943 459 1984 habet.
480 1944 562 1984 Est
583 1950 627 1984 et
648 1944 723 1984 hic
743 1956 861 1995 pene
879 1944 1191 1996 quadraginta
1216 1956 1445 1984 annorum
1467 1950 1511 1984 et
1531 1945 1770 1984 sacerdos.

220 2012 451 2054 Numerus
472 2013 739 2066 frequenter
767 2015 1083 2055 confitentium
1111 2021 1155 2054 et
1189 2015 1633 2055 communicantium
1659 2016 1772 2055 mul-

142 2091 239 2124 tum
260 2091 472 2135 augetur,
497 2092 540 2125 et
560 2097 653 2125 non
674 2086 771 2126 scio
792 2097 1074 2137 quemquam
1101 2086 1177 2137 qui
1205 2092 1393 2137 propter
1420 2086 1772 2137 persecutiones

140 2156 421 2207 praeteritas
442 2167 527 2195 nos
548 2162 627 2196 aut
648 2156 885 2207 reliquerit
907 2162 986 2196 aut
1007 2156 1252 2207 relinquat.

221 2226 263 2266 A
284 2226 445 2277 paucis
466 2226 831 2267 hebdomadibus
852 2238 1044 2277 sparsus
1065 2233 1108 2266 et
1130 2226 1347 2267 inventus
1368 2234 1436 2267 est
1466 2228 1540 2267 hic
1566 2227 1768 2267 Lovanii

141 2296 319 2335 libellus
336 2295 524 2347 quidam
546 2297 762 2347 scriptus,
782 2297 1025 2336 continens
1043 2297 1272 2348 quaedam
1288 2304 1398 2337 Vota
1419 2304 1463 2338 et
1480 2297 1765 2348 disciplinas,

140 2378 280 2417 super
301 2378 392 2418 quo
412 2367 707 2407 Universitas
729 2367 844 2407 haec
866 2368 1052 2418 saepius
1073 2367 1158 2407 fuit
1179 2375 1469 2419 congregata
1496 2374 1541 2409 et
1567 2369 1767 2420 plurima

141 2437 365 2477 scandala
381 2445 545 2477 exorta
567 2444 672 2478 sunt
693 2438 738 2477 in
755 2438 901 2489 plebe.
921 2438 978 2478 Et
994 2439 1103 2490 quia
1122 2440 1342 2491 quicquid
1358 2440 1645 2490 singularem
1667 2451 1766 2490 spe-

141 2508 259 2548 ciem
287 2508 396 2548 boni
429 2509 592 2557 habet,
629 2509 762 2548 nobis
789 2509 1021 2559 tribuitur,
1052 2509 1160 2549 hinc
1193 2522 1345 2550 novae
1379 2510 1653 2562 tragoediae
1683 2521 1767 2550 seu

139 2590 263 2619 nova
286 2580 519 2620 oblocutio
540 2580 672 2620 nobis
693 2580 903 2631 contigit,
927 2592 1046 2632 quae
1066 2592 1158 2620 non
1179 2581 1413 2621 modicum
1434 2592 1507 2621 me
1529 2580 1692 2620 afflixit
1721 2586 1766 2620 et

140 2660 299 2689 omnes
332 2650 665 2700 praecedentes
703 2651 1026 2690 tribulationes
1059 2651 1312 2702 superavit.
1350 2651 1438 2691 Hic
1472 2662 1673 2702 namque
1708 2650 1765 2690 de

137 2719 277 2759 rebus
298 2726 397 2760 non·
411 2721 695 2771 decentibus,
720 2721 767 2760 in
788 2721 877 2761 illis
899 2721 954 2761 de
975 2721 1112 2761 rebus
1134 2722 1374 2772 religionis
1404 2722 1646 2772 agebatur.
1678 2721 1764 2761 Oc-

140 2790 328 2830 casione
348 2791 472 2831 enim
493 2790 603 2831 dicti
623 2791 781 2841 libelli,
805 2803 1089 2844 quamquam
1119 2798 1342 2844 quantum
1369 2793 1603 2844 inquirere
1634 2793 1763 2843 potui

132 2872 165 2898 ⁷a
188 2860 407 2911 diversis,
432 2863 508 2912 qui
529 2863 732 2902 libellum
752 2863 880 2903 illum
899 2863 1131 2913 legerunt,
1154 2863 1269 2903 nihil
1289 2875 1535 2914 expresse,
1560 2863 1642 2903 sed
1663 2870 1763 2903 tan-

192 3017 204 3036 ¹
244 3018 415 3046 Caesarea
430 3019 623 3054 Majestate.
