1987 3260
249 177 322 213 530
759 176 987 212 L1TTERAE
1013 187 1369 218 QUADRlMESTREs

257 273 376 325 quiis
413 273 642 312 bonorum
668 272 989 323 oppignoratis
1011 277 1147 322 atque
1169 271 1432 323 divenditis,
1455 273 1720 334 foenoribus
1742 287 1887 314 exau—

253 344 360 394 ctis,
391 349 587 394 urgente
609 343 892 383 creditorum
919 342 1076 392 turba,
1106 343 1250 382 latere
1281 343 1404 382 dorni
1431 350 1677 394 cogeretur
1705 351 1748 384 et
1775 357 1880 385 cum

252 415 450 462 familia,
475 426 613 465 quam
631 420 736 453 ante
758 425 899 464 parce
921 425 976 452 ac
998 413 1173 452 duriter
1191 413 1397 453 civilium
1413 414 1707 464 negotiorum
1723 427 1881 455 versa-

254 486 378 525 tione
401 485 572 535 alebat,
598 484 751 524 inedia
773 489 952 523 tantum
973 496 1067 523 non
1089 490 1459 535 consumeretur,
1488 496 1652 525 verum
1681 492 1725 525 et
1756 487 1891 526 salus

256 556 545 607 impatientia
563 554 659 606 jam
680 555 1045 605 periclitaretur,
1075 560 1233 606 utpote
1261 555 1337 606 qui
1367 554 1494 594 Patri
1523 555 1741 595 Andreae
1769 556 1880 596 invi-

255 627 374 666 senti
398 632 524 666 certo
549 625 840 665 asseveravit
866 637 923 665 ne
950 626 1059 677 pani
1087 625 1272 676 quidem
1302 626 1347 665 in
1377 626 1505 665 illum
1537 626 1654 666 diem
1688 627 1882 666 emendo

254 698 503 748 pecuniam
538 696 834 747 suppetiisse,
867 697 983 735 alter
1015 696 1181 736 nobilis
1216 702 1259 736 et
1289 696 1442 745 diveS,
1476 697 1553 747 qui
1583 697 1895 737 concionibus

254 768 305 807 P.
328 767 547 807 Andreae
570 768 793 806 interesse
815 767 1079 817 consuevit,
1111 773 1475 806 commemorata
1500 767 1652 819 inopis
1674 779 1728 807 ac
1750 769 1883 807 mise-

256 839 419 878 rabilis
441 838 706 877 calamitate
728 838 846 877 inter
868 837 1260 888 concionandum,
1285 849 1430 889 usque
1448 838 1563 878 adeo
1582 837 1776 878 affectus
1798 845 1880 888 est,

255 915 304 949 ut
333 921 427 948 non
455 909 603 948 solum
630 908 897 948 necessario
925 908 1181 948 sublevarit
1213 908 1416 948 subsidio
1449 920 1702 960 pauperem
1729 908 1808 949 sed
1837 910 1882 949 in

255 980 502 1031 pristinam
525 979 786 1018 libertatem
808 985 851 1018 et
873 979 1166 1018 commodum
1193 985 1365 1018 statum
1384 979 1650 1019 restituerit.

335 1050 493 1089 Mense
514 1050 724 1101 proxime
746 1050 926 1100 elapsO,
950 1049 1179 1089 nocturno
1201 1050 1441 1090 combusta
1459 1056 1527 1090 est
1543 1049 1707 1090 domus
1728 1051 1882 1090 incen-

256 1120 331 1160 dio
351 1127 446 1160 tam
467 1120 709 1171 repentino
732 1126 779 1159 ut
802 1120 884 1159 vix
905 1120 1038 1159 nudis
1061 1120 1262 1159 evadere
1283 1120 1463 1160 licuerit
1481 1120 1757 1169 hominibus,
1782 1132 1882 1160 cae—

256 1191 366 1230 teris
405 1191 617 1230 omnibus
646 1190 859 1241 poenitus
894 1190 1152 1241 absumptis
1187 1202 1291 1230 cum
1323 1191 1542 1241 puellulo,
1577 1190 1706 1242 cujus
1734 1197 1883 1230 mater

257 1273 361 1302 cum
395 1261 500 1301 aliis
538 1262 713 1312 aliquot
753 1261 851 1312 ejus
888 1261 1109 1311 familiae,
1144 1261 1267 1301 sacta
1298 1262 1421 1312 apud
1455 1274 1540 1301 nos
1575 1261 1881 1309 confessione,

258 1338 438 1372 tantam
474 1333 661 1372 divinae
701 1332 882 1383 gratiae
922 1333 1287 1372 consolationem
1325 1333 1599 1383 retulerunt,
1637 1338 1686 1372 ut
1724 1344 1884 1372 omnes

259 1402 522 1453 hujusmodi
543 1403 870 1443 acerbissimos
898 1414 1035 1442 casus
1063 1402 1151 1442 Dei
1183 1402 1505 1453 providentiae
1534 1403 1881 1451 adscribendos,

259 1480 303 1513 et
333 1473 607 1513 beneficium
636 1473 700 1523 id,
734 1474 902 1513 nedum
937 1473 1257 1523 infortunium,
1297 1485 1396 1513 esse
1431 1473 1667 1524 persuasi,
1703 1473 1883 1524 gratias

255 1555 398 1595 agere
421 1550 464 1584 et
492 1545 537 1584 in
565 1545 728 1584 salutis
757 1556 867 1584 suae
896 1544 1148 1584 studiosius
1179 1556 1232 1583 ac
1263 1544 1522 1595 expeditius
1550 1544 1786 1583 curandae
1808 1556 1879 1583 oc-

257 1615 492 1655 casionem
516 1615 623 1655 illud
647 1615 818 1654 habere
838 1615 1137 1665 promiserint
1158 1621 1201 1653 et
1219 1613 1314 1664 jam
1335 1614 1635 1665 incoeperint.

334 1686 437 1725 Non
458 1686 623 1725 desunt
644 1686 721 1736 qui
742 1685 831 1725 huc
854 1697 902 1725 se
925 1684 1185 1735 conferant,
1209 1684 1265 1724 de
1282 1685 1467 1724 casibus
1488 1684 1638 1724 dubiis
1655 1684 1878 1736 judicium

255 1762 333 1796 aut
354 1757 597 1796 consilium
619 1762 940 1806 exposcentes.
975 1756 1080 1795 Duo
1111 1755 1287 1795 nobiles
1316 1767 1417 1795 sese
1446 1767 1550 1795 cum
1572 1755 1667 1795 suis
1694 1755 1880 1795 familiis

255 1827 301 1866 in
320 1828 604 1866 securiorem
624 1827 750 1866 vitae
772 1832 943 1866 statum
963 1832 1245 1865 revocarunt
1265 1837 1272 1875 3
1305 1838 1501 1877 quorum
1527 1838 1645 1866 unus
1672 1838 1729 1866 ex
1750 1838 1877 1877 prae-

253 1897 435 1937 diorum
455 1910 645 1938 suorum
676 1897 983 1937 locationibus
1011 1903 1053 1936 et
1084 1897 1283 1947 negotiis
1311 1897 1510 1937 diversis
1537 1897 1802 1937 subveritus
1823 1909 1880 1936 ne

256 1968 365 2019 quid
385 1981 468 2020 per
489 1961 848 2020 imprudentiam
869 1970 1020 2009 minus
1040 1966 1161 2018 juste
1184 1974 1339 2008 actum
1360 1975 1500 2018 esset,
1520 1974 1803 2019 percontans
1824 1967 1879 2007 de

255 2040 473 2090 singulis,
516 2041 600 2079 etsi
640 2040 752 2079 nihil
793 2041 974 2081 audiret
1014 2040 1319 2080 restitutionis
1356 2040 1442 2079 sibi
1477 2039 1742 2079 necessario
1779 2050 1879 2078 esse

253 2111 540 2161 faciendum,
574 2117 729 2151 tamen
764 2112 958 2151 libenter
987 2112 1033 2151 in
1069 2112 1274 2151 animum
1304 2111 1484 2151 induxit
1518 2111 1573 2150 de
1608 2122 1691 2150 suo
1724 2111 1879 2160 potius

254 2183 397 2221 multa
442 2182 631 2232 elargiri
672 2194 811 2233 quam
850 2182 905 2221 de
946 2183 1097 2222 alieno
1137 2182 1385 2233 quicquam
1424 2193 1566 2232 penes
1610 2192 1658 2220 se
1699 2182 1773 2220 vel
1812 2181 1880 2220 in-

254 2252 403 2292 scium
422 2253 517 2303 pati
536 2264 791 2292 remanere.
816 2252 948 2293 Alter
969 2265 1198 2304 nusquam
1218 2265 1311 2292 non
1337 2252 1598 2304 praedicat,
1623 2257 1879 2303 opportune

255 2330 393 2374 atque
432 2323 714 2374 importune,
759 2334 831 2373 se,
870 2335 928 2363 ex
969 2335 1057 2374 quo
1093 2323 1245 2374 coepit
1280 2322 1402 2374 apud
1437 2334 1522 2362 nos
1557 2333 1878 2370 consuescere,

255 2393 537 2432 intellexisse
560 2393 743 2432 demum
764 2394 872 2444 quid
894 2394 951 2433 sit
975 2394 1280 2433 christianum
1301 2404 1416 2433 esse.
1442 2392 1574 2432 Multi
1594 2393 1640 2432 in
1660 2392 1880 2432 momenti

253 2463 490 2514 gravioris
521 2463 658 2502 rebus
695 2463 887 2503 subinde
922 2475 1085 2515 preces
1113 2464 1368 2515 efflagitant
1399 2464 1519 2503 mira
1549 2463 1796 2503 devotione
1827 2474 1881 2502 ac

255 2534 356 2573 fide.

337 2604 494 2655 Nuper
516 2603 714 2643 adducta
738 2611 807 2644 est
829 2605 995 2645 nobilis
1017 2605 1245 2656 quaedam
1263 2605 1484 2655 foemina,
1506 2616 1624 2656 quae
1654 2615 1712 2643 ex
1732 2610 1880 2643 morte

255 2675 417 2714 matris
456 2680 635 2714 tantum
672 2675 815 2714 animi
850 2686 1076 2726 angorem
1111 2682 1425 2726 contraxerat,
1454 2682 1502 2715 ut
1522 2675 1678 2726 plures
1698 2685 1880 2714 menses

255 2746 404 2796 impos
426 2756 527 2784 esse
550 2745 717 2784 mentis
738 2746 841 2785 visa
863 2746 940 2797 sit,
971 2758 1120 2798 neque
1141 2747 1341 2787 interdiu
1370 2758 1519 2798 neque
1548 2752 1688 2786 noctu
1718 2746 1881 2785 valens

255 2816 607 2865 conquiescere,
645 2821 688 2854 et
725 2816 944 2856 maritum
969 2828 1074 2856 cum
1101 2823 1199 2857 tota
1233 2817 1372 2857 domo
1407 2818 1575 2857 misere
1611 2816 1877 2864 obturbans,

255 2885 475 2935 impensis
497 2885 670 2925 frustra
691 2886 736 2925 in
760 2887 966 2927 medicos
987 2888 1142 2928 multis
1162 2888 1384 2939 pecuniis.
1408 2888 1499 2939 Ea,
1527 2894 1775 2940 postquam
1806 2886 1881 2925 hic

255 2961 362 2995 ante
384 2967 559 3006 paucos
582 2956 679 2995 dies
700 2964 895 3006 peccata
925 2958 1165 3009 confessa,
1196 2959 1561 2999 consolationem
1588 2970 1681 2998 non
1712 2956 1880 2997 medio-
