1987 3260
240 155 314 192 702
750 154 976 192 LITTERAE
1003 165 1360 198 QUADRIMESTRES

965 603 1151 657 CLIX

314 828 362 864 P.
384 828 588 866 Andreas
607 829 660 866 de
679 829 832 867 Frusis

363 893 483 930 Patri
501 893 669 940 Ignatio
689 894 741 931 de
761 894 944 942 Loyola.

411 958 628 1006 Venetiis,
650 959 672 995 2
689 959 793 1006 Julii
814 960 904 997 1552
923 961 947 995 ¹.

1044 1159 1071 1204 †

327 1308 491 1349 Gratia
512 1316 556 1349 et
575 1321 669 1360 pax
690 1309 878 1350 Domini
898 1311 1045 1350 nostri
1070 1311 1181 1363 Jesu
1211 1311 1385 1352 Christi
1412 1313 1588 1352 habitet
1616 1324 1799 1364 semper
1828 1318 1874 1352 et

244 1385 428 1419 crescat
450 1380 495 1419 in
516 1381 648 1420 nobis
671 1381 731 1420 ad
750 1381 900 1431 gloria
923 1393 1035 1421 suae
1056 1382 1406 1422 incrementum.
1432 1383 1598 1423 Amen.

326 1451 395 1491 En
416 1451 659 1501 mittimus,
684 1451 733 1491 P.
758 1452 804 1491 in
826 1452 985 1503 primis
1005 1452 1124 1502 ΚΜ,
1148 1453 1326 1493 litteras
1349 1454 1450 1493 illas
1472 1454 1730 1504 generales,
1755 1465 1874 1504 quae

244 1528 412 1572 quarto
448 1533 629 1573 quoque
665 1534 823 1562 mense
858 1523 997 1562 scribi
1032 1524 1200 1573 solent,
1241 1524 1346 1564 licet
1373 1523 1623 1574 jejuniores
1654 1536 1795 1575 quam
1825 1531 1875 1564 ut

246 1591 328 1631 P.ti
353 1592 480 1632 Tuae
501 1597 575 1631 vel
597 1594 896 1644 appellationi
924 1605 1034 1633 suae
1065 1595 1392 1645 respondeant.
1426 1594 1691 1634 Parendum
1718 1600 1876 1635 tamen

244 1663 331 1702 fuit
349 1669 522 1702 statuto
541 1664 728 1714 optimo,
748 1675 806 1703 ex
823 1676 927 1715 quo,
947 1671 1132 1715 praeter
1150 1671 1361 1704 caeteras
1383 1665 1619 1715 utilitates,
1640 1665 1761 1704 hanc
1784 1676 1874 1715 ego

244 1746 386 1773 unam
407 1735 479 1773 vel
501 1735 801 1785 praecipuam
825 1736 981 1785 capio,
1016 1736 1137 1786 quod
1159 1735 1271 1775 mihi
1294 1736 1350 1774 ob
1373 1737 1532 1775 oculos
1554 1747 1727 1786 ponere
1743 1736 1874 1775 vide-

245 1810 320 1843 tur
343 1805 537 1844 extremi
553 1805 714 1855 judicii
735 1805 870 1844 diem.
901 1804 978 1845 Sic
1005 1806 1128 1845 enim
1154 1806 1278 1857 apud
1299 1818 1371 1845 me
1392 1806 1668 1845 ratiocinor:
1700 1806 1739 1845 si
1768 1818 1871 1857 nos,

245 1875 463 1914 minimae
494 1875 736 1926 cujusdam
757 1876 823 1915 rei
849 1882 892 1915 et
914 1876 1135 1927 temporis
1163 1877 1392 1916 rationem
1420 1877 1682 1927 reddentes,
1716 1878 1874 1917 erube-

244 1958 376 1985 scere
397 1947 622 1997 cogimur,
647 1954 873 1997 arguente
894 1959 978 1986 nos
1000 1947 1282 1986 conscientia
1306 1947 1442 1992 officii
1462 1959 1627 1998 parum
1654 1953 1875 1987 accurate

245 2017 471 2067 praestiti,
492 2029 597 2056 cum
618 2018 742 2056 nulla
765 2017 950 2056 interim
970 2018 1044 2056 hic
1065 2017 1143 2057 fiat
1160 2018 1330 2057 mentio
1349 2018 1403 2059 de
1421 2018 1628 2068 peccatis
1650 2024 1729 2057 aut
1751 2029 1873 2057 erra-

246 2088 305 2126 tis
326 2088 519 2137 nostris,
545 2088 625 2127 sed
648 2099 789 2138 opera
817 2094 998 2127 tantum
1033 2088 1283 2128 efferantur
1306 2088 1393 2128 Dei
1423 2088 1644 2128 beneficio
1674 2100 1756 2139 per
1788 2100 1875 2128 nos

246 2158 391 2207 facta3
416 2159 487 2197 vel
509 2158 614 2198 inde
636 2159 875 2198 aestimari
894 2165 1066 2209 potest,
1091 2165 1291 2210 quantae
1313 2166 1357 2199 et
1378 2159 1667 2199 confusionis
1694 2165 1739 2199 et
1767 2171 1873 2210 poe>

246 2240 334 2268 nae
361 2229 617 2279 periculum
645 2229 813 2279 aderit,
849 2241 953 2269 cum
980 2229 1217 2269 reddenda
1248 2230 1333 2269 erit
1362 2230 1480 2270 ratio
1514 2230 1592 2269 illa
1621 2231 1871 2281 generaliS,

246 2310 340 2338 non
367 2311 559 2350 operum
585 2301 733 2339 solum
761 2300 1009 2350 bonorum,
1047 2312 1165 2350 quae
1192 2301 1504 2351 negligentius
1534 2300 1658 2340 facta
1685 2301 1871 2350 fuerint,

244 2369 327 2408 sed
349 2371 554 2409 omnium
578 2382 759 2421 quoque
775 2371 996 2410 vitiorum
1017 2377 1061 2410 et
1082 2377 1398 2422 peccatorum,
1419 2370 1474 2410 de
1493 2371 1657 2422 quibus
1679 2372 1726 2411 in
1741 2383 1873 2422 praer-

246 2441 397 2479 sentia
418 2441 493 2479 vel
512 2442 637 2480 nulla
658 2442 733 2480 vel
754 2448 879 2481 certe
899 2442 1136 2481 levissima
1158 2442 1278 2481 ratio
1302 2441 1511 2482 habetur.
1531 2441 1636 2482 Scio
1655 2454 1737 2482 cur
1757 2442 1875 2482 haec

249 2511 401 2550 dicam
422 2516 465 2550 et
486 2511 531 2550 in
553 2511 682 2562 cujus
704 2512 913 2551 recidant
934 2518 1088 2563 caput.
1113 2511 1218 2560 Sed,
1242 2513 1313 2552 his
1334 2512 1694 2563 praetermissis,
1715 2513 1774 2552 ad
1800 2513 1871 2553 de-

248 2581 331 2619 biti
368 2583 626 2632 praesentis
665 2583 941 2622 solutionem
981 2584 1364 2634 qualemcumque
1401 2583 1598 2633 accedo,
1641 2583 1873 2622 communi

249 2652 469 2701 omnium,
490 2653 567 2703 qui
588 2653 662 2692 hic
680 2653 877 2702 agimus,
896 2653 1081 2692 nomine
1103 2665 1177 2692 res
1194 2654 1520 2703 complectens,
1539 2658 1588 2692 ut
1608 2664 1712 2692 mea
1729 2653 1875 2704 ipsius

306 2816 314 2834 ¹
355 2816 601 2849 Autographae
615 2817 750 2843 litterae
766 2821 843 2843 sunt
859 2818 891 2843 in
906 2817 1029 2851 duplici
1048 2818 1126 2845 folio
1141 2826 1194 2845 nn.
1210 2818 1245 2844 38
1259 2823 1290 2845 et
1305 2818 1423 2844 39.-1n
1440 2819 1479 2845 iis
1490 2819 1611 2845 ultima
1623 2822 1756 2845 tantum
1770 2819 1875 2844 verba

253 2862 293 2888 R.
311 2862 347 2888 P.
368 2862 641 2897 T....f1*atr1‘bus,
655 2868 732 2890 sunt
747 2871 847 2890 manu
865 2864 977 2891 Patris
992 2865 1151 2891 Andreae
1167 2866 1205 2892 de
1221 2865 1471 2899 Frusis.—Eae,
1489 2870 1524 2892 ut
1539 2865 1667 2899 legenti
1682 2870 1794 2899 patet,
1811 2872 1875 2891 non

251 2914 329 2935 sunt
345 2909 434 2935 aliud
449 2917 549 2943 quam
563 2911 808 2943 aliquantulum
821 2916 986 2938 exornata
1001 2911 1107 2938 latina
1122 2912 1234 2939 versio
1245 2919 1370 2945 earum,
1386 2920 1469 2946 quas
1483 2913 1543 2938 sub
1561 2920 1592 2938 n.
1609 2911 1741 2945 CLVII,
1759 2918 1874 2944 supra,

252 2963 329 2989 pag.
345 2956 405 2988 691,
422 2956 581 2982 dedimus.
