1987 3260
908 190 992 227 AN.
1025 190 1111 227 1551
1751 191 1824 228 305

197 299 246 327 se
267 287 487 338 gesserit,
513 287 576 326 ita
597 292 646 326 ut
666 293 853 338 stupere
875 297 1037 327 omnes
1059 293 1125 336 et,
1149 292 1198 326 ut
1221 286 1377 325 verius
1398 285 1570 336 dicam,
1602 286 1822 327 confundi

196 358 453 409 coeperint,
478 369 584 397 cum
605 370 675 407 ea,
700 369 819 408 quae
842 357 929 409 ipsi
949 356 1057 396 ficta
1079 357 1456 408 suspicabantur,
1480 357 1728 397 verissima
1747 359 1820 398 de-

196 428 561 480 prehendcrunt;
597 434 655 478 et,
694 427 815 479 quod
843 428 898 468 de
932 439 986 467 eo
1008 427 1322 477 dubitabatur,
1355 427 1561 467 omnium
1590 439 1820 468 consensu

195 499 530 550 comp1·obavit;
550 499 613 538 ita
630 498 819 549 factum,
839 504 887 538 ut
905 498 1118 538 omnibus
1135 498 1367 537 silentium
1387 498 1670 549 imposuerit.
1691 498 1821 539 Licet

193 576 349 610 autem
371 570 514 609 multa
536 570 583 609 in
604 570 680 610 illo
712 569 932 610 bonitatis
962 569 1166 620 insignia
1195 568 1426 618 refulgere
1454 569 1583 619 prius
1611 569 1819 609 videren-

193 647 282 691 tur,
313 639 460 691 major
488 647 645 680 tamen
679 641 726 680 in
753 640 1003 680 armariolo
1032 640 1200 679 mentis·
1227 639 1453 679 virtutum
1481 639 1726 679 thesaurus
1753 652 1820 680 re-

193 711 406 751 conditus
438 717 559 760 erat,
599 723 735 762 quem
768 711 813 750 in
840 710 1128 757 infirmitate,
1159 717 1203 749 et
1232 710 1522 760 potissimum
1550 710 1596 748 in
1625 710 1823 750 articulo

191 782 354 822 mortis
377 783 677 832 constitutus,
702 782 1010 833 deprompsit,
1036 787 1080 821 et
1102 781 1203 832 quis
1225 780 1387 820 fuisset
1410 781 1456 820 in
1476 781 1594 831 vita,
1618 781 1821 820 moriens

191 853 405 893 ostendit.
443 853 562 892 Nam
602 852 810 893 infirmus
843 863 1095 903 numquam
1128 863 1442 900 murmurare,
1480 852 1707 902 replicare
1739 859 1818 893 aut

190 924 413 975 conqueri
438 925 568 963 visus
589 930 680 973 est,
704 935 806 974 nee,
830 923 901 963 sui
933 923 1030 963 Voti
1063 923 1233 973 impos,
1258 923 1401 962 ullum
1424 922 1742 973 impatientiae
1766 923 1822 961 si-

190 1006 334 1044 gnum
362 994 688 1045 demostravit,
719 993 801 1033 sed
835 1000 1074 1045 tamquam
1103 1004 1276 1043 agnum
1305 1005 1353 1033 se
1374 994 1569 1032 tractari
1591 994 1817 1044 permisit,

188 1066 250 1105 ita
268 1073 317 1105 ut
335 1078 440 1105 cum
457 1066 685 1114 omnibus,
706 1072 803 1105 tum
820 1065 1023 1104 maxime
1042 1064 1310 1114 infirmariO,
1331 1064 1630 1104 admirationi
1645 1072 1766 1104 esset
1788 1064 1811 1104 ¹.

190 1136 332 1176 Porro
354 1148 407 1176 co
430 1136 619 1188 spiritus
640 1136 827 1175 fervore
845 1135 1099 1187 jammorti
1120 1135 1363 1186 proximus
1385 1146 1611 1175 accensus
1632 1135 1738 1185 fuit,
1769 1142 1819 1175 ut

187 1219 347 1247 omnes
382 1207 463 1246 vix
498 1207 641 1246 alium
674 1206 1007 1246 ferventiorem
1041 1206 1215 1246 vidisse
1237 1218 1306 1256 se,
1331 1206 1551 1258 quamdiu
1579 1206 1811 1253 vixerant,

186 1290 276 1318 uno
298 1289 378 1317 ore
400 1277 669 1316 faterentur.
696 1276 814 1317 Nam
836 1278 900 1327 (ut
922 1283 1108 1316 caetera
1135 1277 1362 1326 omittam)
1391 1277 1536 1316 altero
1567 1282 1818 1328 antequam

185 1356 442 1389 moreretur
460 1349 532 1388 die
548 1355 744 1387 vocatos
761 1348 819 1387 ad
835 1360 898 1398 se,
913 1354 957 1387 et
973 1348 1194 1388 facultate
1211 1360 1237 1387 a
1253 1348 1306 1387 R.
1319 1348 1367 1388 P.
1383 1348 1584 1387 Domino
1602 1348 1818 1388 Cornelio

185 1426 378 1469 accepta
401 1420 508 1468 (non
531 1419 652 1459 enim
673 1419 807 1458 aliter
829 1419 1034 1468 licebat),
1059 1419 1298 1468 ingressos
1320 1419 1366 1458 in
1388 1419 1432 1459 id
1455 1419 1719 1459 cubiculum
1740 1420 1816 1460 ubi

185 1491 503 1541 decumbebat,
523 1490 737 1530 adstante
754 1489 916 1529 eodem
928 1489 981 1529 R.
1002 1489 1068 1539 P„
1082 1490 1145 1533 ita
1162 1501 1247 1529 nos
1265 1490 1324 1529 ad
1341 1490 1665 1538 obedientiam,
1686 1502 1816 1541 prae-

184 1569 253 1602 ter
284 1568 493 1611 caetera,
528 1573 674 1613 eoque
703 1560 871 1601 affectu
899 1561 1115 1601 hortatus
1143 1566 1232 1607 est,
1263 1566 1312 1600 ut
1342 1567 1386 1600 et
1418 1562 1654 1612 lacrymas
1683 1562 1816 1601 nobis

184 1634 396 1673 omnibus
416 1634 627 1683 eliceret,
651 1639 695 1673 et
716 1633 853 1672 simul
874 1632 1172 1672 admirationi
1194 1638 1316 1672 esset
1337 1633 1480 1684 quod,
1502 1632 1597 1684 jam
1619 1645 1817 1684 corpore

182 1705 517 1755 propemodum
537 1704 750 1755 frigidus,
770 1705 833 1744 ita
856 1705 1029 1743 caleret
1051 1704 1221 1754 animo,
1246 1709 1295 1743 ut
1314 1715 1569 1755 numquam
1588 1703 1817 1743 fervidius

183 1776 238 1815 de
265 1776 336 1815 his
363 1776 504 1815 verba
538 1775 703 1815 fecisse
732 1776 987 1815 videretur.
1019 1774 1196 1814 Amore
1226 1780 1470 1826 praeterea
1497 1773 1655 1815 Sancti
1685 1774 1815 1814 Pauli

182 1847 350 1886 mirum
372 1847 418 1885 in
438 1846 625 1886 modum
647 1846 917 1886 exardebat.
942 1845 1011 1885 Ita
1033 1846 1154 1886 enim
1176 1845 1274 1896 ejus
1295 1845 1549 1896 imaginem
1577 1846 1654 1885 diu
1687 1851 1814 1897 opta-

181 1924 276 1957 tam
297 1924 341 1957 et
362 1918 623 1967 quaesitam
643 1918 923 1968 tandemque
959 1917 1001 1956 ei
1028 1917 1231 1956 oblatam
1259 1917 1627 1967 amplectebatur
1655 1928 1710 1955 ac
1741 1917 1813 1956 de-

180 1988 493 2038 osculabatur,
523 1994 573 2027 ut
602 1989 771 2039 ipsam,
796 1988 835 2027 si
855 1988 1102 2039 potuisset,
1137 1987 1266 2027 cordi
1298 1987 1527 2026 infixurus
1554 1987 1808 2035 videretur·;

179 2071 315 2111 quem
337 2059 384 2099 in
405 2060 533 2099 coelo
556 2059 840 2099 advocatum
862 2071 910 2098 se
932 2058 1105 2098 habere
1126 2058 1329 2105 dicebat,
1359 2064 1500 2109 utque
1530 2070 1614 2109 pro
1642 2059 1814 2109 populo

179 2130 434 2170 christiano
475 2129 596 2181 apud
635 2129 887 2169 Dominum
926 2121 1254 2178 intercederet,
1298 2129 1464 2168 devote
1512 2130 1808 2179 precabatur.

180 2201 435 2252 Praecipuo
457 2212 639 2252 quoque
663 2213 820 2240 amore
843 2200 1044 2251 quodam
1075 2206 1119 2239 et
1154 2200 1322 2240 ardore
1350 2201 1494 2240 animi
1534 2200 1809 2241 crucifixum

179 2273 554 2324 amplexabatur,
579 2278 642 2319 ut,
667 2284 758 2312 non
789 2272 913 2312 aliud
939 2283 1076 2323 quam
1105 2272 1342 2312 Christum
1365 2271 1637 2311 crucifixum
1666 2284 1715 2312 se
1735 2284 1808 2323 pe-

179 2350 306 2383 ctore
337 2355 523 2394 gerere,
562 2343 765 2383 evidenti
801 2343 934 2393 signo
971 2343 1184 2382 omnibus
1219 2343 1574 2383 demonstraret.
1611 2343 1667 2383 Et
1705 2355 1811 2384 cum

178 2426 361 2465 semper
382 2414 516 2465 hujus
533 2415 706 2454 amoris
724 2414 893 2454 indicia
912 2413 1159 2454 manifesta
1177 2414 1392 2464 ediderit,
1412 2419 1509 2453 tum
1527 2426 1640 2454 vero
1665 2415 1808 2454 maxi-

178 2497 249 2525 me
288 2497 395 2525 cum
429 2484 783 2525 Sanctissimum
817 2484 1173 2525 Sacramentum
1208 2491 1330 2525 esset
1369 2492 1661 2537 sumpturus:
1699 2493 1808 2525 tunc

177 2557 299 2596 enim
319 2557 435 2596 haec
457 2562 502 2595 et
523 2555 785 2606 hujusmodi
806 2556 951 2595 verba
973 2568 1030 2595 ex
1052 2556 1369 2606 penetralibus
1386 2555 1554 2603 cordis,
1574 2562 1697 2595 totus
1719 2557 1807 2607 spi-

176 2628 266 2668 ritu
283 2627 485 2676 fervens,
505 2627 719 2677 quamvis
737 2638 933 2678 corpore
954 2627 1211 2677 langueret,
1230 2637 1402 2677 magna
1421 2638 1583 2666 eorum
1600 2627 1806 2666 omnium

176 2700 253 2751 qui
283 2699 479 2739 aderant
514 2698 852 2748 consolatione,
883 2697 1103 2749 profudit:
1136 2697 1357 2747 Domine,
1388 2704 1435 2737 tu
1467 2699 1526 2737 ad
1553 2709 1625 2737 me
1656 2698 1803 2745 venis,

174 2781 279 2809 cum
300 2781 387 2820 ego
410 2769 469 2809 ad
490 2775 533 2809 te
554 2769 714 2808 venire
735 2767 955 2808 debeam?
976 2780 1138 2819 parce,
1161 2780 1324 2819 parce,
1351 2769 1562 2819 inquam,
1588 2768 1801 2818 Doenine,

175 2847 219 2880 et
240 2838 461 2880 miserere
482 2840 588 2879 mei.
613 2840 764 2890 Atque
784 2839 900 2879 haec
921 2839 1114 2879 subinde
1135 2839 1388 2890 replicans,
1413 2840 1690 2890 veniamque
1712 2847 1756 2879 et
1777 2851 1804 2878 a

231 3001 239 3020 ¹
279 3000 384 3028 Esset
399 3001 534 3035 scripsit
546 3001 720 3030 Polaticus,
737 3001 848 3028 deleto
866 3001 1161 3034 ve'derel111zquod
1179 3002 1363 3033 scripserat
1383 3001 1588 3029 Alexander.
