<?xml version="1.0" encoding="UTF-8"?>
<!DOCTYPE html PUBLIC "-//W3C//DTD XHTML 1.0 Transitional//EN"
    "http://www.w3.org/TR/xhtml1/DTD/xhtml1-transitional.dtd">
<html xmlns="http://www.w3.org/1999/xhtml" xml:lang="en" lang="en">
 <head>
  <title>
</title>
<meta http-equiv="Content-Type" content="text/html;charset=utf-8" />
  <meta name='ocr-system' content='tesseract 3.04.00' />
  <meta name='ocr-capabilities' content='ocr_page ocr_carea ocr_par ocr_line ocrx_word'/>
</head>
<body>
  <div class='ocr_page' id='page_1' title='image "./litteraequadrime1301lain_0230.png"; bbox 0 0 1987 3260; ppageno 0'>
   <div class='ocr_carea' id='block_1_1' title="bbox 247 152 1363 195">
    <p class='ocr_par' dir='ltr' id='par_1_1' title="bbox 247 152 1363 195">
     <span class='ocr_line' id='line_1_1' title="bbox 247 152 1363 195; baseline 0.001 -6"><span class='ocrx_word' id='word_1_1' title='bbox 247 152 318 189; x_wconf 71' lang='lat'>224</span> <span class='ocrx_word' id='word_1_2' title='bbox 757 152 982 189; x_wconf 80' lang='lat' dir='ltr'>LITTERAE</span> <span class='ocrx_word' id='word_1_3' title='bbox 1008 162 1363 195; x_wconf 79' lang='lat' dir='ltr'><strong>QUADRIMESTRES</strong></span> 
     </span>
    </p>
   </div>
   <div class='ocr_carea' id='block_1_2' title="bbox 247 246 1903 2420">
    <p class='ocr_par' dir='ltr' id='par_1_2' title="bbox 247 246 1866 300">
     <span class='ocr_line' id='line_1_2' title="bbox 247 246 1866 300; baseline 0.002 -14"><span class='ocrx_word' id='word_1_4' title='bbox 247 258 384 287; x_wconf 86' lang='lat' dir='ltr'>rarae</span> <span class='ocrx_word' id='word_1_5' title='bbox 404 246 646 298; x_wconf 88' lang='lat' dir='ltr'>cujusdam</span> <span class='ocrx_word' id='word_1_6' title='bbox 662 247 1024 299; x_wconf 77' lang='lat' dir='ltr'>exspectationis</span> <span class='ocrx_word' id='word_1_7' title='bbox 1040 247 1131 298; x_wconf 92' lang='lat' dir='ltr'>qui,</span> <span class='ocrx_word' id='word_1_8' title='bbox 1151 254 1336 299; x_wconf 89' lang='lat' dir='ltr'>praeter</span> <span class='ocrx_word' id='word_1_9' title='bbox 1353 247 1653 289; x_wconf 80' lang='lat' dir='ltr'>humaniores</span> <span class='ocrx_word' id='word_1_10' title='bbox 1669 249 1866 300; x_wconf 86' lang='lat' dir='ltr'>litteras,</span> 
     </span>
    </p>

    <p class='ocr_par' dir='ltr' id='par_1_3' title="bbox 249 317 1890 439">
     <span class='ocr_line' id='line_1_3' title="bbox 249 317 1890 370; baseline 0.002 -13"><span class='ocrx_word' id='word_1_11' title='bbox 249 329 364 368; x_wconf 91' lang='lat' dir='ltr'>quas</span> <span class='ocrx_word' id='word_1_12' title='bbox 397 318 753 369; x_wconf 85' lang='lat' dir='ltr'>profitebantur,</span> <span class='ocrx_word' id='word_1_13' title='bbox 784 330 808 358; x_wconf 93' lang='lat' dir='ltr'>e</span> <span class='ocrx_word' id='word_1_14' title='bbox 838 318 997 358; x_wconf 88' lang='lat' dir='ltr'>solidis</span> <span class='ocrx_word' id='word_1_15' title='bbox 1024 317 1352 370; x_wconf 79' lang='lat' dir='ltr'>Philosophiae</span> <span class='ocrx_word' id='word_1_16' title='bbox 1378 319 1581 359; x_wconf 85' lang='lat' dir='ltr'>fontibus</span> <span class='ocrx_word' id='word_1_17' title='bbox 1607 319 1890 361; x_wconf 65' lang='lat' dir='ltr'>doctrinam¹</span> 
     </span>
     <span class='ocr_line' id='line_1_4' title="bbox 249 389 1870 439; baseline 0.001 -11"><span class='ocrx_word' id='word_1_18' title='bbox 249 400 431 428; x_wconf 91' lang='lat' dir='ltr'>morum</span> <span class='ocrx_word' id='word_1_19' title='bbox 451 394 495 428; x_wconf 89' lang='lat' dir='ltr'>et</span> <span class='ocrx_word' id='word_1_20' title='bbox 515 394 709 428; x_wconf 83' lang='lat' dir='ltr'>naturae</span> <span class='ocrx_word' id='word_1_21' title='bbox 730 389 1005 439; x_wconf 88' lang='lat' dir='ltr'>hauserunt,</span> <span class='ocrx_word' id='word_1_22' title='bbox 1034 400 1184 439; x_wconf 93' lang='lat' dir='ltr'>neque</span> <span class='ocrx_word' id='word_1_23' title='bbox 1210 389 1257 428; x_wconf 92' lang='lat' dir='ltr'>id</span> <span class='ocrx_word' id='word_1_24' title='bbox 1283 389 1542 430; x_wconf 75' lang='lat' dir='ltr'>infeliciter.</span> <span class='ocrx_word' id='word_1_25' title='bbox 1574 389 1708 430; x_wconf 87' lang='lat' dir='ltr'>Adde</span> <span class='ocrx_word' id='word_1_26' title='bbox 1730 391 1870 430; x_wconf 90' lang='lat' dir='ltr'>etiam</span> 
     </span>
    </p>

    <p class='ocr_par' dir='ltr' id='par_1_4' title="bbox 249 458 1869 517">
     <span class='ocr_line' id='line_1_5' title="bbox 249 458 1869 517; baseline 0.001 -19"><span class='ocrx_word' id='word_1_27' title='bbox 249 459 373 510; x_wconf 93' lang='lat' dir='ltr'>quod</span> <span class='ocrx_word' id='word_1_28' title='bbox 393 459 601 499; x_wconf 87' lang='lat' dir='ltr'>nonnulli</span> <span class='ocrx_word' id='word_1_29' title='bbox 622 458 808 499; x_wconf 81' lang='lat' dir='ltr'>divinae</span> <span class='ocrx_word' id='word_1_30' title='bbox 833 458 871 499; x_wconf 84' lang='grc' dir='ltr'>Τ</span> <span class='ocrx_word' id='word_1_31' title='bbox 874 459 1116 510; x_wconf 91' lang='lat' dir='ltr'>heologiae</span> <span class='ocrx_word' id='word_1_32' title='bbox 1145 464 1189 499; x_wconf 90' lang='lat' dir='ltr'>et</span> <span class='ocrx_word' id='word_1_33' title='bbox 1214 459 1472 517; x_wconf 79' lang='lat' dir='ltr'>Medicinae</span> <span class='ocrx_word' id='word_1_34' title='bbox 1497 461 1756 511; x_wconf 88' lang='lat' dir='ltr'>penetralia</span> <span class='ocrx_word' id='word_1_35' title='bbox 1788 461 1869 500; x_wconf 88' lang='lat' dir='ltr'>lin·</span> 
     </span>
    </p>

    <p class='ocr_par' dir='ltr' id='par_1_5' title="bbox 249 529 1870 582">
     <span class='ocr_line' id='line_1_6' title="bbox 249 529 1870 582; baseline 0.001 -13"><span class='ocrx_word' id='word_1_36' title='bbox 249 531 353 580; x_wconf 91' lang='lat' dir='ltr'>guis</span> <span class='ocrx_word' id='word_1_37' title='bbox 375 536 419 569; x_wconf 91' lang='lat' dir='ltr'>et</span> <span class='ocrx_word' id='word_1_38' title='bbox 439 529 765 580; x_wconf 80' lang='lat' dir='ltr'>Philosophiae</span> <span class='ocrx_word' id='word_1_39' title='bbox 787 529 1142 581; x_wconf 71' lang='lat' dir='ltr'>conjunxerunt,</span> <span class='ocrx_word' id='word_1_40' title='bbox 1167 542 1191 570; x_wconf 93' lang='lat' dir='ltr'>e</span> <span class='ocrx_word' id='word_1_41' title='bbox 1213 530 1377 581; x_wconf 91' lang='lat' dir='ltr'>quibus</span> <span class='ocrx_word' id='word_1_42' title='bbox 1393 531 1592 582; x_wconf 90' lang='lat' dir='ltr'>quinque</span> <span class='ocrx_word' id='word_1_43' title='bbox 1610 531 1668 571; x_wconf 91' lang='lat' dir='ltr'>ad</span> <span class='ocrx_word' id='word_1_44' title='bbox 1685 542 1870 571; x_wconf 87' lang='lat' dir='ltr'>sacram</span> 
     </span>
    </p>

    <p class='ocr_par' dir='ltr' id='par_1_6' title="bbox 250 599 1869 652">
     <span class='ocr_line' id='line_1_7' title="bbox 250 599 1869 652; baseline 0.001 -12"><span class='ocrx_word' id='word_1_45' title='bbox 250 600 504 640; x_wconf 80' lang='lat' dir='ltr'>anchoram</span> <span class='ocrx_word' id='word_1_46' title='bbox 524 600 724 640; x_wconf 90' lang='lat' dir='ltr'>nominis</span> <span class='ocrx_word' id='word_1_47' title='bbox 743 599 853 652; x_wconf 89' lang='lat' dir='ltr'>Jesu</span> <span class='ocrx_word' id='word_1_48' title='bbox 875 600 1197 651; x_wconf 87' lang='lat' dir='ltr'>confugerunt,</span> <span class='ocrx_word' id='word_1_49' title='bbox 1220 600 1340 640; x_wconf 90' lang='lat' dir='ltr'>inter</span> <span class='ocrx_word' id='word_1_50' title='bbox 1361 612 1475 652; x_wconf 92' lang='lat' dir='ltr'>quos</span> <span class='ocrx_word' id='word_1_51' title='bbox 1496 613 1614 641; x_wconf 89' lang='lat' dir='ltr'>unus</span> <span class='ocrx_word' id='word_1_52' title='bbox 1635 607 1703 641; x_wconf 89' lang='lat' dir='ltr'>est</span> <span class='ocrx_word' id='word_1_53' title='bbox 1730 601 1869 641; x_wconf 91' lang='lat' dir='ltr'>Dida-</span> 
     </span>
    </p>

    <p class='ocr_par' dir='ltr' id='par_1_7' title="bbox 251 669 1867 722">
     <span class='ocr_line' id='line_1_8' title="bbox 251 669 1867 722; baseline 0.001 -12"><span class='ocrx_word' id='word_1_54' title='bbox 251 682 332 711; x_wconf 93' lang='lat' dir='ltr'>cus</span> <span class='ocrx_word' id='word_1_55' title='bbox 352 671 573 722; x_wconf 85' lang='lat' dir='ltr'>Vazquez</span> <span class='ocrx_word' id='word_1_56' title='bbox 595 683 621 711; x_wconf 91' lang='lat' dir='ltr'>a</span> <span class='ocrx_word' id='word_1_57' title='bbox 649 669 856 721; x_wconf 89' lang='lat' dir='ltr'>Torrijos</span> <span class='ocrx_word' id='word_1_58' title='bbox 885 669 894 689; x_wconf 90' lang='lat'><strong>¹</strong></span> <span class='ocrx_word' id='word_1_59' title='bbox 923 671 1021 722; x_wconf 91' lang='lat' dir='ltr'>qui,</span> <span class='ocrx_word' id='word_1_60' title='bbox 1051 671 1291 722; x_wconf 90' lang='lat' dir='ltr'>utriusque</span> <span class='ocrx_word' id='word_1_61' title='bbox 1319 671 1506 722; x_wconf 83' lang='lat' dir='ltr'>linguae</span> <span class='ocrx_word' id='word_1_62' title='bbox 1534 672 1649 711; x_wconf 87' lang='lat' dir='ltr'>mire</span> <span class='ocrx_word' id='word_1_63' title='bbox 1679 672 1867 719; x_wconf 87' lang='lat' dir='ltr'>callens,</span> 
     </span>
    </p>

    <p class='ocr_par' dir='ltr' id='par_1_8' title="bbox 249 741 1871 793">
     <span class='ocr_line' id='line_1_9' title="bbox 249 741 1871 793; baseline 0.001 -12"><span class='ocrx_word' id='word_1_64' title='bbox 249 741 597 793; x_wconf 89' lang='lat' dir='ltr'>Philosophiam</span> <span class='ocrx_word' id='word_1_65' title='bbox 618 748 661 782; x_wconf 89' lang='lat' dir='ltr'>et</span> <span class='ocrx_word' id='word_1_66' title='bbox 678 741 958 782; x_wconf 82' lang='lat' dir='ltr'>Medicinam</span> <span class='ocrx_word' id='word_1_67' title='bbox 973 747 1070 782; x_wconf 89' lang='lat' dir='ltr'>tam</span> <span class='ocrx_word' id='word_1_68' title='bbox 1080 741 1233 782; x_wconf 85' lang='lat' dir='ltr'>fausto</span> <span class='ocrx_word' id='word_1_69' title='bbox 1252 741 1429 782; x_wconf 88' lang='lat' dir='ltr'>adierat</span> <span class='ocrx_word' id='word_1_70' title='bbox 1445 741 1576 793; x_wconf 89' lang='lat' dir='ltr'>pede,</span> <span class='ocrx_word' id='word_1_71' title='bbox 1591 748 1641 782; x_wconf 90' lang='lat' dir='ltr'>ut</span> <span class='ocrx_word' id='word_1_72' title='bbox 1657 743 1871 793; x_wconf 77' lang='lat' dir='ltr'>proximo</span> 
     </span>
    </p>

    <p class='ocr_par' dir='ltr' id='par_1_9' title="bbox 249 811 1872 864">
     <span class='ocr_line' id='line_1_10' title="bbox 249 811 1872 864; baseline 0 -11"><span class='ocrx_word' id='word_1_73' title='bbox 249 824 371 853; x_wconf 92' lang='lat' dir='ltr'>anno</span> <span class='ocrx_word' id='word_1_74' title='bbox 392 824 441 853; x_wconf 89' lang='lat' dir='ltr'>se</span> <span class='ocrx_word' id='word_1_75' title='bbox 461 813 660 863; x_wconf 83' lang='lat' dir='ltr'>primam</span> <span class='ocrx_word' id='word_1_76' title='bbox 681 812 901 852; x_wconf 88' lang='lat' dir='ltr'>Doctoris</span> <span class='ocrx_word' id='word_1_77' title='bbox 921 813 1128 852; x_wconf 88' lang='lat' dir='ltr'>lauream</span> <span class='ocrx_word' id='word_1_78' title='bbox 1149 812 1196 852; x_wconf 91' lang='lat' dir='ltr'>in</span> <span class='ocrx_word' id='word_1_79' title='bbox 1216 811 1448 852; x_wconf 84' lang='lat' dir='ltr'>Medicina</span> <span class='ocrx_word' id='word_1_80' title='bbox 1475 812 1751 864; x_wconf 87' lang='lat' dir='ltr'>adepturum</span> <span class='ocrx_word' id='word_1_81' title='bbox 1772 824 1872 864; x_wconf 90' lang='lat' dir='ltr'>spe—</span> 
     </span>
    </p>

    <p class='ocr_par' dir='ltr' id='par_1_10' title="bbox 250 882 1870 935">
     <span class='ocr_line' id='line_1_11' title="bbox 250 882 1870 935; baseline 0 -11"><span class='ocrx_word' id='word_1_82' title='bbox 250 890 391 924; x_wconf 90' lang='lat' dir='ltr'>raret.</span> <span class='ocrx_word' id='word_1_83' title='bbox 415 883 549 923; x_wconf 86' lang='lat' dir='ltr'>Alius</span> <span class='ocrx_word' id='word_1_84' title='bbox 570 883 856 923; x_wconf 86' lang='lat' dir='ltr'>Licentiatus</span> <span class='ocrx_word' id='word_1_85' title='bbox 880 882 1086 935; x_wconf 90' lang='lat' dir='ltr'>Joannes</span> <span class='ocrx_word' id='word_1_86' title='bbox 1105 883 1284 923; x_wconf 86' lang='lat' dir='ltr'>Prados</span> <span class='ocrx_word' id='word_1_87' title='bbox 1310 882 1324 900; x_wconf 71' lang='lat'>‘²</span> <span class='ocrx_word' id='word_1_88' title='bbox 1346 889 1414 923; x_wconf 91' lang='lat' dir='ltr'>est</span> <span class='ocrx_word' id='word_1_89' title='bbox 1436 884 1528 934; x_wconf 92' lang='lat' dir='ltr'>qui,</span> <span class='ocrx_word' id='word_1_90' title='bbox 1551 895 1699 935; x_wconf 90' lang='lat' dir='ltr'>paene</span> <span class='ocrx_word' id='word_1_91' title='bbox 1719 890 1870 924; x_wconf 91' lang='lat' dir='ltr'>totum</span> 
     </span>
    </p>

    <p class='ocr_par' dir='ltr' id='par_1_11' title="bbox 250 954 1872 1005">
     <span class='ocr_line' id='line_1_12' title="bbox 250 954 1872 1005; baseline 0 -10"><span class='ocrx_word' id='word_1_92' title='bbox 250 954 569 995; x_wconf 83' lang='lat' dir='ltr'>Scholasticae</span> <span class='ocrx_word' id='word_1_93' title='bbox 590 954 874 1005; x_wconf 89' lang='lat' dir='ltr'>Theologiae</span> <span class='ocrx_word' id='word_1_94' title='bbox 895 954 1119 994; x_wconf 88' lang='lat' dir='ltr'>ambitum</span> <span class='ocrx_word' id='word_1_95' title='bbox 1139 954 1290 1005; x_wconf 81' lang='lat' dir='ltr'>&lt;quem</span> <span class='ocrx_word' id='word_1_96' title='bbox 1307 965 1495 994; x_wconf 88' lang='lat' dir='ltr'>cursum</span> <span class='ocrx_word' id='word_1_97' title='bbox 1510 955 1698 1005; x_wconf 82' lang='lat' dir='ltr'>vocant)</span> <span class='ocrx_word' id='word_1_98' title='bbox 1717 966 1872 995; x_wconf 88' lang='lat' dir='ltr'>emen-</span> 
     </span>
    </p>

    <p class='ocr_par' dir='ltr' id='par_1_12' title="bbox 251 1024 1870 1076">
     <span class='ocr_line' id='line_1_13' title="bbox 251 1024 1870 1076; baseline 0 -10"><span class='ocrx_word' id='word_1_99' title='bbox 251 1038 344 1076; x_wconf 83' lang='lat' dir='ltr'>SUS,</span> <span class='ocrx_word' id='word_1_100' title='bbox 358 1024 636 1066; x_wconf 86' lang='lat' dir='ltr'>Sanctarum</span> <span class='ocrx_word' id='word_1_101' title='bbox 655 1024 1001 1075; x_wconf 84' lang='lat' dir='ltr'>Scripturarum</span> <span class='ocrx_word' id='word_1_102' title='bbox 1018 1024 1205 1065; x_wconf 90' lang='lat' dir='ltr'>lectioni</span> <span class='ocrx_word' id='word_1_103' title='bbox 1218 1030 1262 1064; x_wconf 88' lang='lat' dir='ltr'>et</span> <span class='ocrx_word' id='word_1_104' title='bbox 1276 1024 1567 1075; x_wconf 82' lang='lat' dir='ltr'>indagationi</span> <span class='ocrx_word' id='word_1_105' title='bbox 1583 1025 1870 1076; x_wconf 83' lang='lat' dir='ltr'>accingetur.</span> 
     </span>
    </p>

    <p class='ocr_par' dir='ltr' id='par_1_13' title="bbox 250 1095 1873 1147">
     <span class='ocr_line' id='line_1_14' title="bbox 250 1095 1873 1147; baseline 0 -11"><span class='ocrx_word' id='word_1_106' title='bbox 250 1097 457 1137; x_wconf 90' lang='lat' dir='ltr'>Tertium</span> <span class='ocrx_word' id='word_1_107' title='bbox 477 1108 549 1136; x_wconf 92' lang='lat' dir='ltr'>me</span> <span class='ocrx_word' id='word_1_108' title='bbox 572 1096 693 1146; x_wconf 89' lang='lat' dir='ltr'>(licet</span> <span class='ocrx_word' id='word_1_109' title='bbox 714 1095 971 1146; x_wconf 88' lang='lat' dir='ltr'>indignum)</span> <span class='ocrx_word' id='word_1_110' title='bbox 993 1096 1263 1144; x_wconf 87' lang='lat' dir='ltr'>adnumero,</span> <span class='ocrx_word' id='word_1_111' title='bbox 1287 1096 1364 1147; x_wconf 90' lang='lat' dir='ltr'>qui</span> <span class='ocrx_word' id='word_1_112' title='bbox 1380 1095 1538 1147; x_wconf 90' lang='lat' dir='ltr'>jussus</span> <span class='ocrx_word' id='word_1_113' title='bbox 1560 1107 1663 1136; x_wconf 91' lang='lat' dir='ltr'>sum</span> <span class='ocrx_word' id='word_1_114' title='bbox 1684 1107 1789 1136; x_wconf 90' lang='lat' dir='ltr'>cum</span> <span class='ocrx_word' id='word_1_115' title='bbox 1809 1096 1873 1136; x_wconf 92' lang='lat' dir='ltr'>di-</span> 
     </span>
    </p>

    <p class='ocr_par' dir='ltr' id='par_1_14' title="bbox 250 1166 1903 1644">
     <span class='ocr_line' id='line_1_15' title="bbox 251 1166 1903 1217; baseline 0 -10"><span class='ocrx_word' id='word_1_116' title='bbox 251 1167 337 1208; x_wconf 90' lang='lat' dir='ltr'>ctis</span> <span class='ocrx_word' id='word_1_117' title='bbox 359 1167 536 1207; x_wconf 85' lang='lat' dir='ltr'>duobus</span> <span class='ocrx_word' id='word_1_118' title='bbox 557 1166 729 1207; x_wconf 84' lang='lat' dir='ltr'>Sacrae</span> <span class='ocrx_word' id='word_1_119' title='bbox 750 1166 1032 1217; x_wconf 90' lang='lat' dir='ltr'>Theologiae</span> <span class='ocrx_word' id='word_1_120' title='bbox 1049 1166 1213 1206; x_wconf 90' lang='lat' dir='ltr'>studiis</span> <span class='ocrx_word' id='word_1_121' title='bbox 1228 1178 1415 1206; x_wconf 84' lang='lat' dir='ltr'>vacare.</span> <span class='ocrx_word' id='word_1_122' title='bbox 1436 1166 1639 1217; x_wconf 86' lang='lat' dir='ltr'>Quartus</span> <span class='ocrx_word' id='word_1_123' title='bbox 1656 1178 1768 1206; x_wconf 87' lang='lat' dir='ltr'>vero</span> <span class='ocrx_word' id='word_1_124' title='bbox 1786 1174 1871 1214; x_wconf 89' lang='lat' dir='ltr'>est,</span> <span class='ocrx_word' id='word_1_125' title='bbox 1900 1170 1903 1175; x_wconf 81' lang='grc'><em>’</em></span> 
     </span>
     <span class='ocr_line' id='line_1_16' title="bbox 250 1236 1875 1290; baseline -0.001 -12"><span class='ocrx_word' id='word_1_126' title='bbox 250 1238 327 1290; x_wconf 90' lang='lat' dir='ltr'>qui</span> <span class='ocrx_word' id='word_1_127' title='bbox 360 1238 625 1289; x_wconf 89' lang='lat' dir='ltr'>linguarum</span> <span class='ocrx_word' id='word_1_128' title='bbox 655 1238 849 1288; x_wconf 84' lang='lat' dir='ltr'>peritiae</span> <span class='ocrx_word' id='word_1_129' title='bbox 871 1237 1175 1287; x_wconf 85' lang='lat' dir='ltr'>Theologiam</span> <span class='ocrx_word' id='word_1_130' title='bbox 1205 1243 1422 1288; x_wconf 90' lang='lat' dir='ltr'>coeperat</span> <span class='ocrx_word' id='word_1_131' title='bbox 1453 1236 1747 1288; x_wconf 87' lang='lat' dir='ltr'>conjungere.</span> <span class='ocrx_word' id='word_1_132' title='bbox 1786 1237 1875 1277; x_wconf 95' lang='lat' dir='ltr'>Hic</span> 
     </span>
     <span class='ocr_line' id='line_1_17' title="bbox 250 1307 1874 1360; baseline -0.001 -11"><span class='ocrx_word' id='word_1_133' title='bbox 250 1309 479 1349; x_wconf 88' lang='lat' dir='ltr'>Martinus</span> <span class='ocrx_word' id='word_1_134' title='bbox 500 1307 513 1326; x_wconf 76' lang='lat'>³</span> <span class='ocrx_word' id='word_1_135' title='bbox 535 1309 808 1360; x_wconf 89' lang='lat' dir='ltr'>appellatur,</span> <span class='ocrx_word' id='word_1_136' title='bbox 834 1308 907 1348; x_wconf 92' lang='lat' dir='ltr'>cui</span> <span class='ocrx_word' id='word_1_137' title='bbox 929 1308 1077 1348; x_wconf 92' lang='lat' dir='ltr'>Toleti</span> <span class='ocrx_word' id='word_1_138' title='bbox 1098 1308 1208 1348; x_wconf 91' lang='lat' dir='ltr'>urbs</span> <span class='ocrx_word' id='word_1_139' title='bbox 1231 1308 1488 1348; x_wconf 87' lang='lat' dir='ltr'>communis</span> <span class='ocrx_word' id='word_1_140' title='bbox 1515 1320 1696 1348; x_wconf 92' lang='lat' dir='ltr'>mecum</span> <span class='ocrx_word' id='word_1_141' title='bbox 1722 1308 1874 1359; x_wconf 87' lang='lat' dir='ltr'>patria</span> 
     </span>
     <span class='ocr_line' id='line_1_18' title="bbox 251 1378 1872 1430; baseline -0.001 -11"><span class='ocrx_word' id='word_1_142' title='bbox 251 1386 335 1421; x_wconf 91' lang='lat' dir='ltr'>est.</span> <span class='ocrx_word' id='word_1_143' title='bbox 358 1379 492 1420; x_wconf 91' lang='lat' dir='ltr'>Alius</span> <span class='ocrx_word' id='word_1_144' title='bbox 511 1379 771 1430; x_wconf 83' lang='lat' dir='ltr'>burgensis,</span> <span class='ocrx_word' id='word_1_145' title='bbox 791 1379 1039 1419; x_wconf 85' lang='lat' dir='ltr'>Marcellus</span> <span class='ocrx_word' id='word_1_146' title='bbox 1055 1391 1081 1419; x_wconf 88' lang='lat' dir='ltr'>a</span> <span class='ocrx_word' id='word_1_147' title='bbox 1098 1378 1290 1419; x_wconf 82' lang='lat' dir='ltr'>Salazar</span> <span class='ocrx_word' id='word_1_148' title='bbox 1306 1380 1507 1419; x_wconf 89' lang='lat' dir='ltr'>nomine.</span> <span class='ocrx_word' id='word_1_149' title='bbox 1526 1378 1617 1419; x_wconf 85' lang='lat' dir='ltr'>Sed</span> <span class='ocrx_word' id='word_1_150' title='bbox 1634 1379 1762 1418; x_wconf 90' lang='lat' dir='ltr'>hisce</span> <span class='ocrx_word' id='word_1_151' title='bbox 1779 1379 1872 1418; x_wconf 92' lang='lat' dir='ltr'>die-</span> 
     </span>
     <span class='ocr_line' id='line_1_19' title="bbox 251 1450 1871 1501; baseline -0.001 -11"><span class='ocrx_word' id='word_1_152' title='bbox 251 1452 336 1491; x_wconf 91' lang='lat' dir='ltr'>bus</span> <span class='ocrx_word' id='word_1_153' title='bbox 357 1451 588 1491; x_wconf 86' lang='lat' dir='ltr'>Gandiam</span> <span class='ocrx_word' id='word_1_154' title='bbox 610 1451 715 1490; x_wconf 88' lang='lat' dir='ltr'>hinc</span> <span class='ocrx_word' id='word_1_155' title='bbox 737 1457 806 1490; x_wconf 87' lang='lat' dir='ltr'>est</span> <span class='ocrx_word' id='word_1_156' title='bbox 825 1450 1078 1501; x_wconf 88' lang='lat' dir='ltr'>profectus,</span> <span class='ocrx_word' id='word_1_157' title='bbox 1102 1450 1179 1490; x_wconf 91' lang='lat' dir='ltr'>ubi</span> <span class='ocrx_word' id='word_1_158' title='bbox 1199 1451 1370 1490; x_wconf 89' lang='lat' dir='ltr'>artium</span> <span class='ocrx_word' id='word_1_159' title='bbox 1390 1450 1649 1490; x_wconf 88' lang='lat' dir='ltr'>liberalium</span> <span class='ocrx_word' id='word_1_160' title='bbox 1671 1450 1871 1501; x_wconf 90' lang='lat' dir='ltr'>discipli-</span> 
     </span>
     <span class='ocr_line' id='line_1_20' title="bbox 252 1520 1871 1572; baseline -0.001 -11"><span class='ocrx_word' id='word_1_161' title='bbox 252 1521 323 1561; x_wconf 90' lang='lat' dir='ltr'>nis</span> <span class='ocrx_word' id='word_1_162' title='bbox 344 1528 673 1561; x_wconf 86' lang='lat' dir='ltr'>sacrosanctae</span> <span class='ocrx_word' id='word_1_163' title='bbox 692 1521 863 1561; x_wconf 85' lang='lat' dir='ltr'>Christi</span> <span class='ocrx_word' id='word_1_164' title='bbox 878 1521 1198 1572; x_wconf 91' lang='lat' dir='ltr'>philosophiae</span> <span class='ocrx_word' id='word_1_165' title='bbox 1215 1520 1341 1560; x_wconf 83' lang='lat' dir='ltr'>viam</span> <span class='ocrx_word' id='word_1_166' title='bbox 1357 1526 1549 1560; x_wconf 88' lang='lat' dir='ltr'>sternat.</span> <span class='ocrx_word' id='word_1_167' title='bbox 1571 1520 1726 1567; x_wconf 84' lang='lat' dir='ltr'>Habes</span> <span class='ocrx_word' id='word_1_168' title='bbox 1743 1521 1871 1572; x_wconf 90' lang='lat' dir='ltr'>quin—</span> 
     </span>
     <span class='ocr_line' id='line_1_21' title="bbox 255 1591 1405 1644; baseline -0.001 -12"><span class='ocrx_word' id='word_1_169' title='bbox 255 1603 342 1644; x_wconf 87' lang='lat' dir='ltr'>que</span> <span class='ocrx_word' id='word_1_170' title='bbox 365 1593 569 1643; x_wconf 89' lang='lat' dir='ltr'>collegas</span> <span class='ocrx_word' id='word_1_171' title='bbox 590 1593 832 1643; x_wconf 88' lang='lat' dir='ltr'>trilingues</span> <span class='ocrx_word' id='word_1_172' title='bbox 854 1591 881 1642; x_wconf 68' lang='lat'>⁴,</span> <span class='ocrx_word' id='word_1_173' title='bbox 905 1591 1042 1632; x_wconf 87' lang='lat' dir='ltr'>Pater</span> <span class='ocrx_word' id='word_1_174' title='bbox 1065 1592 1405 1632; x_wconf 86' lang='lat' dir='ltr'>colendissime.</span> 
     </span>
    </p>

    <p class='ocr_par' dir='ltr' id='par_1_15' title="bbox 252 1662 1878 2420">
     <span class='ocr_line' id='line_1_22' title="bbox 331 1662 1872 1713; baseline -0.001 -11"><span class='ocrx_word' id='word_1_175' title='bbox 331 1662 447 1703; x_wconf 90' lang='lat' dir='ltr'>Tres</span> <span class='ocrx_word' id='word_1_176' title='bbox 468 1663 690 1702; x_wconf 88' lang='lat' dir='ltr'>licentiati</span> <span class='ocrx_word' id='word_1_177' title='bbox 712 1663 939 1702; x_wconf 83' lang='lat' dir='ltr'>anteactis</span> <span class='ocrx_word' id='word_1_178' title='bbox 959 1662 1194 1702; x_wconf 86' lang='lat' dir='ltr'>mensibus</span> <span class='ocrx_word' id='word_1_179' title='bbox 1216 1662 1593 1702; x_wconf 78' lang='lat' dir='ltr'>exercitamentis</span> <span class='ocrx_word' id='word_1_180' title='bbox 1621 1662 1872 1713; x_wconf 88' lang='lat' dir='ltr'>spirituali-</span> 
     </span>
     <span class='ocr_line' id='line_1_23' title="bbox 252 1731 1876 1784; baseline 0 -11"><span class='ocrx_word' id='word_1_181' title='bbox 252 1734 338 1773; x_wconf 90' lang='lat' dir='ltr'>bus</span> <span class='ocrx_word' id='word_1_182' title='bbox 358 1733 526 1773; x_wconf 88' lang='lat' dir='ltr'>initiati</span> <span class='ocrx_word' id='word_1_183' title='bbox 547 1740 666 1773; x_wconf 93' lang='lat' dir='ltr'>sunt.</span> <span class='ocrx_word' id='word_1_184' title='bbox 692 1733 890 1784; x_wconf 84' lang='lat' dir='ltr'>Quidam</span> <span class='ocrx_word' id='word_1_185' title='bbox 910 1733 1180 1784; x_wconf 85' lang='lat' dir='ltr'>Alphonsus</span> <span class='ocrx_word' id='word_1_186' title='bbox 1200 1733 1377 1784; x_wconf 87' lang='lat' dir='ltr'>Lupus,</span> <span class='ocrx_word' id='word_1_187' title='bbox 1403 1745 1427 1772; x_wconf 83' lang='lat' dir='ltr'>a</span> <span class='ocrx_word' id='word_1_188' title='bbox 1450 1733 1665 1773; x_wconf 79' lang='lat' dir='ltr'>Navarra</span> <span class='ocrx_word' id='word_1_189' title='bbox 1693 1731 1720 1784; x_wconf 83' lang='lat'>⁵,</span> <span class='ocrx_word' id='word_1_190' title='bbox 1744 1733 1876 1773; x_wconf 87' lang='lat' dir='ltr'>facili</span> 
     </span>
     <span class='ocr_line' id='line_1_24' title="bbox 254 1803 1876 1855; baseline 0 -11"><span class='ocrx_word' id='word_1_191' title='bbox 254 1804 390 1844; x_wconf 85' lang='lat' dir='ltr'>simul</span> <span class='ocrx_word' id='word_1_192' title='bbox 411 1810 455 1844; x_wconf 90' lang='lat' dir='ltr'>et</span> <span class='ocrx_word' id='word_1_193' title='bbox 475 1804 572 1844; x_wconf 91' lang='lat' dir='ltr'>acri</span> <span class='ocrx_word' id='word_1_194' title='bbox 588 1803 772 1855; x_wconf 88' lang='lat' dir='ltr'>juvenis</span> <span class='ocrx_word' id='word_1_195' title='bbox 789 1804 991 1854; x_wconf 90' lang='lat' dir='ltr'>ingenio,</span> <span class='ocrx_word' id='word_1_196' title='bbox 1012 1804 1088 1855; x_wconf 93' lang='lat' dir='ltr'>qui</span> <span class='ocrx_word' id='word_1_197' title='bbox 1106 1803 1182 1843; x_wconf 95' lang='lat' dir='ltr'>diu</span> <span class='ocrx_word' id='word_1_198' title='bbox 1200 1803 1565 1843; x_wconf 89' lang='lat' dir='ltr'>haesitabundus</span> <span class='ocrx_word' id='word_1_199' title='bbox 1581 1815 1641 1843; x_wconf 94' lang='lat' dir='ltr'>an</span> <span class='ocrx_word' id='word_1_200' title='bbox 1657 1810 1876 1855; x_wconf 88' lang='lat' dir='ltr'>parentes</span> 
     </span>
     <span class='ocr_line' id='line_1_25' title="bbox 254 1874 1877 1926; baseline 0 -12"><span class='ocrx_word' id='word_1_201' title='bbox 254 1875 423 1926; x_wconf 90' lang='lat' dir='ltr'>optime</span> <span class='ocrx_word' id='word_1_202' title='bbox 444 1874 499 1914; x_wconf 92' lang='lat' dir='ltr'>de</span> <span class='ocrx_word' id='word_1_203' title='bbox 521 1887 569 1914; x_wconf 93' lang='lat' dir='ltr'>se</span> <span class='ocrx_word' id='word_1_204' title='bbox 590 1875 780 1914; x_wconf 89' lang='lat' dir='ltr'>meritos</span> <span class='ocrx_word' id='word_1_205' title='bbox 799 1874 1354 1926; x_wconf 85' lang='lat' dir='ltr'>benevolentissimosque</span> <span class='ocrx_word' id='word_1_206' title='bbox 1375 1875 1535 1914; x_wconf 86' lang='lat' dir='ltr'>liceret</span> <span class='ocrx_word' id='word_1_207' title='bbox 1564 1875 1611 1914; x_wconf 90' lang='lat' dir='ltr'>in</span> <span class='ocrx_word' id='word_1_208' title='bbox 1639 1880 1877 1914; x_wconf 91' lang='lat' dir='ltr'>senectute</span> 
     </span>
     <span class='ocr_line' id='line_1_26' title="bbox 253 1945 1876 1997; baseline -0.001 -12"><span class='ocrx_word' id='word_1_209' title='bbox 253 1952 297 1985; x_wconf 92' lang='lat' dir='ltr'>et</span> <span class='ocrx_word' id='word_1_210' title='bbox 332 1956 488 1985; x_wconf 91' lang='lat' dir='ltr'>rerum</span> <span class='ocrx_word' id='word_1_211' title='bbox 522 1945 882 1985; x_wconf 86' lang='lat' dir='ltr'>domesticarum</span> <span class='ocrx_word' id='word_1_212' title='bbox 909 1945 1104 1997; x_wconf 91' lang='lat' dir='ltr'>penuria</span> <span class='ocrx_word' id='word_1_213' title='bbox 1136 1945 1360 1996; x_wconf 83' lang='lat' dir='ltr'>linquere,</span> <span class='ocrx_word' id='word_1_214' title='bbox 1393 1945 1594 1995; x_wconf 84' lang='lat' dir='ltr'>tandem,</span> <span class='ocrx_word' id='word_1_215' title='bbox 1629 1951 1678 1985; x_wconf 92' lang='lat' dir='ltr'>ut</span> <span class='ocrx_word' id='word_1_216' title='bbox 1708 1945 1876 1996; x_wconf 89' lang='lat' dir='ltr'>dignus</span> 
     </span>
     <span class='ocr_line' id='line_1_27' title="bbox 253 2015 1872 2067; baseline 0 -12"><span class='ocrx_word' id='word_1_217' title='bbox 253 2022 374 2056; x_wconf 90' lang='lat' dir='ltr'>esset</span> <span class='ocrx_word' id='word_1_218' title='bbox 396 2015 593 2065; x_wconf 82' lang='lat' dir='ltr'>Christo,</span> <span class='ocrx_word' id='word_1_219' title='bbox 618 2022 799 2067; x_wconf 90' lang='lat' dir='ltr'>patrem</span> <span class='ocrx_word' id='word_1_220' title='bbox 819 2022 862 2056; x_wconf 91' lang='lat' dir='ltr'>et</span> <span class='ocrx_word' id='word_1_221' title='bbox 878 2021 1074 2055; x_wconf 88' lang='lat' dir='ltr'>matrem</span> <span class='ocrx_word' id='word_1_222' title='bbox 1089 2027 1174 2067; x_wconf 92' lang='lat' dir='ltr'>pro</span> <span class='ocrx_word' id='word_1_223' title='bbox 1191 2015 1376 2056; x_wconf 88' lang='lat' dir='ltr'>Christo</span> <span class='ocrx_word' id='word_1_224' title='bbox 1394 2016 1625 2067; x_wconf 86' lang='lat' dir='ltr'>relinquit,</span> <span class='ocrx_word' id='word_1_225' title='bbox 1646 2016 1872 2055; x_wconf 90' lang='lat' dir='ltr'>ditissimo</span> 
     </span>
     <span class='ocr_line' id='line_1_28' title="bbox 253 2085 1876 2137; baseline 0 -11"><span class='ocrx_word' id='word_1_226' title='bbox 253 2093 296 2126; x_wconf 86' lang='lat' dir='ltr'>et</span> <span class='ocrx_word' id='word_1_227' title='bbox 316 2087 584 2137; x_wconf 87' lang='lat' dir='ltr'>gratissimo</span> <span class='ocrx_word' id='word_1_228' title='bbox 606 2086 806 2126; x_wconf 89' lang='lat' dir='ltr'>Domino</span> <span class='ocrx_word' id='word_1_229' title='bbox 827 2097 987 2126; x_wconf 92' lang='lat' dir='ltr'>eorum</span> <span class='ocrx_word' id='word_1_230' title='bbox 1004 2098 1164 2126; x_wconf 90' lang='lat' dir='ltr'>curam</span> <span class='ocrx_word' id='word_1_231' title='bbox 1180 2085 1439 2137; x_wconf 85' lang='lat' dir='ltr'>injungens.</span> <span class='ocrx_word' id='word_1_232' title='bbox 1460 2086 1593 2126; x_wconf 87' lang='lat' dir='ltr'>Alius</span> <span class='ocrx_word' id='word_1_233' title='bbox 1610 2086 1876 2126; x_wconf 87' lang='lat' dir='ltr'>licentiatus</span> 
     </span>
     <span class='ocr_line' id='line_1_29' title="bbox 253 2157 1870 2209; baseline -0.001 -12"><span class='ocrx_word' id='word_1_234' title='bbox 253 2163 336 2207; x_wconf 85' lang='lat' dir='ltr'>est,</span> <span class='ocrx_word' id='word_1_235' title='bbox 360 2158 637 2208; x_wconf 92' lang='lat' dir='ltr'>cognomine</span> <span class='ocrx_word' id='word_1_236' title='bbox 661 2157 902 2197; x_wconf 89' lang='lat' dir='ltr'>Gutterius</span> <span class='ocrx_word' id='word_1_237' title='bbox 933 2158 1028 2209; x_wconf 84' lang='lat' dir='ltr'>qui,</span> <span class='ocrx_word' id='word_1_238' title='bbox 1051 2157 1308 2197; x_wconf 89' lang='lat' dir='ltr'>medicinae</span> <span class='ocrx_word' id='word_1_239' title='bbox 1330 2157 1607 2197; x_wconf 86' lang='lat' dir='ltr'>candidatus</span> <span class='ocrx_word' id='word_1_240' title='bbox 1627 2157 1870 2207; x_wconf 88' lang='lat' dir='ltr'>hactenus,</span> 
     </span>
     <span class='ocr_line' id='line_1_30' title="bbox 253 2227 1871 2279; baseline -0.001 -11"><span class='ocrx_word' id='word_1_241' title='bbox 253 2234 297 2268; x_wconf 92' lang='lat' dir='ltr'>et</span> <span class='ocrx_word' id='word_1_242' title='bbox 330 2228 533 2268; x_wconf 88' lang='lat' dir='ltr'>doctoris</span> <span class='ocrx_word' id='word_1_243' title='bbox 563 2228 761 2278; x_wconf 88' lang='lat' dir='ltr'>gradum</span> <span class='ocrx_word' id='word_1_244' title='bbox 796 2234 1129 2279; x_wconf 89' lang='lat' dir='ltr'>assequuturus</span> <span class='ocrx_word' id='word_1_245' title='bbox 1163 2234 1361 2267; x_wconf 84' lang='lat' dir='ltr'>venturo</span> <span class='ocrx_word' id='word_1_246' title='bbox 1395 2239 1517 2267; x_wconf 91' lang='lat' dir='ltr'>anno</span> <span class='ocrx_word' id='word_1_247' title='bbox 1553 2239 1658 2268; x_wconf 93' lang='lat' dir='ltr'>cum</span> <span class='ocrx_word' id='word_1_248' title='bbox 1691 2227 1871 2268; x_wconf 91' lang='lat' dir='ltr'>Didaco</span> 
     </span>
     <span class='ocr_line' id='line_1_31' title="bbox 253 2298 1878 2350; baseline -0.001 -11"><span class='ocrx_word' id='word_1_249' title='bbox 253 2299 473 2350; x_wconf 80' lang='lat' dir='ltr'>Vazquez</span> <span class='ocrx_word' id='word_1_250' title='bbox 493 2330 500 2350; x_wconf 89' lang='lat'>,</span> <span class='ocrx_word' id='word_1_251' title='bbox 525 2299 863 2338; x_wconf 87' lang='lat' dir='ltr'>medicamenta</span> <span class='ocrx_word' id='word_1_252' title='bbox 884 2304 928 2338; x_wconf 92' lang='lat' dir='ltr'>et</span> <span class='ocrx_word' id='word_1_253' title='bbox 948 2299 1215 2339; x_wconf 89' lang='lat' dir='ltr'>morborum</span> <span class='ocrx_word' id='word_1_254' title='bbox 1232 2310 1392 2338; x_wconf 87' lang='lat' dir='ltr'>curam</span> <span class='ocrx_word' id='word_1_255' title='bbox 1414 2298 1714 2348; x_wconf 90' lang='lat' dir='ltr'>contempsit,</span> <span class='ocrx_word' id='word_1_256' title='bbox 1739 2304 1789 2337; x_wconf 91' lang='lat' dir='ltr'>ut</span> <span class='ocrx_word' id='word_1_257' title='bbox 1808 2298 1878 2337; x_wconf 83' lang='lat' dir='ltr'>vi-</span> 
     </span>
     <span class='ocr_line' id='line_1_32' title="bbox 253 2368 1869 2420; baseline 0 -12"><span class='ocrx_word' id='word_1_258' title='bbox 253 2376 348 2409; x_wconf 90' lang='lat' dir='ltr'>tam</span> <span class='ocrx_word' id='word_1_259' title='bbox 371 2375 414 2409; x_wconf 88' lang='lat' dir='ltr'>et</span> <span class='ocrx_word' id='word_1_260' title='bbox 441 2370 831 2409; x_wconf 88' lang='lat' dir='ltr'>resurrectionem</span> <span class='ocrx_word' id='word_1_261' title='bbox 856 2369 1098 2409; x_wconf 86' lang='lat' dir='ltr'>inveniret.</span> <span class='ocrx_word' id='word_1_262' title='bbox 1122 2369 1306 2409; x_wconf 89' lang='lat' dir='ltr'>Tertius</span> <span class='ocrx_word' id='word_1_263' title='bbox 1328 2374 1397 2408; x_wconf 92' lang='lat' dir='ltr'>est</span> <span class='ocrx_word' id='word_1_264' title='bbox 1418 2368 1605 2420; x_wconf 89' lang='lat' dir='ltr'>quidam</span> <span class='ocrx_word' id='word_1_265' title='bbox 1626 2368 1869 2419; x_wconf 86' lang='lat' dir='ltr'>theologus</span> 
     </span>
    </p>
   </div>
   <div class='ocr_carea' id='block_1_3' title="bbox 252 2522 1875 2890">
    <p class='ocr_par' dir='ltr' id='par_1_16' title="bbox 308 2522 965 2558">
     <span class='ocr_line' id='line_1_33' title="bbox 308 2522 965 2558; baseline 0.003 -9"><span class='ocrx_word' id='word_1_266' title='bbox 308 2524 317 2543; x_wconf 87' lang='lat'>¹</span> <span class='ocrx_word' id='word_1_267' title='bbox 359 2522 514 2556; x_wconf 87' lang='lat' dir='ltr'>Intellige</span> <span class='ocrx_word' id='word_1_268' title='bbox 530 2526 647 2549; x_wconf 88' lang='lat' dir='ltr'>natum</span> <span class='ocrx_word' id='word_1_269' title='bbox 662 2523 693 2549; x_wconf 93' lang='lat' dir='ltr'>in</span> <span class='ocrx_word' id='word_1_270' title='bbox 708 2524 789 2550; x_wconf 87' lang='lat' dir='ltr'>urbe</span> <span class='ocrx_word' id='word_1_271' title='bbox 805 2523 965 2558; x_wconf 84' lang='lat' dir='ltr'>Torrijos.</span> 
     </span>
    </p>

    <p class='ocr_par' dir='ltr' id='par_1_17' title="bbox 256 2569 1874 2651">
     <span class='ocr_line' id='line_1_34' title="bbox 305 2569 1874 2604; baseline 0 -8"><span class='ocrx_word' id='word_1_272' title='bbox 305 2570 318 2589; x_wconf 73' lang='lat'><strong>2</strong></span> <span class='ocrx_word' id='word_1_273' title='bbox 355 2569 408 2597; x_wconf 85' lang='lat' dir='ltr'>Ita</span> <span class='ocrx_word' id='word_1_274' title='bbox 423 2573 575 2596; x_wconf 87' lang='lat' dir='ltr'>nostrum</span> <span class='ocrx_word' id='word_1_275' title='bbox 590 2574 856 2604; x_wconf 82' lang='lat' dir='ltr'>transumptum;</span> <span class='ocrx_word' id='word_1_276' title='bbox 872 2570 930 2597; x_wconf 87' lang='lat' dir='ltr'>sed</span> <span class='ocrx_word' id='word_1_277' title='bbox 945 2570 1044 2604; x_wconf 89' lang='lat' dir='ltr'>hujus</span> <span class='ocrx_word' id='word_1_278' title='bbox 1059 2570 1173 2597; x_wconf 84' lang='lat' dir='ltr'>Patris</span> <span class='ocrx_word' id='word_1_279' title='bbox 1189 2578 1307 2597; x_wconf 86' lang='lat' dir='ltr'>nomen</span> <span class='ocrx_word' id='word_1_280' title='bbox 1330 2570 1391 2597; x_wconf 75' lang='lat' dir='ltr'>fuit</span> <span class='ocrx_word' id='word_1_281' title='bbox 1407 2570 1608 2600; x_wconf 71' lang='lat' dir='ltr'>Pmidanos,</span> <span class='ocrx_word' id='word_1_282' title='bbox 1622 2572 1721 2603; x_wconf 85' lang='lat' dir='ltr'>prout</span> <span class='ocrx_word' id='word_1_283' title='bbox 1736 2570 1874 2604; x_wconf 82' lang='lat' dir='ltr'>scripsit</span> 
     </span>
     <span class='ocr_line' id='line_1_35' title="bbox 256 2616 964 2651; baseline 0 -7"><span class='ocrx_word' id='word_1_284' title='bbox 256 2617 432 2650; x_wconf 82' lang='lat' dir='ltr'>Polancus,</span> <span class='ocrx_word' id='word_1_285' title='bbox 449 2616 582 2649; x_wconf 64' lang='lat' dir='ltr'>Clzron„</span> <span class='ocrx_word' id='word_1_286' title='bbox 596 2621 618 2643; x_wconf 92' lang='lat' dir='ltr'>t.</span> <span class='ocrx_word' id='word_1_287' title='bbox 634 2624 666 2651; x_wconf 81' lang='lat'>11,</span> <span class='ocrx_word' id='word_1_288' title='bbox 681 2624 757 2650; x_wconf 85' lang='lat' dir='ltr'>pag.</span> <span class='ocrx_word' id='word_1_289' title='bbox 775 2617 841 2649; x_wconf 77' lang='lat'>128,</span> <span class='ocrx_word' id='word_1_290' title='bbox 857 2625 887 2644; x_wconf 87' lang='lat' dir='ltr'>n.</span> <span class='ocrx_word' id='word_1_291' title='bbox 903 2616 964 2644; x_wconf 78' lang='lat'>308.</span> 
     </span>
    </p>

    <p class='ocr_par' dir='ltr' id='par_1_18' title="bbox 252 2663 1875 2747">
     <span class='ocr_line' id='line_1_36' title="bbox 306 2663 1875 2699; baseline 0 -9"><span class='ocrx_word' id='word_1_292' title='bbox 306 2665 320 2684; x_wconf 83' lang='grc'>5</span> <span class='ocrx_word' id='word_1_293' title='bbox 358 2664 450 2691; x_wconf 85' lang='lat' dir='ltr'>Cave</span> <span class='ocrx_word' id='word_1_294' title='bbox 466 2672 505 2690; x_wconf 90' lang='lat' dir='ltr'>ne</span> <span class='ocrx_word' id='word_1_295' title='bbox 521 2664 623 2695; x_wconf 79' lang='lat' dir='ltr'>hunc,</span> <span class='ocrx_word' id='word_1_296' title='bbox 641 2664 733 2698; x_wconf 84' lang='lat' dir='ltr'>cujus</span> <span class='ocrx_word' id='word_1_297' title='bbox 749 2664 897 2691; x_wconf 87' lang='lat' dir='ltr'>familiae</span> <span class='ocrx_word' id='word_1_298' title='bbox 914 2672 1097 2697; x_wconf 81' lang='lat' dir='ltr'>cognomen</span> <span class='ocrx_word' id='word_1_299' title='bbox 1123 2665 1231 2693; x_wconf 84' lang='lat' dir='ltr'>adhuc</span> <span class='ocrx_word' id='word_1_300' title='bbox 1255 2666 1468 2699; x_wconf 78' lang='lat' dir='ltr'>ignoramus,</span> <span class='ocrx_word' id='word_1_301' title='bbox 1492 2663 1674 2690; x_wconf 86' lang='lat' dir='ltr'>Martinum</span> <span class='ocrx_word' id='word_1_302' title='bbox 1697 2663 1875 2691; x_wconf 79' lang='lat' dir='ltr'>Gutierrez</span> 
     </span>
     <span class='ocr_line' id='line_1_37' title="bbox 252 2712 1288 2747; baseline 0.001 -8"><span class='ocrx_word' id='word_1_303' title='bbox 252 2712 454 2745; x_wconf 64' lang='lat' dir='ltr'>(Gutterius)</span> <span class='ocrx_word' id='word_1_304' title='bbox 469 2720 541 2740; x_wconf 86' lang='lat' dir='ltr'>esse</span> <span class='ocrx_word' id='word_1_305' title='bbox 554 2717 662 2747; x_wconf 84' lang='lat' dir='ltr'>putes,</span> <span class='ocrx_word' id='word_1_306' title='bbox 679 2714 717 2740; x_wconf 87' lang='lat' dir='ltr'>de</span> <span class='ocrx_word' id='word_1_307' title='bbox 734 2721 797 2747; x_wconf 88' lang='lat' dir='ltr'>quo</span> <span class='ocrx_word' id='word_1_308' title='bbox 813 2713 900 2740; x_wconf 85' lang='lat' dir='ltr'>infra</span> <span class='ocrx_word' id='word_1_309' title='bbox 916 2712 948 2740; x_wconf 91' lang='lat' dir='ltr'>in</span> <span class='ocrx_word' id='word_1_310' title='bbox 963 2712 1026 2739; x_wconf 87' lang='lat' dir='ltr'>hac</span> <span class='ocrx_word' id='word_1_311' title='bbox 1043 2713 1117 2746; x_wconf 85' lang='lat' dir='ltr'>ipsa</span> <span class='ocrx_word' id='word_1_312' title='bbox 1131 2713 1288 2747; x_wconf 86' lang='lat' dir='ltr'>epistola.</span> 
     </span>
    </p>

    <p class='ocr_par' dir='ltr' id='par_1_19' title="bbox 253 2757 1869 2834">
     <span class='ocr_line' id='line_1_38' title="bbox 304 2757 1869 2795; baseline -0.002 -8"><span class='ocrx_word' id='word_1_313' title='bbox 304 2759 319 2778; x_wconf 73' lang='lat'><strong>⁴</strong></span> <span class='ocrx_word' id='word_1_314' title='bbox 355 2759 409 2787; x_wconf 86' lang='lat' dir='ltr'>Ita</span> <span class='ocrx_word' id='word_1_315' title='bbox 424 2760 748 2794; x_wconf 84' lang='lat' dir='ltr'>cognominabantur</span> <span class='ocrx_word' id='word_1_316' title='bbox 763 2761 817 2795; x_wconf 89' lang='lat' dir='ltr'>qui</span> <span class='ocrx_word' id='word_1_317' title='bbox 833 2760 999 2794; x_wconf 84' lang='lat' dir='ltr'>Trilingui</span> <span class='ocrx_word' id='word_1_318' title='bbox 1015 2759 1242 2794; x_wconf 82' lang='lat' dir='ltr'>Complutensi</span> <span class='ocrx_word' id='word_1_319' title='bbox 1260 2760 1425 2794; x_wconf 84' lang='lat' dir='ltr'>Collegio,</span> <span class='ocrx_word' id='word_1_320' title='bbox 1440 2761 1478 2787; x_wconf 86' lang='lat' dir='ltr'>de</span> <span class='ocrx_word' id='word_1_321' title='bbox 1494 2767 1556 2793; x_wconf 88' lang='lat' dir='ltr'>quo</span> <span class='ocrx_word' id='word_1_322' title='bbox 1569 2766 1686 2793; x_wconf 74' lang='lat' dir='ltr'>supra,</span> <span class='ocrx_word' id='word_1_323' title='bbox 1706 2757 1869 2792; x_wconf 52' lang='lat' dir='ltr'>adscripti</span> 
     </span>
     <span class='ocr_line' id='line_1_39' title="bbox 253 2811 361 2834; baseline 0.009 -1"><span class='ocrx_word' id='word_1_324' title='bbox 253 2811 361 2834; x_wconf 82' lang='lat' dir='ltr'>erant.</span> 
     </span>
    </p>

    <p class='ocr_par' dir='ltr' id='par_1_20' title="bbox 305 2853 1872 2890">
     <span class='ocr_line' id='line_1_40' title="bbox 305 2853 1872 2890; baseline -0.001 -11"><span class='ocrx_word' id='word_1_325' title='bbox 305 2853 319 2872; x_wconf 73' lang='lat'><strong>5</strong></span> <span class='ocrx_word' id='word_1_326' title='bbox 356 2853 551 2887; x_wconf 85' lang='lat' dir='ltr'>Alphonsus</span> <span class='ocrx_word' id='word_1_327' title='bbox 564 2853 685 2888; x_wconf 75' lang='lat' dir='ltr'>Lopez,</span> <span class='ocrx_word' id='word_1_328' title='bbox 703 2854 856 2882; x_wconf 87' lang='lat' dir='ltr'>Corellae</span> <span class='ocrx_word' id='word_1_329' title='bbox 877 2859 971 2882; x_wconf 84' lang='lat' dir='ltr'>ortus</span> <span class='ocrx_word' id='word_1_330' title='bbox 987 2856 1019 2882; x_wconf 91' lang='lat' dir='ltr'>in</span> <span class='ocrx_word' id='word_1_331' title='bbox 1039 2855 1209 2882; x_wconf 80' lang='lat' dir='ltr'>Navarra.</span> <span class='ocrx_word' id='word_1_332' title='bbox 1232 2855 1314 2890; x_wconf 80' lang='lat' dir='ltr'>Ejus</span> <span class='ocrx_word' id='word_1_333' title='bbox 1336 2855 1523 2889; x_wconf 82' lang='lat' dir='ltr'>ingressum</span> <span class='ocrx_word' id='word_1_334' title='bbox 1538 2854 1580 2881; x_wconf 82' lang='lat' dir='ltr'>ad</span> <span class='ocrx_word' id='word_1_335' title='bbox 1601 2856 1796 2887; x_wconf 83' lang='lat' dir='ltr'>sequentem</span> <span class='ocrx_word' id='word_1_336' title='bbox 1815 2858 1872 2878; x_wconf 87' lang='lat' dir='ltr'>an-</span> 
     </span>
    </p>
   </div>
   <div class='ocr_carea' id='block_1_4' title="bbox 252 2898 1874 2980">
    <p class='ocr_par' dir='ltr' id='par_1_21' title="bbox 252 2898 1874 2980">
     <span class='ocr_line' id='line_1_41' title="bbox 252 2898 1874 2936; baseline -0.002 -9"><span class='ocrx_word' id='word_1_337' title='bbox 252 2908 329 2927; x_wconf 89' lang='lat' dir='ltr'>num</span> <span class='ocrx_word' id='word_1_338' title='bbox 344 2899 455 2934; x_wconf 84' lang='lat' dir='ltr'>rejicit</span> <span class='ocrx_word' id='word_1_339' title='bbox 471 2900 504 2928; x_wconf 84' lang='lat' dir='ltr'>P.</span> <span class='ocrx_word' id='word_1_340' title='bbox 521 2900 810 2928; x_wconf 74' lang='lat' dir='ltr'>BARTHOLOMAEUS</span> <span class='ocrx_word' id='word_1_341' title='bbox 826 2902 1002 2936; x_wconf 76' lang='lat' dir='ltr'>ALCAZAR,</span> <span class='ocrx_word' id='word_1_342' title='bbox 1029 2902 1309 2929; x_wconf 70' lang='lat' dir='ltr'>Clzronoln&#39;stom&#39;a</span> <span class='ocrx_word' id='word_1_343' title='bbox 1335 2903 1376 2929; x_wconf 78' lang='lat' dir='ltr'>de</span> <span class='ocrx_word' id='word_1_344' title='bbox 1402 2902 1434 2928; x_wconf 78' lang='lat' dir='ltr'>la</span> <span class='ocrx_word' id='word_1_345' title='bbox 1459 2901 1647 2928; x_wconf 79' lang='lat' dir='ltr'>Provincia</span> <span class='ocrx_word' id='word_1_346' title='bbox 1671 2900 1713 2927; x_wconf 81' lang='lat' dir='ltr'>de</span> <span class='ocrx_word' id='word_1_347' title='bbox 1739 2898 1874 2930; x_wconf 81' lang='lat' dir='ltr'>Toledo,</span> 
     </span>
     <span class='ocr_line' id='line_1_42' title="bbox 254 2946 588 2980; baseline 0.003 -7"><span class='ocrx_word' id='word_1_348' title='bbox 254 2946 334 2973; x_wconf 82' lang='lat' dir='ltr'>Dec.</span> <span class='ocrx_word' id='word_1_349' title='bbox 351 2953 384 2980; x_wconf 82' lang='lat'>11,</span> <span class='ocrx_word' id='word_1_350' title='bbox 401 2953 474 2980; x_wconf 88' lang='lat' dir='ltr'>cap.</span> <span class='ocrx_word' id='word_1_351' title='bbox 490 2946 516 2980; x_wconf 77' lang='lat'>⁴2,</span> <span class='ocrx_word' id='word_1_352' title='bbox 532 2946 548 2980; x_wconf 65' lang='grc' dir='ltr'>ξ</span> <span class='ocrx_word' id='word_1_353' title='bbox 565 2948 588 2974; x_wconf 90' lang='grc'>1.</span> 
     </span>
    </p>
   </div>
  </div>
 </body>
</html>
