1987 3260
225 170 294 207 436
731 170 956 206 LITTERAE
983 180 1338 213 QUADRtMESTREs

217 278 281 314 re,
297 271 394 305 tum
415 266 522 316 quia
540 266 677 316 pauci
694 271 814 314 sunt,
828 272 926 304 tum
943 265 1050 316 quia
1068 277 1094 304 a
1111 266 1318 316 pluribus
1336 273 1686 309 accerserentur
1699 281 1843 320 quamv

220 336 386 387 quibus
409 336 626 376 satisfieri
646 323 828 387 posset;
853 341 900 375 ut
928 341 1083 375 autem
1106 341 1149 375 et
1171 336 1340 376 diutius
1361 343 1405 377 et
1425 339 1588 378 melius
1613 340 1850 391 proximis,

216 407 410 458 prosint,
436 407 493 447 ab
519 408 607 447 hoc
629 406 777 446 officio
807 406 1056 457 desistunt,
1081 418 1171 457 quo
1192 406 1321 446 fieret
1351 414 1399 448 ut
1427 409 1759 460 impedirentur
1779 423 1838 451 ne

213 477 472 528 majoribus
503 483 546 518 et
568 478 719 528 magis
746 477 1025 517 necessariis
1054 477 1205 527 rebus,
1237 478 1402 528 quibus
1432 480 1651 520 curandis
1677 493 1839 522 omnes

213 548 368 588 idonei
389 561 482 588 non
510 554 630 598 sunt,
661 559 851 599 operam
880 559 1013 587 suam
1040 547 1384 599 impenderent3
1418 548 1506 588 hoc
1536 557 1705 602 autem,
1736 553 1838 603 quis

212 625 455 670 praestare
476 631 569 659 non
602 624 770 669 potest,
794 624 844 658 ut
865 624 909 658 et
935 618 1151 658 morienti
1178 617 1313 669 adsit,
1343 625 1387 659 et
1410 619 1536 659 illum
1562 621 1609 660 in
1634 620 1837 662 Domino

213 691 497 730 consoletur?

292 760 396 813 Jam
417 772 531 801 vero
560 760 854 811 exspectabis
886 759 994 811 quid
1017 760 1071 799 de
1093 760 1395 800 concionibus
1416 760 1583 811 dicam,
1607 763 1836 812 quomodo

212 831 318 871 illae
342 831 602 870 audiantur.
627 829 846 870 Maximis
879 830 1112 869 caloribus
1142 830 1241 870 fieri
1268 842 1361 870 non
1388 831 1536 881 potuit
1558 831 1666 882 quin
1694 833 1834 872 eccle-

211 902 279 941 sia
306 903 586 952 repleretur,
610 900 825 952 quamvis
855 900 897 940 in
923 912 975 940 ea
1005 906 1242 952 tamquam
1263 901 1309 940 in
1330 901 1518 941 fornace
1540 907 1635 941 tota
1657 908 1835 943 aestate

209 972 445 1021 fuerimus,
470 979 567 1011 tum
587 978 779 1023 propter
797 971 1135 1011 multitudinem
1159 972 1396 1012 hominum
1415 978 1552 1024 atque
1573 973 1833 1025 mulierum,

210 1049 306 1083 tum
329 1043 434 1094 quia
458 1050 664 1094 tempore
686 1043 940 1089 concionis,
965 1054 991 1082 a
1014 1043 1193 1082 duabus
1212 1048 1290 1082 aut
1308 1043 1453 1083 tribus
1470 1044 1695 1095 partibUS,
1715 1045 1834 1085 radii

207 1115 319 1154 solis
340 1115 388 1154 in
409 1126 509 1154 eam
529 1113 905 1165 ingrederentur;
930 1114 1010 1153 sed
1027 1113 1198 1153 Christi
1221 1113 1443 1165 charitaS,
1463 1126 1579 1165 quae
1597 1127 1676 1166 per
1695 1114 1832 1166 Spiri—

209 1191 306 1225 tum
336 1184 558 1225 Sanctum
588 1186 633 1225 in
661 1184 878 1225 cordibus
906 1185 1159 1224 electorum
1187 1184 1458 1235 infunditur,
1488 1185 1597 1225 solis
1617 1186 1835 1226 ardorem

208 1257 447 1307 superavit
469 1262 513 1296 et
543 1256 671 1295 vicit.
696 1255 811 1296 Cum
835 1262 989 1295 autem
1011 1267 1128 1307 quae
1151 1256 1206 1295 de
1235 1256 1524 1296 orationibus
1555 1257 1722 1308 scripsi
1742 1263 1831 1297 sta-

207 1331 307 1366 tuta
330 1327 541 1377 fuissent,
566 1327 738 1378 placuit
760 1325 973 1377 Pro-regi
996 1334 1043 1366 ut
1066 1327 1111 1365 in
1133 1327 1330 1366 ecclesia
1352 1325 1516 1377 majori
1545 1327 1831 1378 publicaren-

208 1404 298 1447 tur,
332 1398 423 1447 ubi,
461 1409 567 1437 cum
595 1397 693 1449 ipse
723 1398 906 1437 adesset
936 1404 979 1436 et
1009 1398 1314 1447 magistratus
1344 1409 1447 1436 cum
1477 1409 1648 1448 magna
1674 1399 1831 1449 populi

206 1468 514 1515 multitudine,
539 1468 845 1508 concionatus
876 1479 999 1517 sum;
1023 1479 1112 1518 qua
1136 1468 1322 1518 quidem
1344 1468 1389 1507 in
1412 1468 1636 1508 concione
1667 1468 1711 1508 id
1740 1470 1828 1520 egi,

205 1545 255 1579 ut
279 1539 406 1590 prius
424 1539 734 1589 intelligerent
750 1539 984 1589 flagellum
1001 1539 1241 1578 imminere
1260 1539 1315 1577 ob
1333 1545 1633 1589 peccatorum
1649 1546 1829 1579 nostro-

206 1621 309 1649 rum
330 1610 686 1659 multitudinem,
711 1610 878 1660 quibus
899 1608 1027 1648 Deus
1045 1608 1196 1659 justus
1217 1615 1260 1648 et
1284 1615 1438 1648 rectus
1461 1609 1519 1649 ad
1540 1609 1658 1649 iram
1679 1612 1829 1650 conci-

206 1686 346 1731 tatur,
372 1687 420 1720 ut
438 1680 605 1731 ubique
633 1691 796 1719 sacrae
816 1680 1036 1719 historiae
1061 1685 1353 1729 attestantur;
1374 1686 1470 1719 tum
1492 1680 1551 1719 ad
1567 1679 1829 1730 hujusmodi

205 1751 442 1791 orationes
463 1762 580 1801 quae
610 1750 852 1790 ordinatae
880 1750 1078 1798 fuerant,
1111 1749 1375 1801 adjejunia,
1407 1750 1465 1789 ad
1490 1751 1837 1802 eleemosynas„

205 1829 249 1861 et
289 1821 516 1872 imprimis
544 1821 602 1860 ad
623 1827 925 1872 peccatorum
962 1820 1301 1860 consessionem
1337 1821 1621 1860 adhortabar
1652 1833 1825 1862 omnes.

204 1892 320 1932 Cum
352 1891 660 1931 ostendissem
690 1897 913 1942 quantum
943 1891 988 1930 in
1019 1891 1090 1930 his
1118 1891 1341 1941 praesidii
1370 1892 1540 1942 populo
1572 1892 1830 1932 christiano

204 1963 328 2014 apud
350 1962 500 2002 Deum
522 1973 703 2013 semper
731 1962 933 2012 positum
954 1961 1106 2009 fuerit,
1139 1973 1243 2001 cum
1269 1973 1361 2001 non
1389 1962 1541 2002 minus
1571 1963 1644 2002 ille
1671 1963 1827 2013 poeni-

201 2034 346 2074 tentia
368 2034 428 2073 ad
450 2033 821 2073 misericordiam
838 2033 1049 2072 flectatur
1072 2045 1209 2084 quam
1231 2033 1436 2084 peccatis
1459 2033 1516 2073 ad
1537 2033 1742 2073 furorem
1763 2034 1826 2074 in—

202 2105 388 2155 citetur,
418 2104 593 2155 placuit
616 2103 803 2143 Christo
826 2103 1027 2143 Domino
1044 2109 1092 2142 ut
1114 2103 1309 2143 Pro-rex
1331 2110 1374 2143 et
1395 2104 1559 2155 reliqui
1580 2115 1638 2143 ex
1655 2106 1827 2156 populo

201 2175 433 2215 aedificati
455 2174 767 2214 discesserint.

279 2246 454 2285 Eodem
474 2252 680 2296 tempore
704 2256 808 2284 cum
830 2246 994 2285 classis
1025 2246 1139 2285 haec
1168 2252 1406 2285 turcarum
1434 2245 1692 2296 timeretur,
1718 2257 1826 2297 quo-

198 2317 308 2356 tidie
330 2317 376 2356 in
396 2316 690 2356 monasteriis
711 2316 980 2355 monialium
1003 2316 1338 2356 concionabar:
1368 2327 1476 2355 nam
1497 2328 1601 2356 curn
1623 2328 1650 2356 a
1670 2317 1826 2357 lectio-

199 2387 336 2426 nibus
370 2398 613 2433 vacarem,
650 2386 695 2425 id
728 2386 865 2426 facile
899 2394 1140 2437 praestare
1175 2393 1411 2437 poteram;
1446 2387 1551 2426 illae
1585 2398 1699 2426 vero
1733 2399 1825 2427 non

200 2457 497 2498 mediocriter
537 2462 689 2496 motae
723 2456 926 2507 fuerant,
966 2468 1080 2508 quas
1115 2457 1210 2496 scio
1245 2457 1309 2496 ita
1345 2457 1592 2508 diligenter
1626 2457 1823 2497 orationi

196 2539 418 2578 vacasse,
456 2533 505 2566 ut
542 2527 756 2578 quamvis
791 2527 907 2566 hora
942 2527 1137 2577 singulis
1175 2528 1470 2567 monasteriis
1504 2528 1563 2567 ad
1597 2528 1822 2568 orandum

199 2597 508 2638 determinata
529 2597 704 2647 fuisset,
730 2609 819 2648 quo
837 2598 986 2637 oratio
1008 2609 1245 2648 nunquam
1263 2598 1660 2649 intermitteretur,
1684 2609 1823 2650 saepe

199 2676 357 2709 tamen
398 2668 457 2708 ad
499 2668 616 2708 duas
649 2667 746 2707 fere
780 2668 923 2707 horas
962 2679 1125 2719 preces
1165 2680 1273 2708 suas
1313 2669 1665 2720 protraherent;
1700 2680 1824 2708 nunc

194 2740 336 2779 etiam
356 2738 453 2778 fere
474 2738 544 2778 bis
566 2738 611 2778 in
631 2738 947 2789 hebdomada,
972 2739 1094 2789 quod
1116 2750 1141 2778 a
1164 2737 1214 2778 P.
1238 2739 1413 2790 Natali,
1445 2745 1695 2790 antequam
1714 2739 1822 2779 hinc

193 2810 446 2860 recederet,
472 2809 585 2848 mihi
605 2807 874 2858 impositum
895 2808 1066 2860 fuerat,
1092 2808 1211 2849 filiae
1241 2809 1477 2860 Pro-regis
1500 2816 1638 2860 atque
1667 2810 1822 2850 mulie-

193 2880 336 2929 ribus,
369 2890 487 2930 quae
515 2890 621 2918 cum
641 2879 719 2918 illa
745 2885 877 2927 sunt,
902 2878 1027 2919 domi
1058 2891 1171 2918 suae
1203 2880 1474 2919 concionari
1504 2880 1651 2929 soleo;
1686 2880 1822 2932 profi-

193 2950 321 2990 ciunt
342 2955 384 2989 et
408 2948 709 2989 aedificantur
737 2949 800 2998 (ut
827 2949 979 2999 video)
1009 2949 1113 3000 piae
1145 2950 1375 2990 mulieres.
1412 2949 1556 2990 Multa
1587 2962 1700 2991 vero
1730 2950 1825 2990 Do*
