1987 3260
197 186 269 222 (δι)
704 183 930 220 LlrrERAE
956 193 1310 225 QUADRIMESTRES

200 286 405 319 mentum
423 279 748 320 Eucharistiae
767 279 858 318 illis
877 278 1204 318 administrare
1225 279 1272 318 in
1291 279 1504 330 proxima
1526 281 1816 322 solemnitate

201 350 529 390 Penthecostes
546 360 801 388 censemus.
816 349 874 388 Et
890 360 995 388 cum
1010 348 1279 399 paucissimi
1296 349 1415 389 inter
1431 360 1510 389 eos
1525 351 1816 401 reperiantur

198 421 275 471 qui
291 420 586 460 Dominicam
603 419 877 468 orationem,
896 418 1174 470 Angelicam
1192 419 1532 471 salutationem,
1547 420 1814 472 Symbolum

198 491 539 542 Apostolicum,
569 496 619 529 ut
645 490 796 538 decet,
833 495 1040 539 teneant,
1078 490 1125 530 id
1158 501 1300 530 unum
1334 491 1456 530 serio
1490 492 1816 542 proposuimus

197 559 475 600 studendum
509 566 557 599 ut
591 561 639 600 in
671 560 741 600 his
777 560 989 600 omnibus
1024 560 1270 611 diligenter
1301 573 1327 600 a
1361 561 1495 601 nobis
1528 562 1811 603 erudiantur.

197 631 363 682 Spero,
401 631 654 670 auxiliante
688 631 821 670 nobis
855 631 1013 671 dlvina
1052 631 1229 681 gratia,
1268 643 1361 671 non
1389 632 1457 672 eis
1491 632 1815 683 infrugiferum

196 702 414 741 futurum.
440 701 669 741 Curamus
689 702 798 741 item
819 701 978 741 sedulo
999 707 1048 741 ut
1069 701 1210 753 aliqui
1226 713 1388 742 eorum
1405 703 1533 753 operi
1553 714 1718 743 manus
1739 705 1814 744 ad-

195 778 429 821 moveant,
466 783 523 811 ne
558 783 726 822 segnes
754 772 846 812 otio
881 778 1170 823 torpescant,
1210 784 1268 812 ex
1296 784 1385 824 quo
1422 774 1570 813 solent
1599 775 1730 814 multi
1758 776 1815 814 ad

195 848 372 882 tantam
389 843 594 893 inopiam
611 843 844 882 devenire.
861 842 986 882 Laus
1003 849 1047 882 et
1063 843 1213 893 gloria
1231 844 1421 883 aeterno
1437 844 1569 895 Regi,
1590 845 1667 896 qui
1683 846 1816 885 nobis

196 919 263 952 tot
297 913 382 952 sibi
417 913 651 953 serviendi
692 913 935 953 commoda
967 914 1171 964 praebet.
1202 914 1339 954 Faxit
1365 915 1464 966 ipse
1498 927 1582 955 sua
1612 916 1816 957 bonitate

196 984 419 1023 immensa
440 990 489 1024 ut
511 990 704 1035 accepta
724 991 768 1023 et
788 990 925 1035 grata
948 985 1039 1024 sint
1060 985 1102 1024 ei
1123 985 1277 1025 omnia
1300 996 1442 1036 opera
1462 992 1637 1027 nostra.

274 1053 389 1094 Sunt
410 1060 454 1094 et
476 1055 567 1094 alia
588 1056 831 1105 permulta,
856 1066 974 1106 quae
994 1055 1238 1095 brevitatis
1260 1056 1411 1096 studio
1427 1058 1760 1107 praetermitto.

274 1124 435 1165 Restat
463 1131 512 1165 ut
542 1125 594 1165 R.
626 1125 674 1165 P.
704 1125 754 1165 Τ.
786 1137 975 1165 exorem
1005 1126 1221 1176 dignetur
1252 1138 1339 1166 nos
1371 1127 1418 1167 in
1447 1129 1543 1168 suis
1574 1128 1817 1169 sacrificiis

194 1194 294 1235 Deo
316 1196 656 1236 commendare.

272 1267 529 1317 Bononiae,
554 1266 579 1305 4
597 1266 756 1307 Nonas
775 1268 899 1320 Junii
925 1267 1038 1307 1552.

989 1410 1298 1460 GUILOELmus,
1331 1410 1477 1450 latine
1496 1411 1654 1451 vertit.

273 1622 623 1673 Superscmptm
645 1622 693 1661 ιἰι
715 1622 1037 1673 autographa<
1057 1621 1322 1661 Glte'lz'elml‘:
1343 1624 1369 1669 †
1386 1621 1486 1662 R.d0
1504 1623 1752 1664 admodum
1769 1624 1814 1663 in

194 1693 313 1744 Xpo.
343 1693 434 1732 Pri.
465 1692 584 1731 Dno.
616 1693 797 1743 Ignatio
826 1693 1057 1744 Loyolae,
1088 1693 1359 1744 Praeposito
1386 1693 1528 1744 gnali.
1568 1693 1815 1734 Societatis

192 1764 316 1815 Jesu.
340 1763 530 1803 Romae.

273 1835 382 1874 Alsa
404 1846 571 1873 marm:
598 1835 710 1874 1552.
735 1835 788 1885 Q.
813 1835 1038 1885 Bologna,
1063 1834 1316 1887 Junii.—Q.
1339 1835 1378 1874 5.
