1987 3260
231 187 300 223 3¹24
754 186 978 222 LITTERAE
1006 198 1359 229 QUADRIMESTRES

232 284 391 323 diebus
413 288 700 323 servaverat.
726 282 856 321 Alter
883 281 1060 331 funem,
1092 294 1182 333 quo
1209 295 1321 323 suae
1350 295 1532 335 quoque
1559 283 1696 323 uxori
1723 281 1850 333 spiri-

230 362 327 393 tum
354 359 397 393 et
422 353 582 393 fauces
608 352 957 402 intercluderet,
989 359 1127 404 atque
1147 353 1210 393 ita
1234 361 1430 394 mortem
1456 354 1654 404 afferret,
1684 353 1852 404 viginti

230 424 403 475 diebus,
440 429 634 475 captans
663 423 1056 473 opportunitatem
1082 435 1240 463 secum
1269 425 1451 464 tulerat.
1484 424 1689 475 Uterque
1718 435 1848 473 vero,

229 500 475 546 postquam
507 493 680 533 nostris
710 492 911 532 confessi
946 500 1120 543 essent,
1154 506 1259 534 eum
1289 495 1492 535 animum
1519 496 1846 546 deposuerunt,

230 566 416 616 suisque
437 563 709 615 conjugibus
731 564 1019 604 reconciliati
1040 571 1160 605 sunt.

308 635 498 676 Obsessi
526 648 552 674 a
580 635 881 674 daemonibus
908 635 1038 675 multi
1065 636 1123 675 ad
1152 636 1211 676 D.
1244 636 1510 677 Cornelium
1539 636 1845 685 adducuntur,

229 707 363 758 quasi
391 707 449 745 ad
476 706 563 745 hoc
585 705 791 744 muneris
817 706 1100 756 peculiarem
1121 719 1148 746 a
1178 706 1277 747 Deo
1310 706 1448 758 (quod
1477 709 1685 758 apparet)
1718 707 1849 746 mise-

228 777 477 817 ricordiam
500 782 850 826 consequutum.
875 776 1087 816 Sentiunt
1108 778 1229 817 enim
1251 789 1300 817 se
1317 776 1474 828 juvari
1494 776 1589 828 ejus
1611 789 1753 828 opera
1774 777 1850 828 qui

227 847 324 899 ejus
359 846 565 887 consiliis
601 847 936 897 obtemperant.
973 847 1031 887 Et
1065 848 1186 888 inter
1213 854 1426 888 caeteros
1454 848 1656 899 quidam,
1686 838 1850 898 paucis

226 924 331 958 ante
349 918 510 958 diebus
526 917 768 968 adductUS,
787 929 922 969 quem
939 918 1017 969 qui
1031 925 1345 969 occupaverat
1358 919 1570 968 daemon,
1585 924 1742 958 tacere
1758 929 1850 957 non

223 989 372 1040 potuit
393 1000 441 1028 se
462 989 626 1039 premi;
649 988 743 1038 sed,
768 994 873 1039 post
895 990 1063 1028 multos
1084 988 1280 1040 ejulatus
1301 1001 1355 1029 ac
1378 990 1573 1040 rugitus,
1597 989 1751 1028 multis
1773 988 1850 1028 ad-

225 1060 467 1109 stantibus,
492 1060 647 1109 palam
668 1059 908 1099 confessus
925 1065 1008 1109 est,
1029 1060 1088 1100 ad
1104 1060 1161 1100 D.
1181 1060 1460 1106 Cornelium,
1481 1071 1764 1111 quamquam
1785 1060 1849 1109 (ut

223 1130 351 1171 credi
384 1132 551 1182 potest)
587 1130 828 1179 insidiose,
860 1136 1016 1170 tamen
1043 1143 1174 1171 vere:
1199 1137 1293 1182 tua,
1316 1131 1478 1182 inquit,
1502 1131 1742 1171 humilitas
1763 1137 1845 1180 est,

224 1213 342 1252 quae
364 1213 435 1241 me
458 1201 700 1240 comburit.
725 1200 954 1241 Dominus
975 1213 1088 1241 vero
1118 1202 1359 1242 Cornelius
1386 1214 1680 1254 nequaquam
1712 1201 1847 1241 desti-

222 1273 298 1322 tit,
323 1272 595 1322 priusquam
617 1283 670 1310 eo
695 1271 822 1311 abire
839 1271 989 1322 jusso,
1015 1273 1203 1323 obsessi,
1224 1272 1321 1324 jam
1340 1279 1437 1312 tum
1458 1273 1717 1324 quietioris,
1742 1283 1846 1312 con-

222 1343 471 1382 fessionem
493 1342 738 1389 audiverit;
763 1354 854 1393 qua
877 1342 1016 1389 facta,
1041 1343 1258 1383 dimissus
1280 1350 1348 1383 est
1366 1344 1542 1392 melius,
1565 1349 1701 1395 prout
1722 1342 1846 1383 Vide-

220 1414 368 1463 batur,
389 1413 645 1463 habiturus,
666 1413 742 1452 vel
759 1413 846 1452 hoc
865 1424 958 1452 uno
976 1414 1112 1464 quod,
1128 1415 1214 1454 etsi
1227 1415 1342 1454 duos
1352 1413 1448 1465 jam
1465 1420 1508 1454 et
1521 1414 1848 1465 vigintiannos

222 1490 371 1534 natus,
392 1495 628 1534 nunquam
650 1490 805 1523 tamen
823 1484 1064 1524 confessus
1081 1485 1246 1525 fuerat.
1267 1485 1379 1525 Heri
1396 1497 1508 1525 vero
1526 1485 1693 1525 iterum
1712 1484 1849 1524 rediit

225 1554 539 1594 confessurus.

301 1625 422 1664 Inter
445 1625 750 1664 confessionis
772 1626 1037 1675 commoda,
1062 1626 1171 1666 illud
1194 1639 1375 1678 quoque
1401 1639 1495 1666 non
1522 1627 1569 1666 in
1599 1626 1848 1677 postremis

223 1696 433 1735 duxerim
455 1695 742 1745 ponendum,
768 1695 889 1746 quod
911 1698 1293 1747 superstitionum
1314 1709 1444 1745 usus,
1479 1697 1554 1748 qui
1583 1703 1738 1736 tamen
1769 1696 1847 1736 ha-

219 1772 380 1805 ctenus
402 1766 476 1805 hic
498 1765 581 1805 fuit
602 1766 841 1817 plurimus,
866 1779 959 1806 non
982 1779 1147 1817 parum
1168 1769 1391 1807 aboletur.

298 1836 387 1876 Sed
409 1842 451 1875 et
474 1837 585 1875 illud
607 1837 726 1875 inter
753 1837 869 1876 haec
899 1838 1224 1889 praecipuum,
1250 1839 1371 1889 quod
1398 1850 1493 1890 pax
1520 1839 1639 1878 inter
1661 1839 1842 1885 multos,

217 1918 387 1958 eosque
416 1907 803 1957 consanguineos,
829 1908 1085 1958 composita
1107 1914 1189 1948 est.
1221 1909 1306 1948 Vir
1335 1909 1457 1949 enim
1484 1909 1671 1960 quidam
1698 1920 1845 1959 paene

215 1983 260 2017 et
281 1977 434 2028 specie
457 1977 584 2016 visus
608 1979 869 2017 truculenta
898 1984 941 2017 et
974 1979 1130 2018 animo
1158 1978 1303 2028 ferus,
1336 1980 1537 2030 quadam
1564 1980 1637 2019 die
1670 1979 1729 2019 ad
1758 1991 1844 2019 nos

216 2047 443 2087 adductus
465 2059 490 2086 a
513 2047 794 2087 scholastico
812 2047 1007 2099 juvene,
1032 2049 1108 2100 qui
1136 2061 1242 2089 eum
1271 2049 1390 2090 forte
1417 2050 1681 2100 invenerat,
1711 2055 1755 2089 et
1784 2061 1842 2088 ex

216 2119 457 2158 oculorum
474 2117 731 2169 frontisque
752 2118 926 2169 habitu,
947 2120 1054 2170 quia
1070 2132 1206 2159 nemo
1223 2126 1375 2171 potest
1392 2121 1584 2160 tacitum
1601 2121 1732 2160 Vultu
1749 2132 1841 2159 non

216 2189 411 2239 prodere
434 2189 629 2238 crimen,
654 2196 944 2239 cognoverat
965 2202 1059 2229 non
1081 2202 1181 2230 esse
1203 2191 1357 2230 animo
1379 2191 1534 2242 quieto
1566 2197 1836 2242 paratoque,

215 2265 374 2310 aperte
408 2259 562 2298 fassus
592 2266 661 2298 est
689 2260 956 2299 domesticis
984 2261 1179 2311 nostris,
1211 2262 1288 2312 qui
1319 2273 1423 2301 eum
1451 2263 1608 2301 statim
1642 2261 1840 2312 benigne

215 2330 385 2380 alloqui
410 2336 681 2380 coeperunt,
708 2341 756 2369 se
778 2330 926 2381 pridie
948 2330 1046 2382 ejus
1069 2331 1159 2371 diei
1180 2338 1462 2372 tormentum
1488 2332 1703 2372 bellicum
1733 2343 1838 2371 exo-

214 2411 404 2439 nerasse
427 2400 472 2439 in
493 2400 684 2439 fratrem
706 2412 854 2450 suum,
874 2407 1121 2452 propterea
1138 2403 1276 2453 quod,
1296 2414 1434 2453 quam
1454 2403 1551 2453 ipse
1573 2402 1650 2442 diu
1668 2402 1837 2442 habue-

215 2476 286 2510 rat
308 2470 617 2510 concubinam
633 2471 980 2521 lautissimeque
999 2472 1242 2523 nutrierat,
1262 2484 1365 2512 eam
1380 2473 1538 2523 frater,
1558 2473 1659 2523 ipso
1677 2472 1836 2511 absen-

213 2549 276 2591 te,
301 2541 499 2592 cepisset
521 2541 798 2591 usurariam,
823 2554 908 2581 nec
929 2547 1085 2581 tamen
1108 2542 1301 2583 fratrem
1322 2556 1379 2583 ex
1401 2555 1455 2583 eo
1478 2543 1597 2583 mori
1613 2543 1834 2594 potuisse,

212 2612 335 2663 quod
356 2623 462 2650 eum
482 2623 575 2650 non
597 2611 882 2661 contigisset;
907 2623 1072 2652 verum
1094 2613 1170 2652 alii
1192 2614 1373 2653 dedisse
1401 2626 1450 2654 se
1477 2614 1522 2653 id
1547 2613 1833 2664 provinciae,

211 2689 259 2722 ut
281 2694 386 2722 eum
408 2682 655 2722 occideret.
680 2680 777 2721 Sibi
799 2693 912 2721 vero
934 2682 980 2722 id
999 2694 1148 2733 genus
1170 2684 1296 2723 vitae
1316 2685 1516 2735 placere,
1540 2690 1587 2723 ut
1609 2684 1655 2723 in
1682 2694 1836 2723 nemo-

210 2752 337 2792 ribus
359 2751 513 2803 degat,
538 2763 623 2791 nec
644 2751 838 2791 fratrem
860 2763 1111 2793 evasurum
1133 2754 1243 2805 quin
1263 2755 1338 2794 vel
1365 2766 1391 2794 a
1419 2766 1468 2794 se
1488 2755 1561 2794 vel
1590 2754 1647 2793 ab
1669 2765 1738 2804 eo,
1763 2754 1835 2793 cui

210 2823 518 2862 mandaverat
536 2821 855 2873 occidendum,
872 2822 1076 2863 caderet.
1095 2824 1180 2863 Hic
1198 2830 1403 2864 retentus
1420 2824 1546 2864 domi
1562 2836 1643 2875 per
1660 2824 1835 2875 aliquot

211 2894 373 2942 horas,
399 2892 568 2932 auditis
589 2892 698 2932 hinc
725 2893 830 2932 inde
857 2899 954 2933 tam
984 2894 1138 2933 multis
1164 2895 1423 2934 rationibus
1451 2894 1508 2934 ad
1535 2906 1699 2946 pacem
1728 2906 1833 2934 cum

209 2963 352 3003 fratre
388 2963 636 3003 ineundam
673 2963 823 3014 ipsum
859 2964 1232 3013 cohortantibus,
1273 2966 1336 3004 ita
1369 2965 1599 3005 feritatem
1643 2972 1832 3017 repente
