1987 3260
882 173 964 210 AN.
997 174 1081 209 1551
1730 176 1801 212 323

173 270 267 310 Nec
288 282 400 310 sane
417 271 509 310 ulla
526 281 585 310 ex
601 276 732 321 parte
749 269 1073 310 contemnendi
1090 275 1223 309 erant
1241 269 1455 320 permulti
1472 269 1670 320 illorum,
1691 282 1796 310 cum

175 341 293 381 inter
315 341 441 392 ipsos
461 340 650 391 quidam
671 352 697 379 a
719 340 879 380 decem
901 340 1055 386 annis,
1080 340 1268 391 quidam
1288 351 1315 378 a
1341 339 1530 390 viginti,
1562 340 1641 380 alii
1670 352 1696 380 a
1723 342 1799 380 tri-

171 411 316 460 ginta,
336 411 544 450 nonnulli
566 411 705 450 etiam
728 423 753 450 a
776 411 1087 461 quadraginta
1106 409 1306 450 confessi
1323 421 1415 448 non
1433 416 1601 449 essent.
1622 410 1663 450 A
1681 410 1799 450 festo

173 481 544 521 Resurrectionis
567 494 677 521 vero
700 481 758 521 ad
779 481 899 520 hunc
923 492 1066 532 usque
1084 481 1219 529 diem,
1239 486 1334 520 tam
1355 481 1486 520 multi
1506 492 1689 531 quoque
1707 481 1795 521 die-

171 553 255 592 bus
274 551 403 591 festis
425 552 484 592 ad
505 564 589 591 nos
611 552 935 601 confugerunt,
960 551 1119 591 divina
1136 550 1470 600 misericordia,
1496 558 1543 590 ut
1564 557 1736 602 putem,
1761 553 1799 591 si

172 634 253 663 sex
274 634 481 663 essemus
511 623 780 663 sacerdotes
809 634 985 669 lsumus
1013 628 1168 662 autem
1196 628 1290 661 tres
1318 627 1499 661 tantum
1526 633 1718 661 numero
1752 623 1796 662 in

171 694 466 744 praesentia),
491 694 703 733 omnibus
724 694 837 733 satis
859 693 956 733 fore
977 693 1100 744 quod
1121 698 1329 744 agerent.
1353 692 1487 743 Quod
1504 698 1659 732 autem
1675 693 1795 738 dico,

169 776 228 804 cx
248 776 301 804 eo
323 765 525 804 maxime
546 765 741 816 patebit,
766 765 887 816 quod
910 765 986 816 qui
1007 765 1127 804 inter
1151 764 1327 815 primos
1349 763 1482 803 nobis
1510 763 1696 803 fuerunt
1727 764 1801 804 de—

170 835 281 884 voti,
305 835 561 886 quibusque
578 835 675 887 jam
696 835 836 875 fidere
857 847 994 887 posse
1016 835 1230 875 videmur
1247 846 1339 874 non
1355 834 1647 874 discessuros
1670 846 1749 874 eos
1771 848 1795 874 a

172 917 283 945 vera
306 906 401 954 via,
433 918 524 957 quo
551 906 733 946 facilius
766 907 895 946 locus
924 912 1044 946 esset
1071 906 1141 945 his
1169 906 1244 956 qui
1276 906 1386 945 novi
1416 905 1651 955 venirent,
1682 905 1800 945 alios

171 976 257 1015 sibi
287 977 511 1027 probatae
547 977 610 1026 (ut
645 976 877 1025 novimus)
906 976 1011 1015 fidei
1039 977 1164 1016 viros
1192 975 1504 1015 confessarios
1535 976 1792 1026 elegerunt.

170 1046 411 1086 Venerunt
442 1053 596 1087 autem
631 1047 840 1098 quidam,
877 1054 921 1086 et
954 1047 1232 1098 praesertim
1258 1053 1466 1097 tempore
1494 1046 1798 1097 quadragesi-

170 1128 292 1167 mae,
317 1124 411 1157 tam
433 1118 508 1169 pio
529 1117 682 1157 affecti
703 1128 817 1167 erga
838 1129 925 1156 nos
947 1117 1101 1157 animo
1125 1124 1192 1165 ut,
1218 1128 1324 1156 cum
1345 1128 1616 1156 vereremur
1635 1128 1693 1156 ne
1721 1128 1798 1156 ex-

169 1189 423 1239 spectando
445 1188 657 1228 molestia
679 1188 971 1228 afficerentur
995 1191 1102 1235 (non
1125 1188 1246 1227 enim
1273 1188 1484 1227 omnibus
1510 1187 1796 1239 respondere

168 1260 466 1310 poteramus),
490 1259 884 1309 suaderemusque
901 1265 950 1298 ut
968 1259 1026 1298 ad
1046 1259 1161 1298 alios
1183 1258 1427 1309 religiosos
1448 1270 1497 1298 se
1514 1258 1794 1309 conferrent,

168 1329 490 1380 responderint
512 1341 560 1369 se
581 1341 876 1381 nequaquam
897 1329 941 1369 id
962 1330 1185 1379 facturos,
1205 1329 1285 1369 sed
1304 1335 1526 1368 venturos
1544 1330 1697 1380 potius
1713 1341 1796 1381 per

168 1400 399 1450 integram
426 1399 788 1448 hebdomadam,
819 1412 845 1439 a
879 1412 1015 1439 mane
1047 1400 1106 1439 ad
1140 1411 1390 1450 vesperum
1424 1406 1795 1451 exspectaturos,

171 1471 318 1510 donec
340 1471 412 1510 his
438 1470 689 1511 confitendi
718 1470 918 1510 facultas
946 1469 1135 1510 daretur
1163 1482 1189 1509 a
1219 1471 1405 1510 nostris.
1437 1470 1792 1510 Communican-

170 1542 283 1581 tium
303 1543 473 1582 multus
494 1547 563 1581 est
584 1553 804 1581 numerus
826 1553 1023 1592 semper,
1048 1547 1092 1580 et
1112 1540 1201 1580 hoc
1222 1541 1340 1580 festo
1371 1541 1671 1581 Pentecostes
1697 1542 1795 1593 plu-

169 1624 246 1652 res
266 1613 478 1652 ducentis
499 1612 546 1652 in
567 1613 738 1663 templo
760 1618 920 1652 nostro
942 1612 1365 1651 communicarunt.

252 1682 382 1733 Quae
410 1695 523 1723 vero
552 1695 611 1723 ex
643 1683 714 1723 his
748 1682 1118 1723 confessionibus
1150 1688 1405 1733 sequantur
1430 1683 1576 1732 bona,
1609 1683 1800 1734 longum

169 1760 290 1794 esset
321 1765 565 1794 recensere
594 1754 658 1794 ita
687 1754 945 1805 sigillatim,
968 1764 1243 1804 percurram
1264 1759 1418 1792 tamen
1442 1753 1672 1804 quaedam
1702 1754 1801 1794 bre-

169 1825 304 1864 viter.
334 1824 564 1864 Plurimas
590 1825 821 1875 virgines,
852 1830 896 1864 et
922 1824 1100 1864 nobiles
1131 1830 1175 1864 et
1205 1823 1438 1863 inferioris
1471 1824 1612 1864 etiam
1642 1825 1798 1875 sortis,

168 1895 355 1936 Christo
377 1907 425 1934 se
447 1907 588 1947 puras
610 1901 654 1935 et
678 1896 1003 1935 immaculatas
1030 1895 1337 1934 devoverunt.
1366 1894 1424 1934 Et
1447 1894 1614 1934 harum
1641 1900 1799 1935 tantus

166 1971 236 2005 est
256 1977 494 2015 numerus,
516 1973 564 2005 ut
582 1965 757 2016 justum
778 1965 1127 2015 monasterium,
1151 1965 1192 2004 si
1211 1976 1334 2004 nunc
1355 1971 1687 2016 exstrueretur,
1717 1967 1796 2005 im-

167 2037 295 2087 plere
325 2037 521 2087 possint.
553 2035 711 2087 Neque
746 2036 996 2087 quicquam
1025 2046 1105 2075 eas
1135 2041 1398 2075 remoratur
1427 2035 1485 2074 ad
1513 2037 1797 2076 monasteria

165 2106 490 2158 ingredienda,
514 2117 653 2157 quam
674 2106 798 2158 quod
819 2106 1064 2145 reformari
1086 2117 1140 2145 ea
1161 2105 1289 2156 prius
1309 2106 1495 2145 vellent.
1519 2105 1677 2157 Neque
1705 2113 1791 2146 ter-

164 2178 292 2227 tium,
312 2189 449 2228 quem
464 2183 651 2227 vocant,
672 2177 883 2216 ordinem
904 2177 1057 2217 subire
1074 2177 1251 2216 volunt.
1272 2174 1415 2226 Cujus
1431 2177 1499 2215 rei
1515 2176 1637 2216 hanc
1653 2189 1796 2217 unam

165 2247 363 2288 afferunt
385 2259 577 2288 causam
597 2249 842 2299 palamque
863 2247 1152 2299 praedicant,
1172 2248 1293 2287 nolle
1315 2258 1363 2286 se
1385 2246 1598 2298 impediri
1620 2248 1794 2299 quomi-

164 2330 265 2369 nus,
289 2329 394 2358 cum
414 2319 461 2358 in
482 2319 668 2358 saeculo
690 2318 878 2369 degant,
898 2317 956 2358 ad
977 2324 1162 2358 nostros
1184 2318 1273 2357 illis
1294 2318 1454 2357 venire
1476 2318 1626 2358 liceat.

242 2389 415 2429 Multae
442 2401 624 2440 quoque
651 2389 820 2429 viduae
849 2389 1185 2429 continentiam
1212 2394 1459 2428 voverunt.
1491 2388 1795 2440 Reliquarum

164 2460 305 2500 etiam
342 2459 587 2499 mulierum
625 2459 748 2499 bona
781 2471 914 2511 pars,
952 2460 1058 2500 licet
1093 2459 1391 2499 matrimonio
1426 2460 1669 2511 alligatae,
1708 2461 1795 2500 sibi

162 2538 318 2571 tamen
334 2530 392 2570 ab
413 2530 698 2570 ornamentis
715 2530 959 2581 superfluis
974 2535 1252 2582 temperant,
1273 2535 1317 2569 et
1333 2529 1641 2581 simpliciores
1658 2531 1794 2571 solito

162 2600 400 2650 incedunt,
423 2607 473 2641 ut
493 2600 629 2640 facile
651 2607 896 2652 appareat,
921 2612 1006 2641 nec
1030 2601 1311 2641 intrinsecus
1333 2611 1412 2640 eas
1429 2599 1527 2651 jam
1548 2613 1650 2641 esse
1671 2603 1793 2652 quod

161 2672 361 2712 fuerunt.

239 2741 570 2782 Concubinarii
591 2742 721 2781 multi
742 2742 932 2782 omnino
955 2742 1092 2782 divisi
1113 2732 1421 2793 disjunctique
1443 2747 1574 2781 sunt:
1603 2742 1792 2793 plurimi

161 2824 272 2852 vero
306 2811 602 2852 matrimonio
638 2812 841 2863 copulati
876 2813 1098 2853 invicem:
1135 2812 1453 2852 restitutiones
1487 2823 1580 2851 non
1613 2824 1791 2863 paucae

162 2883 327 2922 factae.
350 2881 399 2923 Si
419 2893 532 2922 vero
554 2882 696 2922 etiam
717 2883 776 2922 ad
798 2883 1054 2934 singularia
1083 2882 1457 2923 descendendum
1484 2887 1574 2933 est,
1605 2883 1792 2934 quidam

160 2953 398 3004 potionem
423 2952 592 2992 veneni
623 2963 682 2992 ex
710 2953 957 2994 occasione
984 2954 1117 2994 uxori
1151 2953 1490 3005 propinandam
1515 2951 1611 3003 jam
1643 2954 1792 2993 tribus
