1987 3260
232 219 300 257 loO
741 217 964 253 LITTERAE
990 225 1343 258 QUADRIMESTRES

230 314 481 355 refectione
496 312 704 363 corporis
716 312 1035 361 observamus,
1050 311 1138 350 illis
1156 317 1414 362 perspecta,
1430 311 1531 351 aliis
1550 321 1730 362 quoque
1743 316 1854 349 nota

230 386 320 425 fiat.
353 384 402 424 Id
425 383 576 422 adhuc
599 394 742 433 nuper
766 381 875 421 fecit
902 382 1039 432 paulo
1063 387 1171 420 ante
1191 393 1330 432 quam
1364 393 1469 421 cum
1496 380 1713 421 Seren.mo
1726 380 1853 430 Rege

228 455 275 494 in
293 454 564 494 Bohemiam
586 458 707 492 esset
729 452 959 502 abiturus,
984 457 1028 491 et
1050 451 1244 491 adduxit
1265 462 1423 491 secum
1444 451 1676 491 Abbatem
1701 462 1852 502 quem-

232 525 340 565 dam
367 524 598 564 maximae
632 522 928 562 authoritatis
954 533 1155 573 moxque
1176 521 1383 562 futurum
1401 522 1697 573 Episcopum,
1722 532 1852 572 prae-

231 602 358 635 terea
397 594 716 634 doctissimum
754 593 921 641 virum,
959 592 1036 643 qui
1070 604 1096 631 a
1130 591 1422 632 multitudine
1458 603 1697 641 curarum,
1739 603 1854 643 quas

231 667 277 706 in
294 666 430 706 rebus
446 663 776 705 Universitatis
793 663 928 713 gerit,
944 662 1329 713 superintendens
1345 668 1555 703 vocatur.
1572 662 1746 713 Quibus
1763 674 1855 702 non

233 743 330 776 tam
345 741 483 786 grata
498 734 683 774 fuerunt
698 733 982 773 serculorum
1002 733 1191 784 vinique
1212 732 1399 773 diversa
1421 744 1596 784 genera
1615 733 1749 784 (quae
1769 732 1856 784 ipsi

229 806 539 855 contulerant)
562 816 702 856 quam
724 816 778 844 ea
801 815 918 855 quae
940 816 966 843 a
988 804 1160 844 nostris
1182 804 1549 855 apponebantur,
1576 803 1856 844 Germanica

232 878 409 918 scilicet
431 882 473 916 et
495 887 669 926 graeca
689 875 847 914 brevis
868 875 1047 923 concio,
1069 874 1322 925 disputatio
1343 874 1390 914 in
1406 874 1592 925 graecis
1615 874 1793 924 litteris,
1812 874 1858 913 in

233 947 479 988 dialectica
508 952 551 985 et
585 945 833 996 theologia.
868 945 997 995 Quae
1032 945 1187 984 omnia
1216 945 1430 996 quamvis
1458 944 1859 996 impraemeditate

237 1019 328 1059 fere
349 1018 524 1068 fierent,
549 1017 613 1056 illi
635 1023 791 1056 tamen
808 1017 863 1056 iis
886 1017 950 1056 ita
973 1015 1305 1066 afficiebantur,
1330 1022 1378 1056 ut
1407 1017 1623 1066 neglecto
1647 1014 1857 1066 prandiO,

235 1089 349 1129 nihil
383 1087 507 1127 aliud
543 1092 737 1137 agerent
770 1098 909 1137 quam
948 1086 1108 1126 audire
1140 1092 1183 1126 et
1214 1093 1442 1137 spectare.
1476 1086 1603 1126 Rara
1634 1086 1775 1136 enim,
1812 1091 1860 1125 ut

233 1158 484 1199 contestati
510 1163 637 1208 sunt,
661 1157 776 1197 haec
799 1157 911 1208 ipsis
927 1156 1219 1197 videbantur.
1240 1157 1384 1197 Multa
1405 1157 1567 1208 paucis
1590 1156 1756 1196 dicam.
1780 1157 1859 1196 Be-

235 1229 575 1280 nignissimum,
602 1227 996 1279 sapientissimum
1015 1227 1485 1278 liberalissimumque
1502 1233 1702 1267 tutorem
1723 1233 1767 1266 et
1784 1238 1859 1278 pa-

235 1307 421 1340 tronum
441 1299 635 1338 R.111¹1³in
656 1297 837 1338 CHRO.
862 1297 1089 1337 Dominus
1111 1298 1431 1349 Laybacensis
1454 1298 1588 1338 nobis
1610 1308 1710 1337 sese
1731 1309 1858 1348 prae-

236 1371 326 1411 bet.
351 1370 577 1410 Dominus
597 1369 733 1421 Jesus
755 1369 813 1408 sit
835 1369 900 1408 illi
920 1379 1100 1408 merces
1123 1369 1470 1419 copiosissima.

315 1440 466 1481 Venio
489 1440 677 1480 tandem
699 1439 756 1478 ad
777 1439 957 1490 regiam
978 1440 1024 1479 in
1040 1451 1124 1479 nos
1146 1439 1371 1490 pietatem
1393 1446 1533 1491 atque
1551 1439 1860 1479 clementiam.

240 1512 368 1562 Quae
387 1524 440 1551 eo
463 1511 677 1562 ampliori
703 1510 839 1550 laude
861 1510 1002 1561 digna
1032 1516 1122 1561 est,
1155 1522 1244 1561 quo
1273 1511 1425 1550 minus
1447 1511 1504 1550 iis
1526 1510 1679 1560 cessit,
1704 1509 1780 1561 qui
1801 1510 1862 1549 ni-

239 1583 303 1622 hil
323 1582 534 1622 utilitatis
556 1593 614 1621 ex
634 1581 724 1620 hoc
746 1581 952 1631 Collegio
974 1581 1271 1632 proditurum
1292 1581 1549 1632 credentes,
1574 1582 1631 1621 ab
1653 1580 1749 1631 ejus
1771 1592 1864 1620 ere-

239 1653 391 1693 ctione
419 1652 650 1691 dehortati
677 1658 797 1691 sunt.
826 1652 931 1704 Jam
958 1651 1080 1691 enim
1108 1652 1164 1691 ab
1196 1651 1325 1692 initio
1353 1652 1489 1692 valde
1519 1653 1793 1691 clementem
1822 1656 1865 1690 et

240 1723 488 1774 propitiam
509 1734 557 1762 se
578 1722 710 1762 nobis
732 1722 952 1761 exhibuit.
979 1721 1126 1772 Quem
1148 1722 1373 1773 animum,
1397 1734 1491 1762 non
1513 1723 1664 1762 solum
1684 1734 1777 1762 non
1799 1733 1863 1761 re-

240 1794 384 1844 misit,
410 1793 491 1833 sed
518 1792 810 1832 confirmavit
838 1792 1057 1843 auxitque
1086 1793 1349 1843 plurimum.
1380 1793 1502 1832 Dum
1531 1793 1650 1832 enim
1686 1792 1733 1832 in
1766 1791 1865 1843 Sty-

240 1864 359 1903 riam
380 1864 467 1903 iter
488 1864 694 1913 haberet,
718 1863 837 1902 inter
857 1863 1154 1913 gravissima,
1181 1875 1297 1914 quae
1320 1870 1428 1903 tunc
1457 1863 1704 1913 tractabat,
1728 1873 1864 1913 nego-

241 1935 324 1984 tia,
348 1935 495 1974 nostri
526 1934 798 1973 memoriam
829 1939 965 1984 atque
986 1945 1148 1973 curam
1170 1934 1285 1973 adeo
1314 1946 1406 1973 non
1430 1934 1661 1985 seposuit,
1687 1939 1734 1973 ut
1756 1933 1864 1973 assi-

240 2010 405 2055 gnaret
422 2004 629 2044 redditus
647 2003 872 2054 CollegiO,
893 2015 1064 2054 eosque
1082 2004 1270 2044 minime
1292 2008 1468 2055 tenues,
1494 2005 1617 2044 mille
1635 2010 1678 2044 et
1700 2004 1863 2044 ducen-

241 2082 312 2115 tos
334 2075 508 2115 scilicet
530 2074 729 2114 florenos
748 2086 755 2125 ;
779 2075 856 2114 ubi
877 2074 1017 2114 etiam
1039 2075 1163 2114 misit
1192 2075 1371 2115 litteras
1393 2074 1452 2114 ad
1474 2076 1635 2115 varios
1656 2074 1865 2114 consilia-

239 2146 336 2186 rios
357 2157 480 2196 suos,
506 2146 551 2184 in
573 2145 738 2196 quibus
760 2145 879 2185 serio
903 2144 1153 2185 admodum
1181 2146 1513 2197 praecipiebat,
1538 2152 1586 2186 ut
1608 2146 1712 2185 illae
1733 2157 1866 2197 pecu-

240 2216 345 2256 niae
380 2216 572 2255 fideliter
608 2222 982 2265 numerarentur;
1020 2216 1372 2266 praescribebat
1407 2217 1549 2256 etiam
1582 2228 1671 2267 quo
1706 2215 1866 2255 ordine

240 2287 496 2337 quibusque
526 2286 635 2325 anni
656 2287 941 2337 temporibus
971 2286 1289 2327 redderentur.
1317 2286 1553 2327 Reversus
1575 2292 1728 2326 autem
1749 2286 1863 2336 Rex,

241 2368 347 2396 cum
376 2357 678 2396 intellexisset
705 2357 837 2396 nobis
855 2357 1015 2396 deesse
1036 2357 1315 2397 vestimenta
1338 2358 1416 2397 illa
1438 2369 1590 2408 sacra,
1617 2357 1782 2408 quibus
1803 2357 1864 2396 in-

244 2427 320 2466 dui
341 2428 490 2466 solent
517 2427 784 2466 sacerdotes
811 2426 978 2466 facturi
1000 2439 1158 2478 sacra,
1192 2428 1381 2468 immisit
1411 2440 1464 2468 ea
1486 2428 1688 2479 duplicia
1712 2427 1865 2467 omnia

240 2503 287 2536 et
321 2497 531 2548 pallium,
561 2503 609 2536 ut
637 2504 832 2548 vocant,
866 2505 1139 2549 sumptuosa
1171 2499 1422 2539 admodum
1460 2511 1516 2538 ac
1549 2500 1686 2549 plane
1719 2498 1865 2548 regia.

242 2567 423 2607 Paucos
445 2568 582 2607 etiam
605 2573 710 2618 post
732 2568 829 2608 dies
852 2569 977 2608 venit
1005 2569 1105 2609 Rex
1132 2569 1230 2620 ipse
1254 2570 1313 2609 ad
1335 2570 1524 2609 domum
1546 2574 1769 2617 nostram,
1794 2580 1865 2608 co-

243 2638 432 2678 mitatus
453 2644 550 2678 tota
573 2638 669 2678 fere
691 2639 811 2688 aula,
843 2645 891 2678 ut
912 2640 1051 2679 situm
1072 2640 1184 2689 loci,
1218 2640 1544 2689 habitationes,
1569 2638 1866 2678 refectorium

242 2714 288 2748 et
309 2709 399 2748 alia
425 2709 618 2758 videret,
643 2709 719 2748 ubi
741 2721 798 2748 ex
818 2710 973 2749 vultus
996 2710 1340 2760 constitutione,
1365 2721 1502 2761 quem
1532 2719 1645 2759 erga
1666 2720 1751 2748 nos
1773 2709 1866 2748 ani-

244 2790 370 2818 mum
391 2785 593 2829 gereret,
619 2779 753 2818 facile
774 2779 858 2818 fuit
880 2779 1240 2830 deprehendere.
1278 2780 1484 2820 Acturus
1514 2785 1668 2819 autem
1688 2779 1867 2830 gratias

245 2860 349 2888 cum
370 2854 491 2888 esset
511 2849 630 2888 Κόως
651 2849 699 2889 Ρ.
725 2849 946 2889 Claudius
968 2850 1024 2889 ob
1046 2850 1166 2889 hanc
1184 2850 1519 2900 benignitatem
1537 2856 1580 2889 et
1602 2849 1866 2900 assignatos

244 2919 466 2969 redditus,
490 2919 571 2958 vix
593 2919 637 2958 id
658 2920 848 2969 ferebat,
874 2920 1087 2971 serioque
1115 2920 1297 2960 dicebat
1327 2920 1374 2960 P.
1402 2920 1620 2960 Claudio:
1644 2920 1683 2959 si
1705 2931 1794 2970 qua
1817 2930 1866 2958 re

244 3000 361 3039 opus
386 2990 515 3028 vobis
543 2990 621 3037 sit,
645 2992 751 3029 nolo
779 2991 1027 3040 reticeatis;
1057 3002 1143 3041 ego
1172 2991 1292 3031 enim
1313 2998 1550 3042 protector
1572 2996 1728 3030 vester
1750 3000 1864 3029 sem-
