1987 3260
203 187 278 223 616
717 185 937 221 LITTERAE
964 195 1318 227 QUADmMEsTREs

284 281 610 333 Superioribus
631 281 789 320 itidem
810 281 970 320 diebus
997 293 1020 320 e
1042 281 1245 320 maximo
1275 287 1412 332 atque
1434 282 1549 321 adeo
1573 283 1826 322 imminenti

203 353 409 403 periculo
437 352 637 403 puellam
668 351 916 402 quamdam
944 351 1216 402 eripuimus,
1247 363 1364 403 quae
1391 352 1595 402 cuidam,
1618 364 1712 392 non
1731 359 1828 392 tam

203 434 399 474 corpore
421 434 560 473 quam
581 422 735 461 animo
757 433 922 472 caeco,
952 422 1201 473 prostituta
1222 422 1477 473 videretur,
1502 434 1702 473 quocum
1721 435 1827 463 cum

203 494 319 533 citra
341 493 613 532 scandalum
633 492 975 543 pudicitiaeque
993 504 1105 532 suae
1122 492 1378 544 periculum
1393 493 1554 533 vivere
1577 505 1670 533 non
1690 505 1828 545 posse

204 569 493 613 censeretur,
518 563 701 603 cuidam
724 563 818 603 civi
836 563 1088 613 Patavino,
1117 563 1219 603 viro
1247 574 1359 603 sane
1386 564 1666 615 peroptimo,
1689 565 1828 604 tradi-

204 635 372 683 dimus,
396 634 463 673 uti
484 634 607 673 domi
630 645 741 673 suae
763 634 956 673 honeste
978 634 1172 674 viveret.

280 705 361 744 Est
384 704 459 744 hic
480 710 724 755 praeterea
752 704 975 755 hispanus
1005 705 1212 756 quidam,
1246 706 1323 756 qui
1352 705 1517 745 litteris
1539 718 1728 757 operam
1749 707 1830 746 im-

200 775 379 826 pendit;
404 775 441 814 is
463 787 489 814 a
510 775 666 814 multis
683 774 779 825 jam
801 774 961 814 diebus
984 775 1146 824 instat,
1176 775 1400 815 exercitia
1430 776 1515 816 sibi
1537 776 1637 816 dari
1659 776 1831 828 effiagi—

200 852 324 895 tans,
351 845 480 896 cujus
501 845 713 896 petitioni
736 846 781 885 in
803 845 1066 895 proximum
1090 846 1176 885 erit
1198 851 1246 885 ut
1268 858 1542 886 annuamus.

279 916 391 955 Item
413 916 575 955 iisdem
596 915 739 955 ferme
762 916 922 955 diebus
943 916 1059 955 alter
1076 915 1261 967 juvenis
1282 916 1560 967 Patavinus,
1581 929 1685 958 cum
1702 929 1830 969 egre—

200 988 275 1038 gia
299 988 510 1039 corporis
529 987 680 1027 forma
701 993 798 1027 tum
818 987 985 1027 mentis
1010 987 1183 1038 optima
1212 988 1365 1028 indole
1386 988 1640 1039 praeditus,
1665 989 1723 1029 ad
1743 1001 1829 1029 nos

202 1070 250 1098 56
281 1059 494 1109 contulit,
527 1070 697 1109 magno
734 1058 963 1098 desiderio
1000 1069 1100 1098 5656
1131 1058 1264 1098 nobis
1296 1057 1578 1110 adjungendi
1605 1059 1824 1110 flagrans.

204 1129 320 1169 Huic
340 1141 434 1168 non
454 1129 612 1169 statim
633 1129 930 1180 acquiescere
958 1134 1291 1179 statueramus,
1322 1141 1612 1169 verumcum
1634 1130 1731 1181 ipse
1753 1131 1830 1170 diu

201 1202 483 1252 multumque
525 1200 743 1249 instaret,
785 1200 941 1239 multis
980 1200 1197 1250 precibus
1247 1200 1533 1240 contendens
1568 1201 1749 1241 admitti
1783 1202 1829 1240 in

205 1270 507 1319 Societatem,
528 1269 623 1321 jam
645 1271 833 1310 tandem
854 1270 951 1310 17011
974 1282 1164 1321 compos
1186 1270 1375 1310 effectus
1396 1277 1479 1310 est.

279 1341 371 1381 Sex
399 1347 642 1392 praeterea
672 1347 908 1392 septemve
936 1340 1173 1388 mulieres,
1205 1352 1401 1392 quarum
1435 1340 1532 1381 vita
1559 1342 1830 1392 turpissimo

200 1413 439 1452 libidinum
478 1411 653 1463 gurgiti
687 1412 903 1451 immersa
946 1418 1066 1461 erat,
1103 1416 1408 1462 posteaquam
1442 1412 1554 1451 mihi
1589 1412 1830 1452 confessae

202 1490 330 1533 sunt,
367 1483 430 1522 ita
465 1494 545 1522 eas
579 1488 842 1522 retroactae
878 1482 1004 1521 vitae
1038 1481 1282 1533 poenituit,
1321 1488 1369 1521 ut
1404 1482 1449 1521 in
1485 1482 1830 1522 Conversarum

203 1554 556 1603 monasterium,
581 1553 619 1593 si
640 1553 729 1592 loci
750 1553 966 1603 angustia
988 1552 1298 1603 permisisset,
1323 1552 1479 1592 statim
1502 1564 1602 1592 sese
1622 1553 1830 1604 recipere

202 1625 397 1674 vellent,
432 1636 509 1674 ac,
545 1624 769 1675 pristinae
794 1624 920 1663 171136
947 1623 1116 1662 nuncio
1145 1623 1362 1673 remisso,
1398 1624 1710 1674 poenitentiae
1730 1623 1832 1663 reli-

204 1707 343 1747 quum
371 1706 504 1734 omne
532 1700 713 1745 tempus
741 1694 1015 1745 expendere.
1051 1693 1280 1744 Quocirca
1312 1693 1356 1733 id
1383 1705 1524 1733 unum
1553 1695 1830 1745 permultum

205 1778 331 1816 sane,
354 1765 506 1813 Pater,
530 1776 616 1815 ego
639 1764 983 1816 desydemrem,
1008 1770 1056 1804 ut
1079 1764 1467 1815 quemadmodum
1487 1764 1675 1815 Romae,
1702 1765 1765 1804 ita
1786 1771 1831 1804 61

204 1837 278 1876 1110
308 1848 490 1888 quoque
518 1835 863 1875 Conversarum
892 1834 1165 1874 coenobium
1186 1840 1326 1885 esset,
1352 1841 1399 1874 ut
1430 1835 1468 1874 si
1499 1847 1617 1886 quae
1644 1836 1830 1885 vellent,

203 1907 411 1958 pristinis
432 1906 648 1946 sordibus
676 1905 937 1951 detestatis,
961 1905 1019 1944 ad
1040 1905 1277 1945 meliorem
1298 1906 1443 1945 17113111
1475 1917 1575 1945 5656
1604 1906 1829 1956 recipere,

205 1979 247 2018 id
271 1978 511 2018 commode
536 1989 590 2017 ac
612 1977 710 2017 sine
733 1976 999 2016 difficultate
1021 1976 1186 2027 exequi
1208 1976 1402 2027 possint.

284 2049 424 2099 Vale,
448 2048 643 2088 Patavii.

284 2120 505 2170 Indignus
526 2118 667 2167 filius,

1382 2259 1614 2299 ELPIDIUs.
