1987 3260
212 192 287 229 294
725 189 950 226 LITTERAE
979 200 1338 232 QUADRIMESTRES

215 287 352 326 liceat
374 286 574 337 impune,
594 285 692 337 jam
712 297 803 325 non
826 285 929 325 dico
950 283 1162 336 pejerare
1183 291 1263 325 aut
1283 285 1605 337 blasphemum
1626 289 1743 337 esse,
1763 287 1845 327 sed

213 369 272 396 ne
298 356 391 396 levi
425 355 611 407 quidem
633 355 897 406 juramento
926 355 1177 406 quicquam
1203 356 1321 395 velle
1349 356 1643 396 convincere.
1676 356 1845 396 Statuit

216 439 319 467 eam
340 427 387 466 in
408 438 505 467 rem
525 437 701 478 poenas
720 437 806 476 pro
823 424 1085 476 jusjurandi
1106 431 1184 465 aut
1205 425 1405 466 hominis
1424 427 1607 466 ratione
1636 427 1846 478 irrogan-

218 498 324 549 das,
362 496 770 548 flagitantibusque
801 501 914 536 natu
948 501 992 535 et
1026 495 1252 546 dignitate
1281 496 1632 548 grandioribus,
1670 497 1846 549 primos

213 569 394 620 Judices
419 568 693 608 Emmanuel
723 572 879 607 noster
915 567 1055 618 elegit
1085 579 1221 619 quos,
1260 573 1305 607 et
1338 567 1463 608 vitae
1498 569 1767 619 integrioris
1802 574 1846 608 et

219 639 404 690 linguae
422 637 872 689 temperantissimae
888 649 1004 687 esse,
1027 637 1413 688 deprehenderat.
1432 638 1613 678 Novem
1624 650 1848 690 passuum

218 709 418 749 millibus
440 708 497 747 ab
519 719 573 748 eo
595 708 764 759 oppido
787 707 1004 748 Conchae
1026 708 1194 748 civitas
1215 708 1365 759 abest,
1390 714 1434 748 et
1455 714 1611 748 tamen
1639 709 1850 749 nonnulli

217 781 342 820 illinc
371 779 812 831 profisciscebantur
847 779 1127 818 concionum
1161 779 1475 819 Emmanuelis
1511 779 1850 819 audiendarum

214 862 375 890 causa.
400 850 616 890 Conchae
638 850 779 889 etiam
800 855 869 889 est
889 850 1195 889 concionatus
1217 849 1275 888 ad
1297 850 1517 901 populum
1547 862 1641 889 non
1668 850 1848 890 minore

217 922 457 961 hominum
472 921 733 972 frequentia
751 932 890 972 quam
906 920 1231 960 benevolentia
1247 925 1306 970 et,
1326 926 1375 960 ut
1396 932 1654 972 speramus,
1672 920 1845 961 fructu.

215 993 426 1032 Tandem
448 992 507 1032 ad
529 1003 613 1031 nos
639 1002 877 1042 reversus,
908 990 956 1030 Ρ.
988 991 1289 1031 Villanovam
1317 989 1508 1041 adjuvat
1529 991 1576 1031 in
1604 991 1849 1042 expedien-

217 1063 289 1103 dis
309 1064 447 1103 rebus
476 1062 705 1114 plurimis,
736 1062 901 1113 quibus
927 1073 1044 1113 pene
1072 1062 1207 1102 ambo
1231 1061 1367 1102 simul
1393 1074 1531 1114 pares
1553 1062 1635 1102 Vix
1656 1074 1758 1102 esse
1786 1062 1850 1101 vi-

220 1134 401 1174 dentur.

299 1204 509 1245 Exerciti
541 1210 647 1244 sunt
676 1204 747 1243 his
774 1204 934 1244 diebus
960 1204 1147 1255 plurimi
1167 1203 1384 1244 diversae
1406 1204 1687 1244 conditionis
1707 1203 1852 1244 homi-

219 1288 318 1327 nes,
338 1276 516 1315 nobiles
537 1275 726 1326 quidam
747 1273 1003 1326 conjugati,
1024 1274 1204 1325 medici,
1225 1275 1431 1325 theologi
1452 1282 1497 1315 et
1518 1275 1638 1315 inter
1659 1286 1739 1315 eos
1760 1280 1855 1314 tres

221 1347 384 1386 Patres
396 1345 675 1386 Mercenarii
694 1344 703 1363 ¹
722 1358 781 1385 ex
793 1345 865 1385 his
883 1346 962 1396 qui
976 1345 1207 1397 Compluti
1224 1346 1481 1397 penetralia
1498 1357 1741 1386 sacrarum
1758 1345 1855 1385 lite-

220 1430 381 1458 rarum
399 1417 584 1457 adeunt.
607 1416 727 1456 Nam
743 1417 830 1456 hoc
844 1416 986 1467 judex
1004 1417 1288 1458 Academiae
1305 1418 1457 1469 (quem
1474 1419 1855 1457 conservatorem

220 1489 412 1539 vocant)
433 1488 589 1528 multis
607 1488 845 1528 contendit
865 1488 1098 1539 precibus,
1124 1489 1333 1529 exerceri
1349 1494 1393 1529 et
1413 1489 1512 1539 ipse
1534 1499 1640 1528 cum
1666 1487 1855 1538 reliquis

223 1560 437 1600 Patribus
459 1559 545 1599 sibi
566 1559 828 1599 commissis
850 1559 1056 1610 cupiens.
1082 1559 1153 1599 Ex
1181 1559 1403 1610 Collegio‚
1427 1559 1551 1610 quod
1578 1571 1604 1598 a
1626 1557 1855 1609 dignitate

224 1631 372 1682 Majus
393 1636 581 1681 vocant,
602 1630 723 1670 unde
746 1630 1030 1670 Academiae
1047 1637 1255 1670 rectores
1277 1636 1495 1670 creantur
1522 1630 1735 1681 undeque
1758 1629 1852 1669 uni-

223 1714 391 1742 versae
408 1701 663 1752 Hispaniae
681 1701 887 1751 theologi
904 1713 959 1740 ac
977 1701 1332 1741 concionatores
1349 1707 1393 1741 et
1411 1701 1620 1741 ecclesiis
1639 1706 1683 1740 et
1700 1700 1853 1740 cathe-

224 1773 321 1812 dris
341 1772 567 1824 propositi
594 1771 932 1821 ministrantur,
957 1771 1165 1811 nonnulli
1193 1777 1314 1822 sunt,
1338 1772 1415 1822 qui
1445 1771 1749 1811 libentissime
1782 1782 1852 1810 sa-

224 1855 331 1884 cros
353 1843 576 1883 orationis
597 1848 640 1882 et
668 1842 981 1882 meditationis
1008 1841 1187 1881 fructus
1215 1847 1456 1893 caperent,
1487 1842 1527 1881 si
1557 1841 1712 1892 aliqua
1743 1841 1857 1881 relu-

223 1920 351 1955 ceret
374 1913 615 1953 commode
636 1914 681 1952 id
707 1912 1019 1964 prosequendi
1047 1913 1385 1963 opportunitas.
1418 1912 1669 1953 Sanctione
1701 1918 1857 1952 tamen

225 1986 527 2036 institutoque
550 1984 618 2023 sui
639 1984 876 2034 gymnasii
904 1984 1210 2034 deterrentur,
1241 1995 1331 2035 quo
1351 1984 1488 2034 gravi
1518 1971 1691 2023 mulcta
1724 1994 1857 2022 cave-

228 2063 299 2096 tur
321 2068 377 2095 ne
396 2055 497 2107 quis
525 2067 582 2094 ex
604 2055 795 2105 collegis
816 2055 911 2094 suis
934 2061 1067 2094 extra
1086 2054 1344 2105 Collegium
1360 2060 1601 2106 pernoctet
1619 2054 1709 2094 nisi
1726 2059 1860 2093 extra

225 2127 386 2177 oppidi
421 2137 577 2165 muros
611 2131 793 2176 agatur.
825 2125 916 2165 Sed
945 2125 1131 2165 obviam
1157 2125 1358 2165 eundum
1385 2131 1454 2164 est
1488 2125 1643 2176 aliqua
1680 2124 1860 2164 ratione

230 2197 469 2249 praedicto
493 2196 748 2245 obstacuIO,
773 2208 829 2235 ne
851 2208 1016 2235 ansam
1044 2195 1148 2235 inde
1170 2196 1367 2235 daemon
1395 2195 1590 2246 arripiat
1611 2206 1710 2234 rem
1739 2206 1861 2234 com-

231 2268 551 2307 modissimam
573 2251 928 2306 interturbandi.

313 2338 546 2389 Siguntini
563 2345 606 2377 et
625 2337 922 2378 Conchenses
939 2343 983 2377 et
1000 2349 1171 2377 venere
1190 2337 1319 2377 multi
1336 2344 1379 2377 et
1394 2337 1580 2378 venturi
1596 2342 1716 2387 sunt,
1731 2347 1859 2387 prae-

235 2410 397 2448 sertim
433 2421 491 2448 ex
524 2409 737 2458 collegio,
775 2408 899 2459 quod
934 2408 1026 2447 illic
1062 2408 1294 2459 theologis
1324 2414 1393 2448 est
1429 2408 1624 2457 celebre,
1663 2417 1862 2458 quorum

235 2479 431 2519 exerciti
460 2485 566 2518 sunt
596 2479 700 2529 duo,
733 2479 922 2529 reliquis
950 2479 1180 2528 venturis,
1214 2478 1253 2517 si
1279 2490 1385 2529 spes
1416 2477 1621 2518 arrideat
1648 2489 1727 2517 eos
1763 2477 1862 2517 fore

236 2549 540 2601 recipiendos.
566 2549 743 2589 Doctor
765 2549 980 2599 Vergara
1004 2549 1190 2599 scripsit
1207 2548 1256 2588 Ρ.
1279 2554 1440 2588 nostro
1457 2549 1739 2589 Villanovae
1760 2559 1863 2588 esse

237 2620 360 2672 apud
381 2632 429 2659 se
451 2619 702 2669 (Conchae)
721 2619 1055 2659 monasterium
1076 2618 1198 2658 Divo
1215 2618 1252 2658 F
1256 2619 1469 2659 rancisco
1486 2618 1707 2666 dicatum,
1732 2617 1863 2668 cujus

237 2691 545 2731 Provincialis
561 2689 824 2741 Rectorque
841 2701 946 2729 cum
962 2689 1111 2740 prima
1131 2689 1457 2739 religiosorum
1472 2689 1688 2740 portione
1705 2694 1864 2740 optent

237 2761 449 2802 exerceri
469 2767 606 2812 atque
627 2772 730 2800 eam
751 2760 796 2800 in
817 2771 915 2799 rem
937 2759 1054 2799 mitti
1072 2759 1158 2798 sibi
1180 2760 1381 2810 aliquem
1397 2771 1455 2799 ex
1476 2759 1693 2799 Patribus
1713 2758 1864 2798 Socie-

240 2833 348 2872 tatis
369 2832 622 2883 postulent;
647 2831 865 2882 ajuntque
887 2842 934 2870 se
956 2830 1001 2869 in
1030 2836 1263 2870 conventu
1293 2830 1434 2870 totius
1456 2829 1645 2879 ordinis,
1681 2840 1786 2869 cum
1806 2828 1866 2868 ad

297 2992 305 3010 ¹
348 2992 468 3018 Patres
485 2992 619 3019 Ordinis
634 2993 671 3019 Β.
687 2992 727 3019 M.
746 2992 897 3026 Virginis
914 2992 951 3019 de
969 2991 1131 3023 Mercede,
1147 2998 1207 3025 pro
1224 2991 1453 3024 redemptione
1470 2989 1695 3024 captivorum.
