1987 3260
851 197 884 232 A
895 207 930 233 N.
962 196 1048 234 1551
1717 194 1757 230 21

137 295 399 337 certissima
433 292 653 333 bonitatis
686 292 880 342 indicia,
918 291 1053 331 fidem
1087 290 1220 330 nobis
1248 289 1358 329 fecit
1384 289 1638 329 maximam
1666 289 1764 340 ejus

139 366 261 418 spei,
288 375 427 416 quam
454 371 497 403 et
524 363 612 414 ipsi
642 362 698 402 dc
723 363 795 402 his
823 362 1121 413 concepimus
1155 366 1199 400 et
1231 360 1334 400 aliis
1370 359 1643 411 praedicare
1672 371 1765 399 non

144 435 469 477 dubitavimus.
494 432 660 473 Carnis
681 439 725 472 ct
746 433 962 483 propriae
983 431 1236 472 voluntatis
1265 432 1329 478 (ut
1359 430 1422 469 ita
1452 430 1619 480 dicam)
1650 441 1766 470 mor-

145 505 384 547 tificationi
405 510 448 544 et
480 504 780 554 abnegationi
810 503 874 542 sic
904 515 962 542 ex
996 502 1150 542 animo
1182 506 1354 541 vacant
1384 507 1427 540 et
1464 500 1687 550 hilariter,
1720 506 1768 540 ut

146 577 358 617 omnibus
399 574 717 623 admirationi,
753 574 887 613 nobis
921 584 1035 613 vero
1070 573 1210 612 etiam
1241 571 1408 623 pudori
1446 571 1551 611 sint.
1588 571 1769 611 Praeci-

147 658 234 699 pue
268 657 382 686 vero
417 645 595 695 stupori
630 650 713 689 est,
748 649 791 683 et
827 655 974 694 paene
1009 642 1164 683 multis
1197 653 1290 682 non
1323 641 1509 682 videtur
1541 642 1768 692 naturale,

147 718 270 769 quod
291 716 496 756 omnium
518 715 881 755 domesticorum
903 725 1093 754 suorum
1112 719 1242 753 tanta
1263 724 1344 753 eos
1364 713 1485 763 cepit
1505 713 1700 761 oblivio,
1724 718 1772 752 ut

149 801 205 828 ne
242 799 401 828 eorum
428 786 634 837 quidem,
665 797 784 836 quae
812 785 1061 836 aliquando
1088 784 1177 836 ipsi
1211 783 1336 824 domi
1363 783 1589 833 fecerunt,
1622 795 1772 823 recor-

150 859 337 899 dentur:
375 864 419 897 et
459 857 498 896 si
529 856 602 896 cui
636 856 754 896 forte
788 862 865 895 aut
900 855 1058 895 fratris
1097 860 1176 895 aut
1215 855 1405 894 alterius
1439 854 1774 905 consanguinei

152 941 276 969 mors
309 927 555 968 nuncietur
591 929 714 974 (nam
750 927 837 966 hoc
872 926 1046 966 factum
1081 925 1396 977 superioribus
1426 925 1587 965 diebus
1616 931 1666 965 ut
1698 925 1776 964 uni

151 1000 314 1049 frater,
345 998 422 1050 qui
455 996 676 1037 sacerdos
708 1003 822 1047 erat,
854 997 986 1036 alteri
1013 1007 1260 1047 germana,
1290 996 1368 1036 alii
1389 996 1529 1036 etiam
1549 1008 1608 1036 ex
1629 1001 1776 1035 matre

151 1071 260 1110 avia
287 1075 471 1109 mortua
508 1068 580 1111 sit]
611 1080 704 1108 non
731 1068 880 1107 solum
902 1079 997 1107 non
1025 1067 1310 1107 commoveri
1335 1067 1606 1118 quicquam,
1632 1067 1713 1107 sed
1734 1073 1777 1107 et

153 1141 289 1181 hilari
316 1140 468 1180 fronte
499 1140 712 1189 accipere
740 1139 1010 1189 videantur,
1044 1138 1247 1190 illudque
1273 1150 1416 1178 unum
1449 1137 1776 1189 respondeant,

154 1218 316 1263 optare
337 1223 386 1250 se
407 1216 456 1250 ut
487 1220 647 1250 eorum
678 1209 833 1249 anima
854 1209 1117 1260 requiescat
1150 1209 1198 1249 in
1218 1221 1347 1260 pace.
1373 1208 1507 1260 Quod
1534 1209 1573 1249 si
1594 1209 1779 1260 quando

155 1286 280 1331 (nam
318 1282 407 1321 hoc
445 1291 552 1320 raro
597 1279 888 1329 conceditur,
930 1290 1079 1330 neque
1114 1279 1287 1330 absque
1327 1280 1418 1319 alio
1451 1282 1684 1327 nostrum)
1722 1280 1781 1319 ad

155 1364 266 1392 suos
295 1352 403 1391 dum
431 1350 611 1401 aegroti
638 1349 918 1390 decumbunt
939 1349 1228 1400 invisendos,
1260 1350 1414 1400 rogati
1441 1363 1467 1390 a
1494 1351 1778 1401 parentibus,

149 1434 233 1463 eos
260 1422 552 1471 dimittimus,
581 1420 745 1460 videas
770 1421 890 1460 inter
919 1420 1131 1460 virorum
1157 1421 1492 1472 mulierumque
1513 1422 1782 1473 lachrymas

154 1493 551 1534 adolescentulum
583 1491 721 1531 siccis
755 1491 911 1541 genis,
955 1491 1079 1530 virili
1117 1497 1307 1542 pectore
1346 1492 1571 1543 senilique
1610 1499 1778 1540 mente,

155 1564 370 1616 quamvis
390 1575 506 1603 voce
528 1563 705 1614 puerili,
736 1561 1065 1602 adhortantem
1087 1573 1281 1613 aegrum
1294 1561 1621 1614 jubentemque
1643 1564 1699 1603 de
1720 1564 1780 1603 di-

157 1636 266 1675 vina
289 1634 609 1674 misericordia
626 1634 742 1673 bene
764 1644 968 1684 sperare,
993 1639 1271 1684 caeteraque
1294 1632 1640 1685 admonentem,
1665 1646 1783 1685 quae

158 1713 266 1746 tunc
305 1705 529 1756 temporis
557 1706 706 1744 solent
734 1716 834 1744 esse
873 1704 1140 1754 utilissima,
1171 1710 1215 1744 et
1242 1704 1426 1744 demum
1454 1705 1617 1744 eodem
1656 1706 1783 1745 vultu

159 1784 295 1828 atque
318 1776 459 1816 animi
498 1776 664 1815 robore
703 1775 891 1815 domum
913 1775 971 1815 ad
992 1787 1075 1814 nos
1106 1775 1299 1825 reverti,
1324 1787 1413 1826 quo
1436 1783 1542 1815 ante
1564 1776 1784 1816 discesse-

158 1854 278 1898 rant,
303 1847 736 1899 obstupescentibus
758 1853 801 1886 et
819 1846 950 1897 quasi
967 1847 1357 1897 conquerentibus
1381 1847 1544 1886 amicis
1568 1847 1623 1887 de
1643 1847 1786 1887 nimia

158 1919 326 1959 duritie
363 1918 445 1967 (sic
483 1918 607 1958 enim
640 1918 752 1969 ipsis
788 1917 1066 1968 appellanda
1099 1917 1300 1966 Videtur)
1335 1924 1378 1957 et
1409 1918 1648 1968 impietate
1679 1918 1786 1958 ado-

160 1990 395 2039 lescentis,
433 2001 539 2029 cum
569 1995 724 2028 tamen
755 1989 891 2027 unica
921 1988 978 2027 sit
1004 1988 1152 2038 pietas
1174 1988 1220 2027 in
1248 1989 1335 2027 hoc
1364 1999 1535 2039 genere
1563 2000 1665 2029 esse
1695 2001 1786 2029 non

161 2061 302 2111 pium.

240 2130 492 2170 Proficiunt
514 2136 558 2169 et
578 2129 643 2169 illi
665 2130 710 2169 in
731 2128 916 2179 studiis,
941 2135 985 2168 et
1006 2140 1065 2168 ex
1086 2129 1158 2168 his
1180 2141 1275 2176 sex,
1302 2130 1380 2181 qui
1400 2130 1555 2169 latinis
1583 2130 1719 2170 simul
1747 2137 1790 2170 et

162 2202 348 2252 graecis
387 2201 551 2240 litteris
593 2206 784 2249 vacant,
827 2200 1119 2251 quadruplici
1157 2201 1493 2252 compositione
1527 2201 1791 2242 alternatim

163 2277 456 2321 exercentur,
482 2271 703 2311 metricae
725 2271 902 2310 scilicet
924 2277 968 2310 et
989 2272 1168 2311 solutae
1190 2272 1414 2311 orationis
1442 2272 1681 2324 utriusque
1711 2273 1792 2312 lin—

166 2354 301 2391 guae.
326 2342 431 2392 His,
455 2342 575 2382 sicut
596 2347 640 2381 et
661 2341 814 2388 nobis,
837 2342 911 2380 lex
933 2347 1022 2391 est,
1054 2348 1103 2381 ut
1131 2342 1257 2382 domi
1284 2343 1424 2382 latine
1453 2344 1716 2395 loquantur,
1750 2351 1793 2384 et

168 2414 336 2453 habent
358 2424 468 2452 suas
489 2412 790 2464 repetitiones
812 2412 996 2452 statutis
1019 2412 1166 2463 horis,
1191 2419 1236 2453 et
1262 2425 1616 2465 nonnumquam
1643 2415 1794 2466 dispu-

165 2485 382 2524 tationes.
407 2482 497 2524 Sed
515 2482 610 2534 jam
632 2483 687 2523 de
708 2483 988 2523 domesticis.

246 2554 547 2606 Reliquorum
567 2554 956 2593 scholasticorum
978 2554 1166 2605 quidam
1187 2561 1372 2606 octavo,
1398 2556 1586 2607 quidam
1616 2556 1796 2596 decimo

166 2625 326 2676 quinto
349 2636 530 2676 quoque
552 2624 625 2664 die
647 2623 949 2664 confitentur:
973 2630 1080 2664 sunt
1102 2625 1241 2665 etiam
1264 2626 1430 2677 quibus
1451 2627 1564 2666 satis
1586 2632 1655 2667 est
1677 2639 1798 2667 com-

168 2707 354 2736 munem
374 2696 642 2736 scholarum
663 2701 929 2735 nostrarum
951 2696 1081 2747 sequi
1103 2697 1505 2747 consuetudinem,
1531 2704 1580 2737 ut
1605 2698 1799 2749 singulis·

169 2767 405 2806 mensibus
428 2767 487 2806 ad
508 2766 748 2806 minimum
769 2766 1092 2807 confiteantur.
1115 2767 1311 2819 Jamque
1334 2769 1499 2808 horum
1520 2769 1709 2819 quidam
1736 2770 1799 2808 ita

173 2836 491 2887 profecerunt,
522 2848 615 2876 non
637 2837 789 2877 dicam
816 2837 862 2877 in
889 2838 1152 2878 litterarum
1182 2839 1355 2889 studio,
1389 2851 1498 2878 nam
1526 2839 1613 2879 hoc
1642 2846 1686 2879 et
1715 2840 1801 2891 ipsi

172 2914 450 2958 agnoscunt,
475 2907 555 2947 sed
574 2908 620 2947 in
641 2908 974 2959 spiritualibus,
995 2915 1044 2949 ut
1060 2910 1176 2949 alios
1193 2910 1335 2949 etiam
1352 2916 1595 2961 venentur,
1620 2922 1736 2961 quos
1756 2912 1802 2951 in

175 2977 296 3017 idem
317 2984 413 3018 rete
435 2989 594 3017 secum
615 2978 818 3025 trahant,
844 2980 1143 3031 succeditque
1164 2980 1255 3020 illis
1277 2981 1364 3020 hoc
1382 2992 1499 3031 opus
1516 2981 1641 3021 haud
1659 2981 1801 3021 infeli-

367 3052 416 3090 T.
447 3064 474 3090 1.

1573 3068 1610 3090 21
