1987 3260
834 155 915 192 Ax.
947 154 1038 191 1552
1681 153 1752 190 607

847 606 1033 661 CXLI

198 847 452 895 Alphonsus
473 845 645 891 Davila,

246 910 315 949 Ex
334 908 655 947 commissione
675 908 818 945 Patris
838 906 1065 944 Michaelis
1085 905 1138 943 de
1158 904 1335 948 Torres,

296 976 415 1013 Patri
433 975 601 1022 Ignatio
621 973 674 1010 de
693 973 878 1020 Loyola.

341 1039 624 1083 Salmantica,
645 1038 692 1074 30
713 1037 878 1084 Aprilis
900 1036 990 1073 1552
1011 1037 1034 1071 ¹.

898 1155 996 1231 11'515

211 1318 344 1369 Quod
371 1329 420 1357 se
447 1316 600 1366 offert,
630 1315 897 1355 venerande
926 1314 1084 1364 Pater,
1115 1319 1300 1364 praeter
1334 1324 1402 1362 ea,
1436 1323 1555 1362 quae
1590 1310 1760 1350 abhinc

128 1396 328 1442 quatuor
354 1388 588 1428 mensibus
615 1386 785 1426 missae
814 1387 996 1425 litterae
1030 1382 1476 1435 complectebantur,
1514 1380 1645 1432 cujus
1676 1380 1758 1420 Pa·

129 1461 395 1500 ternitatem
428 1465 556 1498 tuam
591 1458 840 1497 certiorem
870 1456 1026 1496 facere
1061 1455 1245 1504 deceat,
1283 1454 1329 1493 id
1363 1453 1437 1492 vel
1476 1452 1680 1492 maxime
1715 1451 1761 1490 in

129 1531 394 1583 praesentia
416 1537 500 1580 est,
523 1528 676 1569 Deum
691 1534 918 1578 nostrum,
938 1527 1058 1566 sicut
1075 1524 1504 1575 indulgentissimus
1523 1528 1593 1562 est
1608 1528 1757 1574 pater,

129 1603 193 1642 ita
215 1614 238 1642 e
259 1600 544 1652 benignitate
566 1611 650 1639 sua
671 1598 1098 1650 frequentissimam
1119 1603 1163 1636 et
1184 1595 1468 1635 uberrimam
1495 1593 1610 1633 satis
1631 1603 1758 1632 exer-

130 1672 402 1713 citationum
422 1670 604 1722 copiam
626 1669 759 1709 nobis
779 1669 1005 1720 praebere
1026 1673 1166 1718 atque
1186 1665 1563 1706 subministrare:
1594 1663 1641 1702 in
1669 1662 1764 1713 qui-

131 1745 217 1784 bus
246 1743 344 1782 sine
374 1741 718 1781 intermissione
748 1740 864 1790 ulla,
896 1738 992 1790 ejus
1020 1737 1247 1789 adjutrice
1275 1743 1320 1777 et
1348 1735 1576 1786 largiente
1607 1745 1762 1781 manU,

131 1825 376 1855 versamur
411 1823 798 1863 exercemurque,
843 1810 968 1850 haud
1011 1810 1110 1849 sine
1150 1819 1323 1860 magna
1366 1807 1553 1859 quidem
1592 1805 1766 1846 Christi

132 1886 336 1925 fidelium
357 1890 401 1923 et
421 1883 617 1923 utilitate
638 1889 680 1922 et
703 1881 931 1934 spirituali
953 1880 1289 1920 aedificatione.
1320 1877 1608 1921 Confitentur
1641 1875 1763 1915 enim

137 1963 180 1997 et
201 1956 247 1996 in
269 1956 390 1995 illius
412 1954 686 2005 angelorum
712 1953 846 2005 panis
866 1952 1094 1992 fractione
1122 1956 1291 1990 octavo
1319 1960 1501 2000 quoque
1530 1948 1602 1987 die
1631 1947 1766 1998 pleri-

137 2039 225 2079 que
247 2024 519 2066 scholastici
542 2024 782 2063 nobiscum
803 2022 1168 2063 communicant:
1193 2032 1390 2072 quorum
1411 2029 1654 2068 numerus,
1680 2017 1767 2056 etsi

136 2095 588 2150 quinquagenarium
627 2106 721 2134 non
762 2094 982 2143 excedat,
1021 2091 1169 2143 major
1209 2097 1364 2131 tamen
1406 2089 1573 2141 quippe
1613 2094 1682 2128 est
1721 2093 1765 2127 et

135 2168 364 2221 grandior
394 2176 533 2217 quam
560 2165 868 2216 quorumdam
902 2163 1133 2213 malignus
1164 2167 1209 2201 et
1236 2161 1521 2200 christianae
1555 2158 1769 2198 felicitati

137 2240 378 2291 religionis
406 2237 591 2279 invidus
625 2242 900 2276 eventurum
935 2233 1071 2273 nobis
1105 2231 1435 2284 praesagiebat
1466 2230 1662 2270 animus.
1702 2229 1770 2268 Eo

138 2311 417 2362 praesertim
452 2308 572 2361 quod
607 2318 768 2347 eorum
801 2305 946 2355 multi,
971 2315 1064 2344 non
1094 2315 1153 2343 ex
1182 2302 1339 2342 infima
1372 2301 1505 2353 plebe
1534 2300 1615 2341 sed
1649 2301 1769 2339 inter

138 2388 352 2422 caeteros
373 2380 508 2432 hujus
529 2376 883 2426 Universitatis,
907 2381 1004 2417 tum
1024 2374 1211 2425 generis
1232 2372 1474 2413 nobilitate
1503 2371 1766 2420 clarissimi,

140 2460 239 2493 tum
260 2452 447 2503 ingenio
468 2446 882 2502 praestantissimi,
913 2450 1292 2485 annumerentur.
1326 2442 1422 2483 Nec
1450 2442 1616 2482 desunt
1646 2441 1768 2488 huic,

200 2588 209 2608 ¹
250 2586 497 2620 Autographae
523 2583 660 2610 litterae
685 2586 760 2609 sunt
784 2582 816 2609 in
840 2581 918 2608 folio
943 2579 1067 2614 duplici
1091 2587 1145 2608 nn.
1172 2578 1222 2605 180
1246 2582 1278 2605 et
1302 2577 1465 2605 181.—Est
1489 2581 1522 2604 et
1549 2584 1667 2604 earum
1688 2577 1773 2604 satis

148 2635 407 2662 cmendatarum
423 2637 455 2658 ct
478 2632 735 2658 dcem-tatarum
750 2628 985 2663 apographum
1001 2627 1033 2654 in
1048 2627 1104 2653 sol.
1125 2626 1159 2653 88
1175 2625 1256 2653 Cod.
1273 2625 1456 2652 155l.—Nos
1471 2618 1524 2651 hic
1541 2623 1774 2658 autographas

147 2682 418 2709 transcribimus.
433 2679 469 2706 In
485 2679 541 2711 iis,
558 2682 592 2705 ut
612 2677 737 2711 legenti
754 2676 852 2703 facile
869 2679 976 2709 patet,
995 2675 1165 2702 iterantur
1186 2673 1310 2706 multa,
1334 2680 1419 2706 quae
1445 2671 1477 2699 in
1502 2671 1646 2704 litteris,
1660 2671 1776 2698 eodem

143 2731 195 2757 die
213 2734 245 2756 et
264 2730 336 2755 loco
349 2727 448 2759 datis,
471 2734 554 2760 quas
566 2726 670 2752 habes
688 2724 744 2750 hic
757 2725 817 2750 sub
839 2730 870 2750 n.
896 2721 1081 2754 CXXXIX,
1104 2720 1276 2755 hispanice
1302 2719 1480 2746 enarravit
1496 2719 1779 2746 Bartholomaeus

146 2774 460 2805 Hernandez.—ll·ic
477 2773 671 2807 Alphonsus
686 2771 830 2805 Davila,
851 2778 909 2798 seu
923 2770 1036 2804 potius
1052 2770 1094 2796 de
1112 2769 1234 2800 Avila,
1247 2769 1348 2802 paulo
1364 2771 1439 2801 post
1455 2774 1556 2800 quam
1571 2765 1779 2793 Societatem

144 2825 317 2858 ingressus
332 2827 392 2855 cst,
409 2827 527 2848 nomen
543 2819 690 2847 mutavit
707 2823 739 2846 et
754 2818 871 2845 vocari
887 2816 999 2851 coepit
1015 2816 1189 2843 Basilius.
1209 2815 1293 2849 Ejus
1306 2819 1405 2848 gesta
1418 2814 1494 2841 vide
1514 2814 1547 2841 in
1562 2813 1723 2840 Historia
1736 2813 1778 2839 dc

146 2873 180 2898 la
196 2870 395 2898 Asistencia
412 2869 453 2895 dc
471 2868 614 2902 Espatia
630 2868 733 2899 (mss.)
747 2873 809 2900 por
825 2866 855 2892 el
878 2865 912 2892 Ρ,
927 2865 962 2891 Ρ.
978 2872 1021 2891 DE
1036 2863 1290 2894 Runmssxmm,
1306 2863 1326 2889 l.
1342 2869 1376 2895 11,
1389 2869 1462 2896 cap.
1481 2862 1508 2895 9,
1524 2865 1556 2888 et
1572 2860 1605 2887 in
1617 2860 1778 2887 Historia

148 2920 189 2946 de
205 2919 239 2945 Ia
257 2918 446 2944 Provincia
463 2916 504 2942 de
520 2913 730 2945 Audalmia,
746 2913 940 2940 auctoribus
962 2911 1117 2939 MARTmo
1139 2917 1182 2937 DE
1203 2909 1277 2936 ROA
1299 2914 1331 2936 et
1353 2909 1484 2942 JOANNE
1505 2907 1734 2939 SAxrtvas‘Ez,
1750 2910 1782 2934 et

151 2967 183 2994 in
198 2973 297 3000 opere
322 2964 476 2991 Varones
490 2963 635 2989 ilustree
651 2961 741 2988 dela
758 2959 948 2994 Campania
965 2959 1006 2985 de
1021 2957 1140 2993 sestis,
1155 2961 1178 2984 ι’.
1193 2964 1240 2990 xx,
1256 2964 1332 2991 pag.
1348 2956 1365 2983 7
1379 2959 1412 2982 et
1427 2963 1496 2990 seq.
