1987 3260
223 159 292 195 640
734 160 957 196 LITTERAE
985 170 1338 202 QUADRlMESTREs

224 254 343 294 ferre
365 255 536 305 posset)
558 255 855 294 exclamavit:
874 255 991 304 Ego,
1012 255 1211 305 domine,
1230 255 1399 294 faciam
1420 256 1541 307 quod
1562 258 1705 296 voles.
1726 258 1843 298 Tum

224 325 318 375 ille,
356 337 503 375 neque
531 325 653 364 enim
677 336 845 364 vocem
879 324 976 375 ejus
1011 331 1288 376 agnoverat,
1320 326 1429 365 licet
1456 332 1500 366 et
1526 326 1689 366 adesse
1718 328 1845 367 illum

225 395 365 435 sciret
391 402 436 434 et
470 395 619 446 ipsum
653 395 855 434 maxime
884 402 1082 446 peteret:
1115 396 1292 446 ecquis,
1329 396 1498 448 inquit,
1535 403 1584 436 tu
1619 398 1692 437 es?
1725 397 1843 448 Ego,

225 465 370 516 inquit
404 466 499 514 ille,
538 465 838 505 Sebastianus
872 465 1170 506 Ansalonius.
1209 466 1393 517 Quanta
1429 467 1487 507 ad
1520 467 1642 507 hanc
1681 480 1846 508 vocem

222 536 368 574 mixta
389 536 558 575 suerint
579 536 783 575 omnium
804 537 1026 587 lacrymis
1045 537 1216 587 gaudia
1238 549 1419 588 eorum,
1444 538 1521 589 qui
1548 544 1720 578 statum
1748 538 1847 590 ejus

224 606 521 660 habitumque
542 612 795 655 noverant,
820 606 908 646 Dei
937 607 1307 647 misericordiam
1334 609 1716 659 collaudantium,
1750 611 1845 650 nul-

222 677 276 715 lis
298 687 385 726 ego
408 677 574 716 litteris
595 677 830 728 explicare
853 689 1033 728 queam.
1057 677 1146 718 Sed
1166 690 1432 729 pergamus.
1453 678 1651 719 Ostensa
1673 681 1844 731 populo

223 758 360 786 cruce
382 753 425 786 et
447 747 670 786 concione
690 747 885 787 feliciter
907 747 1118 796 dimissa,
1142 749 1361 800 promissi
1387 761 1680 801 nequaquam
1708 749 1843 790 Seba-

223 818 400 857 stianus
422 818 677 867 immemor,
702 818 747 856 in
768 818 915 869 Asylo
940 818 949 836 ¹
972 819 1130 870 templi
1153 820 1301 859 nostri
1329 820 1631 860 transiturum
1662 821 1846 861 concio-

221 894 433 928 natorem
455 894 728 939 exspectare
756 889 921 939 Voluit,
954 895 1002 928 ut
1031 890 1377 941 amplexaretur
1405 891 1451 930 in
1479 892 1637 930 osculo
1666 897 1844 940 sancto;

223 959 345 1010 quod
367 966 415 998 ut
437 958 610 998 factum
631 965 721 1009 est,
746 960 902 999 statim
924 971 972 999 se
993 961 1184 1011 negavit
1206 973 1232 1000 a
1254 961 1387 1001 nobis
1414 962 1666 1010 exiturum,
1700 962 1847 1002 donec

222 1042 339 1081 quae
361 1030 639 1080 promiserat
659 1030 982 1081 praestitisset.
1006 1031 1161 1071 Missis
1184 1032 1339 1083 itaque
1359 1033 1525 1072 litteris
1547 1032 1605 1072 ad
1625 1032 1739 1072 Rum
1766 1033 1847 1073 hu-

219 1100 294 1150 jus
315 1100 443 1140 urbis
464 1100 731 1151 Vicarium,
756 1100 885 1151 cujus
907 1101 1005 1152 ipse
1025 1102 1169 1142 frater
1191 1109 1280 1153 est,
1305 1103 1470 1154 quibus
1492 1103 1582 1143 hac
1603 1103 1659 1143 de
1679 1115 1728 1142 re
1751 1115 1846 1143 cer-

223 1171 389 1210 tiorem
423 1183 527 1210 eum
560 1171 755 1221 faceret,
786 1184 877 1211 non
904 1173 1185 1212 mediocrem
1213 1174 1253 1213 ei
1282 1173 1507 1213 laetitiam
1542 1174 1709 1214 attulit.
1741 1173 1846 1225 Jam

223 1242 401 1291 pridem
422 1241 544 1280 enim
570 1248 619 1280 ut
650 1242 706 1281 ab
738 1242 842 1282 odio
864 1241 1165 1283 Sebastianus
1193 1250 1399 1283 cessaret
1430 1251 1689 1295 optaverat.
1719 1244 1846 1284 Misit

221 1318 265 1352 et
287 1312 345 1351 ad
366 1324 474 1351 suos
494 1313 736 1362 nuncium,
761 1313 839 1363 qui
866 1325 948 1352 suo
972 1315 1158 1354 nomine
1186 1314 1392 1365 referret,
1417 1315 1506 1354 nisi
1535 1315 1623 1354 sibi
1655 1316 1845 1355 assenti-

220 1389 321 1422 rent
343 1389 391 1422 ut
411 1383 532 1422 hanc
554 1382 770 1434 injuriam
787 1384 1051 1434 dimitteret,
1072 1385 1258 1424 domum
1276 1397 1324 1425 se
1345 1391 1554 1424 nostram
1575 1396 1670 1424 non
1691 1396 1844 1436 egres-

221 1465 399 1504 surum,
423 1454 690 1504 statimque,
716 1454 946 1494 advocato
969 1456 1121 1495 scriba
1141 1456 1349 1506 publico,
1374 1456 1608 1506 omnibus,
1633 1462 1677 1495 et
1699 1456 1776 1507 qui
1797 1456 1843 1495 in

222 1536 411 1564 carcere
446 1536 529 1563 sua
565 1536 707 1564 causa
739 1525 1069 1576 detinerentur,
1099 1533 1142 1566 et
1176 1527 1253 1578 qui
1280 1527 1390 1566 urbe
1418 1527 1463 1566 in
1495 1527 1685 1566 exilium
1712 1525 1841 1576 ejecti

220 1601 396 1645 essent,
432 1596 577 1635 libero
611 1595 839 1646 hilarique
870 1597 1024 1636 animo
1053 1598 1274 1648 pepercit.
1309 1599 1366 1638 Et
1391 1597 1487 1648 jam
1522 1598 1660 1648 longe
1695 1588 1856 1637 levior

219 1666 391 1715 factus,
422 1666 478 1706 de
505 1666 765 1706 confitendo
797 1668 1005 1717 cogitare
1035 1669 1205 1719 coepit,
1235 1674 1482 1720 tantusque
1511 1669 1633 1708 hunc
1664 1669 1846 1719 peccati

220 1737 429 1776 mortalis
459 1737 579 1788 cepit
600 1738 768 1776 horror
797 1744 935 1789 atque
963 1739 1148 1778 aversio
1178 1740 1381 1790 (egregie
1403 1740 1632 1790 siquidem
1661 1740 1751 1779 hoc
1780 1740 1844 1779 in-

219 1808 489 1847 culcaverat
511 1808 811 1848 concionator
832 1809 944 1848 nihil
964 1816 1157 1860 peccato
1179 1810 1364 1849 mortali
1385 1811 1568 1860 tetrius,
1599 1810 1720 1861 quod
1753 1822 1846 1849 una

217 1879 378 1918 fuisset
401 1890 543 1918 causa
565 1890 647 1918 cur
669 1878 880 1918 Christus
901 1880 1174 1930 pateretur),
1199 1881 1288 1929 sic,
1313 1881 1521 1932 inquam,
1545 1882 1633 1921 hoc
1657 1888 1846 1932 repente

218 1955 463 1988 aversatus
484 1955 567 1998 est,
588 1955 636 1989 ut
657 1961 706 1989 se
726 1961 964 2001 nunquam
985 1950 1205 2001 deinceps
1226 1952 1420 1991 mortale
1441 1952 1617 1991 crimen
1635 1952 1844 1992 commis-

218 2031 375 2059 surum
397 2026 725 2059 asseveranter
747 2021 935 2071 diceret;
958 2021 1098 2060 immo
1120 2034 1232 2061 vero
1250 2028 1420 2061 octavo
1441 2033 1623 2073 quoque
1641 2022 1713 2061 die
1737 2034 1844 2061 con-

218 2090 465 2140 sessurum3
489 2091 612 2141 quod
634 2097 677 2130 et
697 2091 931 2131 facturum
953 2091 1245 2143 confidimus;
1269 2104 1377 2132 nam
1408 2100 1452 2132 et
1480 2093 1613 2132 nobis
1641 2100 1709 2132 est
1737 2093 1842 2132 affe-

218 2161 467 2211 ctissimus,
492 2168 535 2200 et
557 2162 602 2201 in
625 2163 794 2213 templo
815 2168 975 2202 nostro
999 2163 1313 2203 lubentissime
1331 2169 1562 2203 versatur.

296 2231 509 2281 Replevit
531 2231 665 2283 hujus
685 2232 752 2272 rei
773 2232 896 2272 fama
918 2245 1011 2272 non
1031 2233 1296 2273 Messanam
1318 2234 1454 2274 modo
1474 2234 1556 2274 sed
1575 2234 1845 2273 universam

217 2302 377 2351 etiam,
402 2308 448 2341 ut
471 2303 602 2341 nobis
623 2303 897 2353 retulerunt,
922 2302 1141 2343 Siciliam,
1166 2304 1261 2344 Nec
1282 2305 1510 2344 immerito
1534 2316 1646 2344 sane
1673 2304 1842 2344 Messa-

216 2372 435 2411 nensibus
454 2373 629 2422 ingenti
644 2372 729 2412 suit
746 2374 933 2424 gaudio,
953 2375 1172 2425 quoniam
1189 2375 1343 2414 multis
1360 2375 1475 2414 haec
1494 2387 1569 2415 res
1587 2376 1748 2415 obesse
1766 2387 1842 2426 po-

216 2449 351 2482 terat.
368 2443 559 2482 Fatetur
571 2444 692 2482 enim
704 2444 778 2483 hic
791 2445 918 2484 hisce
932 2445 1065 2484 annis
1081 2452 1256 2496 septem
1270 2446 1324 2485 de
1338 2446 1460 2485 nulla
1474 2457 1523 2485 re
1540 2446 1692 2496 magis
1704 2457 1842 2496 quam

218 2513 272 2552 de
295 2513 570 2553 effundendo
593 2514 818 2564 sanguine
840 2526 888 2554 se
910 2516 1164 2566 cogitasse,
1189 2522 1236 2555 ut
1258 2517 1334 2567 qui
1351 2515 1447 2567 jam
1468 2517 1604 2567 plane
1626 2515 1843 2556 efferatus

218 2590 358 2631 esset,
382 2591 426 2624 et
448 2585 507 2624 ad
528 2596 662 2624 omne
684 2586 854 2636 scelus,
878 2586 1014 2626 sicuti
1036 2587 1133 2637 ipse
1155 2587 1238 2635 ait,
1262 2587 1610 2638 paratissimus,
1634 2587 1721 2626 hac
1752 2599 1840 2626 una

217 2655 496 2704 cogitatione
519 2654 741 2695 audacior
763 2656 821 2695 ad
843 2657 995 2696 omnia
1016 2657 1187 2707 factus,
1213 2657 1336 2708 quod
1357 2657 1441 2697 sibi
1463 2669 1555 2697 non
1588 2663 1709 2697 esset
1736 2669 1841 2697 con-

217 2724 447 2764 fitendum.
472 2725 631 2776 Neque
660 2726 782 2765 enim
808 2738 1009 2777 unquam
1041 2734 1143 2778 post
1171 2734 1388 2779 coeptum
1415 2728 1569 2767 odium
1598 2727 1839 2768 confessus

268 2909 277 2927 ¹
316 2909 348 2934 in
366 2909 665 2943 (ilrz'0‚l'OLANC1?s,
684 2910 817 2943 (Jlll'‹)ll.,
832 2915 854 2937 t.
872 2918 903 2943 11,
920 2919 995 2944 pag.
1020 2912 1080 2942 ΝΗ,
1106 2919 1135 2938 n.
1162 2912 1227 2943 27³1&
1254 2913 1306 2946 qui
1335 2917 1447 2938 tamen
1463 2912 1495 2937 in
1513 2911 1721 2945 apographis
1739 2910 1840 2943 Asyla

216 2956 349 2988 reliquit
368 2956 590 2983 scribendum.
