<?xml version="1.0" encoding="UTF-8"?>
<!DOCTYPE html PUBLIC "-//W3C//DTD XHTML 1.0 Transitional//EN"
    "http://www.w3.org/TR/xhtml1/DTD/xhtml1-transitional.dtd">
<html xmlns="http://www.w3.org/1999/xhtml" xml:lang="en" lang="en">
 <head>
  <title>
</title>
<meta http-equiv="Content-Type" content="text/html;charset=utf-8" />
  <meta name='ocr-system' content='tesseract 3.04.00' />
  <meta name='ocr-capabilities' content='ocr_page ocr_carea ocr_par ocr_line ocrx_word'/>
</head>
<body>
  <div class='ocr_page' id='page_1' title='image "./litteraequadrime1301lain_0538.png"; bbox 0 0 1987 3260; ppageno 0'>
   <div class='ocr_carea' id='block_1_1' title="bbox 246 185 1367 226">
    <p class='ocr_par' dir='ltr' id='par_1_1' title="bbox 246 185 1367 226">
     <span class='ocr_line' id='line_1_1' title="bbox 246 185 1367 226; baseline -0.004 -3"><span class='ocrx_word' id='word_1_1' title='bbox 246 188 317 225; x_wconf 68' lang='lat'>532</span> <span class='ocrx_word' id='word_1_2' title='bbox 757 185 984 221; x_wconf 75' lang='lat' dir='ltr'>LirrERAE</span> <span class='ocrx_word' id='word_1_3' title='bbox 1011 192 1367 226; x_wconf 75' lang='lat' dir='ltr'>QUADRIMESTRES</span> 
     </span>
    </p>
   </div>
   <div class='ocr_carea' id='block_1_2' title="bbox 220 277 1867 3017">
    <p class='ocr_par' dir='ltr' id='par_1_2' title="bbox 239 277 1867 686">
     <span class='ocr_line' id='line_1_2' title="bbox 245 277 1866 334; baseline -0.004 -10"><span class='ocrx_word' id='word_1_4' title='bbox 245 284 452 334; x_wconf 88' lang='lat' dir='ltr'>recipere</span> <span class='ocrx_word' id='word_1_5' title='bbox 475 283 699 334; x_wconf 89' lang='lat' dir='ltr'>coeperit,</span> <span class='ocrx_word' id='word_1_6' title='bbox 724 281 902 330; x_wconf 87' lang='lat' dir='ltr'>divina,</span> <span class='ocrx_word' id='word_1_7' title='bbox 926 287 975 319; x_wconf 92' lang='lat' dir='ltr'>ut</span> <span class='ocrx_word' id='word_1_8' title='bbox 996 290 1258 331; x_wconf 89' lang='lat' dir='ltr'>speramus,</span> <span class='ocrx_word' id='word_1_9' title='bbox 1283 290 1368 329; x_wconf 89' lang='lat' dir='ltr'>ope</span> <span class='ocrx_word' id='word_1_10' title='bbox 1389 278 1448 318; x_wconf 90' lang='lat' dir='ltr'>ad</span> <span class='ocrx_word' id='word_1_11' title='bbox 1469 277 1724 329; x_wconf 77' lang='lat' dir='ltr'><strong>perfectam</strong></span> <span class='ocrx_word' id='word_1_12' title='bbox 1745 279 1866 318; x_wconf 90' lang='lat' dir='ltr'>sani-</span> 
     </span>
     <span class='ocr_line' id='line_1_3' title="bbox 243 349 1867 401; baseline -0.004 -7"><span class='ocrx_word' id='word_1_13' title='bbox 243 360 386 394; x_wconf 88' lang='lat' dir='ltr'>tatem</span> <span class='ocrx_word' id='word_1_14' title='bbox 422 354 553 393; x_wconf 91' lang='lat' dir='ltr'>brevi</span> <span class='ocrx_word' id='word_1_15' title='bbox 587 351 899 401; x_wconf 76' lang='lat' dir='ltr'>reducendus,</span> <span class='ocrx_word' id='word_1_16' title='bbox 939 356 1017 390; x_wconf 89' lang='lat' dir='ltr'>aut</span> <span class='ocrx_word' id='word_1_17' title='bbox 1052 356 1176 389; x_wconf 91' lang='lat' dir='ltr'>certe</span> <span class='ocrx_word' id='word_1_18' title='bbox 1205 362 1231 389; x_wconf 89' lang='lat' dir='ltr'>a</span> <span class='ocrx_word' id='word_1_19' title='bbox 1264 349 1490 389; x_wconf 90' lang='lat' dir='ltr'>bonorum</span> <span class='ocrx_word' id='word_1_20' title='bbox 1523 349 1867 400; x_wconf 79' lang='lat' dir='ltr'>insigniumque</span> 
     </span>
     <span class='ocr_line' id='line_1_4' title="bbox 242 419 1867 472; baseline -0.003 -7"><span class='ocrx_word' id='word_1_21' title='bbox 242 425 451 465; x_wconf 90' lang='lat' dir='ltr'>virorum</span> <span class='ocrx_word' id='word_1_22' title='bbox 484 424 733 472; x_wconf 88' lang='lat' dir='ltr'>consortio,</span> <span class='ocrx_word' id='word_1_23' title='bbox 765 434 854 472; x_wconf 89' lang='lat' dir='ltr'>quo</span> <span class='ocrx_word' id='word_1_24' title='bbox 886 421 1086 461; x_wconf 88' lang='lat' dir='ltr'>antehac</span> <span class='ocrx_word' id='word_1_25' title='bbox 1116 419 1406 460; x_wconf 78' lang='lat' dir='ltr'>familiariter</span> <span class='ocrx_word' id='word_1_26' title='bbox 1435 431 1547 460; x_wconf 91' lang='lat' dir='ltr'>usus</span> <span class='ocrx_word' id='word_1_27' title='bbox 1574 426 1664 470; x_wconf 91' lang='lat' dir='ltr'>est,</span> <span class='ocrx_word' id='word_1_28' title='bbox 1697 420 1867 471; x_wconf 82' lang='lat' dir='ltr'>nequid</span> 
     </span>
     <span class='ocr_line' id='line_1_5' title="bbox 241 490 1866 546; baseline -0.004 -10"><span class='ocrx_word' id='word_1_29' title='bbox 241 496 436 546; x_wconf 83' lang='lat' dir='ltr'>gravius</span> <span class='ocrx_word' id='word_1_30' title='bbox 472 494 668 535; x_wconf 90' lang='lat' dir='ltr'>ominari</span> <span class='ocrx_word' id='word_1_31' title='bbox 703 493 861 543; x_wconf 91' lang='lat' dir='ltr'>libeat,</span> <span class='ocrx_word' id='word_1_32' title='bbox 900 503 1005 532; x_wconf 92' lang='lat' dir='ltr'>cum</span> <span class='ocrx_word' id='word_1_33' title='bbox 1038 491 1190 542; x_wconf 90' lang='lat' dir='ltr'>potius</span> <span class='ocrx_word' id='word_1_34' title='bbox 1223 491 1337 530; x_wconf 89' lang='lat' dir='ltr'>nihil</span> <span class='ocrx_word' id='word_1_35' title='bbox 1371 502 1464 530; x_wconf 90' lang='lat' dir='ltr'>non</span> <span class='ocrx_word' id='word_1_36' title='bbox 1491 490 1772 541; x_wconf 89' lang='lat' dir='ltr'>sperandum</span> <span class='ocrx_word' id='word_1_37' title='bbox 1807 491 1866 530; x_wconf 92' lang='lat' dir='ltr'>sit</span> 
     </span>
     <span class='ocr_line' id='line_1_6' title="bbox 242 561 1865 617; baseline -0.003 -11"><span class='ocrx_word' id='word_1_38' title='bbox 242 567 372 617; x_wconf 91' lang='lat' dir='ltr'>boni,</span> <span class='ocrx_word' id='word_1_39' title='bbox 403 566 570 606; x_wconf 80' lang='lat' dir='ltr'>abhinc</span> <span class='ocrx_word' id='word_1_40' title='bbox 596 563 929 615; x_wconf 89' lang='lat' dir='ltr'>profligandus.</span> <span class='ocrx_word' id='word_1_41' title='bbox 966 562 1027 603; x_wconf 93' lang='lat' dir='ltr'>Ut</span> <span class='ocrx_word' id='word_1_42' title='bbox 1052 568 1100 602; x_wconf 90' lang='lat' dir='ltr'>ut</span> <span class='ocrx_word' id='word_1_43' title='bbox 1135 568 1290 601; x_wconf 89' lang='lat' dir='ltr'>tamen</span> <span class='ocrx_word' id='word_1_44' title='bbox 1318 561 1473 609; x_wconf 89' lang='lat' dir='ltr'>cedat,</span> <span class='ocrx_word' id='word_1_45' title='bbox 1508 573 1601 601; x_wconf 90' lang='lat' dir='ltr'>non</span> <span class='ocrx_word' id='word_1_46' title='bbox 1628 561 1744 601; x_wconf 90' lang='lat' dir='ltr'>levis</span> <span class='ocrx_word' id='word_1_47' title='bbox 1771 572 1865 601; x_wconf 92' lang='lat' dir='ltr'>mo-</span> 
     </span>
     <span class='ocr_line' id='line_1_7' title="bbox 239 634 1119 686; baseline -0.005 -9"><span class='ocrx_word' id='word_1_48' title='bbox 239 637 382 677; x_wconf 87' lang='lat' dir='ltr'>menti</span> <span class='ocrx_word' id='word_1_49' title='bbox 402 637 586 676; x_wconf 91' lang='lat' dir='ltr'>videtur</span> <span class='ocrx_word' id='word_1_50' title='bbox 606 635 703 674; x_wconf 86' lang='lat' dir='ltr'>fore</span> <span class='ocrx_word' id='word_1_51' title='bbox 722 634 845 686; x_wconf 91' lang='lat' dir='ltr'>quod</span> <span class='ocrx_word' id='word_1_52' title='bbox 865 639 1020 673; x_wconf 91' lang='lat' dir='ltr'>actum</span> <span class='ocrx_word' id='word_1_53' title='bbox 1036 639 1119 673; x_wconf 90' lang='lat' dir='ltr'>est.</span> 
     </span>
    </p>

    <p class='ocr_par' dir='ltr' id='par_1_3' title="bbox 225 702 1865 2312">
     <span class='ocr_line' id='line_1_8' title="bbox 319 702 1865 754; baseline -0.003 -7"><span class='ocrx_word' id='word_1_54' title='bbox 319 707 489 747; x_wconf 79' lang='lat' dir='ltr'>Paucis</span> <span class='ocrx_word' id='word_1_55' title='bbox 507 712 613 746; x_wconf 85' lang='lat' dir='ltr'>ante</span> <span class='ocrx_word' id='word_1_56' title='bbox 630 705 790 745; x_wconf 90' lang='lat' dir='ltr'>diebus</span> <span class='ocrx_word' id='word_1_57' title='bbox 807 704 934 744; x_wconf 90' lang='lat' dir='ltr'>venit</span> <span class='ocrx_word' id='word_1_58' title='bbox 950 704 1009 743; x_wconf 92' lang='lat' dir='ltr'>ad</span> <span class='ocrx_word' id='word_1_59' title='bbox 1032 715 1118 743; x_wconf 94' lang='lat' dir='ltr'>nos</span> <span class='ocrx_word' id='word_1_60' title='bbox 1133 704 1206 743; x_wconf 93' lang='lat' dir='ltr'>vir</span> <span class='ocrx_word' id='word_1_61' title='bbox 1227 709 1271 743; x_wconf 93' lang='lat' dir='ltr'>et</span> <span class='ocrx_word' id='word_1_62' title='bbox 1290 703 1539 754; x_wconf 89' lang='lat' dir='ltr'>gravitatis</span> <span class='ocrx_word' id='word_1_63' title='bbox 1561 709 1604 743; x_wconf 93' lang='lat' dir='ltr'>et</span> <span class='ocrx_word' id='word_1_64' title='bbox 1625 702 1865 743; x_wconf 90' lang='lat' dir='ltr'>doctrinae</span> 
     </span>
     <span class='ocr_line' id='line_1_9' title="bbox 236 774 1862 828; baseline -0.002 -10"><span class='ocrx_word' id='word_1_65' title='bbox 236 778 432 818; x_wconf 88' lang='lat' dir='ltr'>multum</span> <span class='ocrx_word' id='word_1_66' title='bbox 460 789 571 828; x_wconf 92' lang='lat' dir='ltr'>prae</span> <span class='ocrx_word' id='word_1_67' title='bbox 598 788 647 816; x_wconf 91' lang='lat' dir='ltr'>se</span> <span class='ocrx_word' id='word_1_68' title='bbox 676 776 852 825; x_wconf 88' lang='lat' dir='ltr'>ferens,</span> <span class='ocrx_word' id='word_1_69' title='bbox 882 776 1038 826; x_wconf 92' lang='lat' dir='ltr'>idque,</span> <span class='ocrx_word' id='word_1_70' title='bbox 1070 781 1118 814; x_wconf 91' lang='lat' dir='ltr'>ut</span> <span class='ocrx_word' id='word_1_71' title='bbox 1147 775 1298 814; x_wconf 89' lang='lat' dir='ltr'>visum</span> <span class='ocrx_word' id='word_1_72' title='bbox 1329 780 1418 824; x_wconf 92' lang='lat' dir='ltr'>est,</span> <span class='ocrx_word' id='word_1_73' title='bbox 1451 774 1662 814; x_wconf 87' lang='lat' dir='ltr'>tentandi</span> <span class='ocrx_word' id='word_1_74' title='bbox 1689 775 1862 825; x_wconf 87' lang='lat' dir='ltr'>gratia,</span> 
     </span>
     <span class='ocr_line' id='line_1_10' title="bbox 237 844 1863 895; baseline -0.002 -7"><span class='ocrx_word' id='word_1_75' title='bbox 237 860 341 889; x_wconf 87' lang='lat' dir='ltr'>cum</span> <span class='ocrx_word' id='word_1_76' title='bbox 366 848 573 888; x_wconf 90' lang='lat' dir='ltr'>nonnihil</span> <span class='ocrx_word' id='word_1_77' title='bbox 595 847 651 887; x_wconf 89' lang='lat' dir='ltr'>ab</span> <span class='ocrx_word' id='word_1_78' title='bbox 674 847 803 886; x_wconf 90' lang='lat' dir='ltr'>initio</span> <span class='ocrx_word' id='word_1_79' title='bbox 826 846 1073 886; x_wconf 90' lang='lat' dir='ltr'>cavillatus</span> <span class='ocrx_word' id='word_1_80' title='bbox 1094 846 1172 895; x_wconf 90' lang='lat' dir='ltr'>sit,</span> <span class='ocrx_word' id='word_1_81' title='bbox 1205 844 1325 885; x_wconf 90' lang='lat' dir='ltr'>unde</span> <span class='ocrx_word' id='word_1_82' title='bbox 1356 845 1730 895; x_wconf 83' lang='lat' dir='ltr'>ludimagistrum</span> <span class='ocrx_word' id='word_1_83' title='bbox 1761 856 1863 885; x_wconf 91' lang='lat' dir='ltr'>esse</span> 
     </span>
     <span class='ocr_line' id='line_1_11' title="bbox 235 915 1863 969; baseline -0.002 -10"><span class='ocrx_word' id='word_1_84' title='bbox 235 920 468 959; x_wconf 89' lang='lat' dir='ltr'>hominem</span> <span class='ocrx_word' id='word_1_85' title='bbox 490 918 712 969; x_wconf 87' lang='lat' dir='ltr'>suspicati</span> <span class='ocrx_word' id='word_1_86' title='bbox 733 929 908 967; x_wconf 90' lang='lat' dir='ltr'>sumus,</span> <span class='ocrx_word' id='word_1_87' title='bbox 932 917 1121 956; x_wconf 91' lang='lat' dir='ltr'>minime</span> <span class='ocrx_word' id='word_1_88' title='bbox 1142 928 1255 956; x_wconf 92' lang='lat' dir='ltr'>vero</span> <span class='ocrx_word' id='word_1_89' title='bbox 1276 916 1523 956; x_wconf 87' lang='lat' dir='ltr'>trivialem.</span> <span class='ocrx_word' id='word_1_90' title='bbox 1547 915 1610 966; x_wconf 86' lang='lat' dir='ltr'>Is,</span> <span class='ocrx_word' id='word_1_91' title='bbox 1642 916 1863 956; x_wconf 90' lang='lat' dir='ltr'>modestis</span> 
     </span>
     <span class='ocr_line' id='line_1_12' title="bbox 234 986 1861 1041; baseline -0.003 -11"><span class='ocrx_word' id='word_1_92' title='bbox 234 991 434 1041; x_wconf 88' lang='lat' dir='ltr'>primum</span> <span class='ocrx_word' id='word_1_93' title='bbox 465 989 845 1041; x_wconf 87' lang='lat' dir='ltr'>responsionibus</span> <span class='ocrx_word' id='word_1_94' title='bbox 867 988 1123 1038; x_wconf 84' lang='lat' dir='ltr'>demulsus,</span> <span class='ocrx_word' id='word_1_95' title='bbox 1148 987 1311 1027; x_wconf 90' lang='lat' dir='ltr'>deinde</span> <span class='ocrx_word' id='word_1_96' title='bbox 1333 986 1529 1026; x_wconf 88' lang='lat' dir='ltr'>instituti</span> <span class='ocrx_word' id='word_1_97' title='bbox 1549 986 1696 1026; x_wconf 88' lang='lat' dir='ltr'>nostri</span> <span class='ocrx_word' id='word_1_98' title='bbox 1717 992 1761 1026; x_wconf 91' lang='lat' dir='ltr'>et</span> <span class='ocrx_word' id='word_1_99' title='bbox 1783 987 1861 1026; x_wconf 94' lang='lat' dir='ltr'>do-</span> 
     </span>
     <span class='ocr_line' id='line_1_13' title="bbox 234 1057 1861 1111; baseline -0.001 -11"><span class='ocrx_word' id='word_1_100' title='bbox 234 1061 369 1100; x_wconf 90' lang='lat' dir='ltr'>cendi</span> <span class='ocrx_word' id='word_1_101' title='bbox 404 1060 585 1100; x_wconf 90' lang='lat' dir='ltr'>ratione</span> <span class='ocrx_word' id='word_1_102' title='bbox 620 1070 892 1111; x_wconf 85' lang='lat' dir='ltr'>persuasus,</span> <span class='ocrx_word' id='word_1_103' title='bbox 922 1064 1017 1098; x_wconf 90' lang='lat' dir='ltr'>toto</span> <span class='ocrx_word' id='word_1_104' title='bbox 1046 1070 1095 1097; x_wconf 94' lang='lat' dir='ltr'>se</span> <span class='ocrx_word' id='word_1_105' title='bbox 1121 1070 1179 1097; x_wconf 91' lang='lat' dir='ltr'>ex</span> <span class='ocrx_word' id='word_1_106' title='bbox 1205 1057 1360 1096; x_wconf 89' lang='lat' dir='ltr'>animo</span> <span class='ocrx_word' id='word_1_107' title='bbox 1388 1057 1521 1096; x_wconf 92' lang='lat' dir='ltr'>nobis</span> <span class='ocrx_word' id='word_1_108' title='bbox 1547 1057 1663 1097; x_wconf 92' lang='lat' dir='ltr'>bene</span> <span class='ocrx_word' id='word_1_109' title='bbox 1693 1069 1861 1109; x_wconf 90' lang='lat' dir='ltr'>cupere</span> 
     </span>
     <span class='ocr_line' id='line_1_14' title="bbox 234 1127 1855 1180; baseline -0.002 -9"><span class='ocrx_word' id='word_1_110' title='bbox 234 1144 289 1171; x_wconf 88' lang='lat' dir='ltr'>ac</span> <span class='ocrx_word' id='word_1_111' title='bbox 310 1131 470 1171; x_wconf 86' lang='lat' dir='ltr'>favere</span> <span class='ocrx_word' id='word_1_112' title='bbox 492 1131 729 1170; x_wconf 83' lang='lat' dir='ltr'>indicavit.</span> <span class='ocrx_word' id='word_1_113' title='bbox 755 1130 944 1171; x_wconf 87' lang='lat' dir='ltr'>Utinam</span> <span class='ocrx_word' id='word_1_114' title='bbox 966 1130 1221 1180; x_wconf 86' lang='lat' dir='ltr'>inspirante</span> <span class='ocrx_word' id='word_1_115' title='bbox 1245 1128 1345 1168; x_wconf 90' lang='lat' dir='ltr'>Deo</span> <span class='ocrx_word' id='word_1_116' title='bbox 1366 1127 1487 1167; x_wconf 92' lang='lat' dir='ltr'>idem</span> <span class='ocrx_word' id='word_1_117' title='bbox 1508 1127 1657 1168; x_wconf 85' lang='lat' dir='ltr'>faxint</span> <span class='ocrx_word' id='word_1_118' title='bbox 1679 1139 1855 1179; x_wconf 91' lang='lat' dir='ltr'>omnes,</span> 
     </span>
     <span class='ocr_line' id='line_1_15' title="bbox 232 1199 1861 1251; baseline -0.002 -10"><span class='ocrx_word' id='word_1_119' title='bbox 232 1208 281 1241; x_wconf 94' lang='lat' dir='ltr'>ut</span> <span class='ocrx_word' id='word_1_120' title='bbox 304 1208 429 1241; x_wconf 90' lang='lat' dir='ltr'>certe</span> <span class='ocrx_word' id='word_1_121' title='bbox 450 1213 542 1241; x_wconf 91' lang='lat' dir='ltr'>non</span> <span class='ocrx_word' id='word_1_122' title='bbox 562 1201 717 1241; x_wconf 86' lang='lat' dir='ltr'>facere</span> <span class='ocrx_word' id='word_1_123' title='bbox 738 1212 830 1240; x_wconf 90' lang='lat' dir='ltr'>non</span> <span class='ocrx_word' id='word_1_124' title='bbox 856 1206 1050 1251; x_wconf 89' lang='lat' dir='ltr'>possunt</span> <span class='ocrx_word' id='word_1_125' title='bbox 1071 1205 1296 1250; x_wconf 87' lang='lat' dir='ltr'>quotquot</span> <span class='ocrx_word' id='word_1_126' title='bbox 1317 1199 1409 1250; x_wconf 86' lang='lat' dir='ltr'>pia,</span> <span class='ocrx_word' id='word_1_127' title='bbox 1434 1204 1511 1238; x_wconf 92' lang='lat' dir='ltr'>aut</span> <span class='ocrx_word' id='word_1_128' title='bbox 1537 1199 1741 1249; x_wconf 87' lang='lat' dir='ltr'>ingenua</span> <span class='ocrx_word' id='word_1_129' title='bbox 1771 1199 1861 1239; x_wconf 89' lang='lat' dir='ltr'>sal—</span> 
     </span>
     <span class='ocr_line' id='line_1_16' title="bbox 232 1269 1858 1322; baseline -0.002 -10"><span class='ocrx_word' id='word_1_130' title='bbox 232 1278 339 1322; x_wconf 89' lang='lat' dir='ltr'>tem,</span> <span class='ocrx_word' id='word_1_131' title='bbox 364 1278 516 1311; x_wconf 91' lang='lat' dir='ltr'>mente</span> <span class='ocrx_word' id='word_1_132' title='bbox 538 1278 645 1311; x_wconf 91' lang='lat' dir='ltr'>sunt</span> <span class='ocrx_word' id='word_1_133' title='bbox 666 1271 880 1322; x_wconf 89' lang='lat' dir='ltr'>praediti.</span> <span class='ocrx_word' id='word_1_134' title='bbox 906 1271 1028 1310; x_wconf 85' lang='lat' dir='ltr'>Fieri</span> <span class='ocrx_word' id='word_1_135' title='bbox 1051 1276 1207 1309; x_wconf 82' lang='lat' dir='ltr'>autem</span> <span class='ocrx_word' id='word_1_136' title='bbox 1228 1270 1308 1309; x_wconf 88' lang='lat' dir='ltr'>vix</span> <span class='ocrx_word' id='word_1_137' title='bbox 1324 1275 1475 1320; x_wconf 90' lang='lat' dir='ltr'>potest</span> <span class='ocrx_word' id='word_1_138' title='bbox 1491 1269 1601 1320; x_wconf 92' lang='lat' dir='ltr'>quin</span> <span class='ocrx_word' id='word_1_139' title='bbox 1628 1269 1858 1309; x_wconf 86' lang='lat' dir='ltr'>oblatrent</span> 
     </span>
     <span class='ocr_line' id='line_1_17' title="bbox 231 1340 1854 1393; baseline -0.002 -10"><span class='ocrx_word' id='word_1_140' title='bbox 231 1343 458 1393; x_wconf 87' lang='lat' dir='ltr'>nonnulli,</span> <span class='ocrx_word' id='word_1_141' title='bbox 483 1348 562 1382; x_wconf 91' lang='lat' dir='ltr'>aut</span> <span class='ocrx_word' id='word_1_142' title='bbox 583 1343 722 1382; x_wconf 88' lang='lat' dir='ltr'>etiam</span> <span class='ocrx_word' id='word_1_143' title='bbox 744 1343 984 1391; x_wconf 89' lang='lat' dir='ltr'>insultent,</span> <span class='ocrx_word' id='word_1_144' title='bbox 1018 1343 1092 1381; x_wconf 85' lang='lat' dir='ltr'>vel</span> <span class='ocrx_word' id='word_1_145' title='bbox 1122 1341 1380 1380; x_wconf 88' lang='lat' dir='ltr'>catholicae</span> <span class='ocrx_word' id='word_1_146' title='bbox 1411 1340 1652 1380; x_wconf 89' lang='lat' dir='ltr'>doctrinae</span> <span class='ocrx_word' id='word_1_147' title='bbox 1681 1340 1854 1392; x_wconf 87' lang='lat' dir='ltr'>profes-</span> 
     </span>
     <span class='ocr_line' id='line_1_18' title="bbox 229 1411 1852 1464; baseline -0.002 -11"><span class='ocrx_word' id='word_1_148' title='bbox 229 1414 407 1454; x_wconf 90' lang='lat' dir='ltr'>sionem</span> <span class='ocrx_word' id='word_1_149' title='bbox 429 1414 562 1453; x_wconf 88' lang='lat' dir='ltr'>exosi</span> <span class='ocrx_word' id='word_1_150' title='bbox 590 1414 665 1453; x_wconf 85' lang='lat' dir='ltr'>vel</span> <span class='ocrx_word' id='word_1_151' title='bbox 693 1414 847 1464; x_wconf 86' lang='lat' dir='ltr'>aliquo</span> <span class='ocrx_word' id='word_1_152' title='bbox 874 1413 1026 1452; x_wconf 85' lang='lat' dir='ltr'>famae</span> <span class='ocrx_word' id='word_1_153' title='bbox 1057 1418 1135 1451; x_wconf 89' lang='lat' dir='ltr'>aut</span> <span class='ocrx_word' id='word_1_154' title='bbox 1164 1412 1231 1451; x_wconf 93' lang='lat' dir='ltr'>rei</span> <span class='ocrx_word' id='word_1_155' title='bbox 1257 1423 1368 1451; x_wconf 92' lang='lat' dir='ltr'>suae</span> <span class='ocrx_word' id='word_1_156' title='bbox 1399 1411 1638 1462; x_wconf 90' lang='lat' dir='ltr'>dispendio</span> <span class='ocrx_word' id='word_1_157' title='bbox 1671 1412 1852 1451; x_wconf 89' lang='lat' dir='ltr'>exulce-</span> 
     </span>
     <span class='ocr_line' id='line_1_19' title="bbox 228 1483 1855 1535; baseline -0.001 -12"><span class='ocrx_word' id='word_1_158' title='bbox 228 1485 333 1524; x_wconf 86' lang='lat' dir='ltr'>rati.</span> <span class='ocrx_word' id='word_1_159' title='bbox 358 1484 542 1524; x_wconf 81' lang='lat' dir='ltr'>Nemini</span> <span class='ocrx_word' id='word_1_160' title='bbox 565 1483 772 1535; x_wconf 84' lang='lat' dir='ltr'>profecto</span> <span class='ocrx_word' id='word_1_161' title='bbox 790 1483 941 1534; x_wconf 87' lang='lat' dir='ltr'>justae</span> <span class='ocrx_word' id='word_1_162' title='bbox 962 1483 1296 1534; x_wconf 82' lang='lat' dir='ltr'>indignationis</span> <span class='ocrx_word' id='word_1_163' title='bbox 1318 1493 1481 1521; x_wconf 83' lang='lat' dir='ltr'>ansam</span> <span class='ocrx_word' id='word_1_164' title='bbox 1498 1483 1739 1533; x_wconf 86' lang='lat' dir='ltr'>porrigere</span> <span class='ocrx_word' id='word_1_165' title='bbox 1764 1488 1855 1522; x_wconf 90' lang='lat' dir='ltr'>stu-</span> 
     </span>
     <span class='ocr_line' id='line_1_20' title="bbox 228 1553 1853 1605; baseline -0.002 -10"><span class='ocrx_word' id='word_1_166' title='bbox 228 1556 412 1605; x_wconf 86' lang='lat' dir='ltr'>demus;</span> <span class='ocrx_word' id='word_1_167' title='bbox 452 1556 532 1595; x_wconf 91' lang='lat' dir='ltr'>sed</span> <span class='ocrx_word' id='word_1_168' title='bbox 569 1555 802 1605; x_wconf 89' lang='lat' dir='ltr'>omnibus,</span> <span class='ocrx_word' id='word_1_169' title='bbox 832 1560 880 1594; x_wconf 92' lang='lat' dir='ltr'>ut</span> <span class='ocrx_word' id='word_1_170' title='bbox 910 1554 993 1594; x_wconf 91' lang='lat' dir='ltr'>Dei</span> <span class='ocrx_word' id='word_1_171' title='bbox 1032 1566 1086 1593; x_wconf 86' lang='lat' dir='ltr'>ac</span> <span class='ocrx_word' id='word_1_172' title='bbox 1120 1553 1320 1605; x_wconf 80' lang='lat' dir='ltr'>proximi</span> <span class='ocrx_word' id='word_1_173' title='bbox 1355 1553 1560 1592; x_wconf 89' lang='lat' dir='ltr'>charitas</span> <span class='ocrx_word' id='word_1_174' title='bbox 1595 1559 1753 1604; x_wconf 87' lang='lat' dir='ltr'>urget,</span> <span class='ocrx_word' id='word_1_175' title='bbox 1794 1566 1853 1593; x_wconf 93' lang='lat' dir='ltr'>ex</span> 
     </span>
     <span class='ocr_line' id='line_1_21' title="bbox 229 1623 1851 1676; baseline -0.001 -11"><span class='ocrx_word' id='word_1_176' title='bbox 229 1626 383 1665; x_wconf 78' lang='lat' dir='ltr'>animo</span> <span class='ocrx_word' id='word_1_177' title='bbox 402 1626 518 1665; x_wconf 86' lang='lat' dir='ltr'>bene</span> <span class='ocrx_word' id='word_1_178' title='bbox 544 1627 755 1665; x_wconf 84' lang='lat' dir='ltr'>volumus</span> <span class='ocrx_word' id='word_1_179' title='bbox 778 1637 832 1665; x_wconf 91' lang='lat' dir='ltr'>ac</span> <span class='ocrx_word' id='word_1_180' title='bbox 854 1636 1114 1676; x_wconf 78' lang='lat' dir='ltr'>precamur.</span> <span class='ocrx_word' id='word_1_181' title='bbox 1147 1625 1203 1664; x_wconf 87' lang='lat' dir='ltr'>Et</span> <span class='ocrx_word' id='word_1_182' title='bbox 1229 1623 1399 1675; x_wconf 89' lang='lat' dir='ltr'>nequid</span> <span class='ocrx_word' id='word_1_183' title='bbox 1424 1623 1544 1663; x_wconf 77' lang='lat' dir='ltr'>forte</span> <span class='ocrx_word' id='word_1_184' title='bbox 1574 1635 1656 1675; x_wconf 91' lang='lat' dir='ltr'>per</span> <span class='ocrx_word' id='word_1_185' title='bbox 1686 1624 1851 1675; x_wconf 90' lang='lat' dir='ltr'>impru-</span> 
     </span>
     <span class='ocr_line' id='line_1_22' title="bbox 229 1694 1854 1747; baseline -0.001 -12"><span class='ocrx_word' id='word_1_186' title='bbox 229 1696 434 1735; x_wconf 82' lang='lat' dir='ltr'>dentiam</span> <span class='ocrx_word' id='word_1_187' title='bbox 469 1697 559 1736; x_wconf 90' lang='lat' dir='ltr'>tale</span> <span class='ocrx_word' id='word_1_188' title='bbox 594 1696 700 1747; x_wconf 90' lang='lat' dir='ltr'>quid</span> <span class='ocrx_word' id='word_1_189' title='bbox 737 1696 1101 1744; x_wconf 83' lang='lat' dir='ltr'>committamus,</span> <span class='ocrx_word' id='word_1_190' title='bbox 1135 1695 1310 1734; x_wconf 88' lang='lat' dir='ltr'>amicos</span> <span class='ocrx_word' id='word_1_191' title='bbox 1340 1705 1477 1745; x_wconf 88' lang='lat' dir='ltr'>super</span> <span class='ocrx_word' id='word_1_192' title='bbox 1508 1694 1580 1734; x_wconf 88' lang='lat' dir='ltr'>his</span> <span class='ocrx_word' id='word_1_193' title='bbox 1609 1695 1779 1744; x_wconf 92' lang='lat' dir='ltr'>probos</span> <span class='ocrx_word' id='word_1_194' title='bbox 1811 1700 1854 1734; x_wconf 87' lang='lat' dir='ltr'>et</span> 
     </span>
     <span class='ocr_line' id='line_1_23' title="bbox 228 1764 1852 1818; baseline -0.001 -12"><span class='ocrx_word' id='word_1_195' title='bbox 228 1768 423 1806; x_wconf 88' lang='lat' dir='ltr'>solertes</span> <span class='ocrx_word' id='word_1_196' title='bbox 451 1767 577 1806; x_wconf 83' lang='lat' dir='ltr'>viros</span> <span class='ocrx_word' id='word_1_197' title='bbox 604 1778 742 1818; x_wconf 85' lang='lat' dir='ltr'>saepe</span> <span class='ocrx_word' id='word_1_198' title='bbox 770 1766 1074 1815; x_wconf 89' lang='lat' dir='ltr'>consulimus,</span> <span class='ocrx_word' id='word_1_199' title='bbox 1105 1765 1354 1815; x_wconf 87' lang='lat' dir='ltr'>praecipue</span> <span class='ocrx_word' id='word_1_200' title='bbox 1390 1776 1503 1804; x_wconf 90' lang='lat' dir='ltr'>vero</span> <span class='ocrx_word' id='word_1_201' title='bbox 1531 1764 1667 1804; x_wconf 73' lang='lat' dir='ltr'>Rdum</span> <span class='ocrx_word' id='word_1_202' title='bbox 1697 1765 1852 1805; x_wconf 91' lang='lat' dir='ltr'>Domi-</span> 
     </span>
     <span class='ocr_line' id='line_1_24' title="bbox 226 1835 1852 1887; baseline -0.001 -11"><span class='ocrx_word' id='word_1_203' title='bbox 226 1849 338 1877; x_wconf 91' lang='lat' dir='ltr'>num</span> <span class='ocrx_word' id='word_1_204' title='bbox 371 1837 643 1877; x_wconf 83' lang='lat' dir='ltr'>Antistitem</span> <span class='ocrx_word' id='word_1_205' title='bbox 677 1843 908 1887; x_wconf 91' lang='lat' dir='ltr'>nostrum,</span> <span class='ocrx_word' id='word_1_206' title='bbox 940 1836 1018 1887; x_wconf 90' lang='lat' dir='ltr'>qui</span> <span class='ocrx_word' id='word_1_207' title='bbox 1044 1842 1290 1886; x_wconf 87' lang='lat' dir='ltr'>paternum</span> <span class='ocrx_word' id='word_1_208' title='bbox 1323 1835 1459 1886; x_wconf 89' lang='lat' dir='ltr'>plane</span> <span class='ocrx_word' id='word_1_209' title='bbox 1494 1846 1607 1886; x_wconf 88' lang='lat' dir='ltr'>erga</span> <span class='ocrx_word' id='word_1_210' title='bbox 1642 1847 1726 1875; x_wconf 90' lang='lat' dir='ltr'>nos</span> <span class='ocrx_word' id='word_1_211' title='bbox 1758 1836 1852 1875; x_wconf 89' lang='lat' dir='ltr'>ani-</span> 
     </span>
     <span class='ocr_line' id='line_1_25' title="bbox 225 1906 1849 1958; baseline -0.001 -11"><span class='ocrx_word' id='word_1_212' title='bbox 225 1919 352 1947; x_wconf 87' lang='lat' dir='ltr'>mum</span> <span class='ocrx_word' id='word_1_213' title='bbox 387 1907 676 1958; x_wconf 85' lang='lat' dir='ltr'>officiumque</span> <span class='ocrx_word' id='word_1_214' title='bbox 712 1919 847 1946; x_wconf 91' lang='lat' dir='ltr'>omne</span> <span class='ocrx_word' id='word_1_215' title='bbox 887 1906 1106 1946; x_wconf 87' lang='lat' dir='ltr'>exhibere</span> <span class='ocrx_word' id='word_1_216' title='bbox 1134 1906 1306 1957; x_wconf 88' lang='lat' dir='ltr'>pergit,</span> <span class='ocrx_word' id='word_1_217' title='bbox 1338 1906 1477 1945; x_wconf 88' lang='lat' dir='ltr'>immo</span> <span class='ocrx_word' id='word_1_218' title='bbox 1513 1906 1652 1945; x_wconf 88' lang='lat' dir='ltr'>etiam</span> <span class='ocrx_word' id='word_1_219' title='bbox 1684 1912 1849 1946; x_wconf 90' lang='lat' dir='ltr'>mater-</span> 
     </span>
     <span class='ocr_line' id='line_1_26' title="bbox 225 1976 1847 2028; baseline 0 -11"><span class='ocrx_word' id='word_1_220' title='bbox 225 1989 358 2028; x_wconf 77' lang='lat' dir='ltr'>num,</span> <span class='ocrx_word' id='word_1_221' title='bbox 383 1979 499 2018; x_wconf 90' lang='lat' dir='ltr'>adeo</span> <span class='ocrx_word' id='word_1_222' title='bbox 521 1990 605 2018; x_wconf 87' lang='lat' dir='ltr'>nos</span> <span class='ocrx_word' id='word_1_223' title='bbox 627 1984 783 2017; x_wconf 88' lang='lat' dir='ltr'>tenere</span> <span class='ocrx_word' id='word_1_224' title='bbox 805 1977 973 2027; x_wconf 87' lang='lat' dir='ltr'>diligit,</span> <span class='ocrx_word' id='word_1_225' title='bbox 999 1976 1203 2016; x_wconf 91' lang='lat' dir='ltr'>studiose</span> <span class='ocrx_word' id='word_1_226' title='bbox 1231 1976 1380 2026; x_wconf 83' lang='lat' dir='ltr'>fovet,</span> <span class='ocrx_word' id='word_1_227' title='bbox 1405 1976 1599 2016; x_wconf 87' lang='lat' dir='ltr'>sollicite</span> <span class='ocrx_word' id='word_1_228' title='bbox 1630 1977 1847 2027; x_wconf 88' lang='lat' dir='ltr'>custodit,</span> 
     </span>
     <span class='ocr_line' id='line_1_27' title="bbox 226 2047 1849 2100; baseline -0.001 -12"><span class='ocrx_word' id='word_1_229' title='bbox 226 2056 268 2089; x_wconf 89' lang='lat' dir='ltr'>et</span> <span class='ocrx_word' id='word_1_230' title='bbox 289 2049 405 2089; x_wconf 90' lang='lat' dir='ltr'>nihil</span> <span class='ocrx_word' id='word_1_231' title='bbox 425 2056 661 2100; x_wconf 87' lang='lat' dir='ltr'>postremo</span> <span class='ocrx_word' id='word_1_232' title='bbox 683 2048 1011 2099; x_wconf 88' lang='lat' dir='ltr'>praetermittit</span> <span class='ocrx_word' id='word_1_233' title='bbox 1033 2047 1154 2098; x_wconf 89' lang='lat' dir='ltr'>quod</span> <span class='ocrx_word' id='word_1_234' title='bbox 1180 2048 1412 2098; x_wconf 90' lang='lat' dir='ltr'>possimus</span> <span class='ocrx_word' id='word_1_235' title='bbox 1439 2047 1725 2097; x_wconf 90' lang='lat' dir='ltr'>desiderare,</span> <span class='ocrx_word' id='word_1_236' title='bbox 1760 2047 1849 2087; x_wconf 90' lang='lat' dir='ltr'>nisi</span> 
     </span>
     <span class='ocr_line' id='line_1_28' title="bbox 225 2118 1846 2171; baseline -0.002 -11"><span class='ocrx_word' id='word_1_237' title='bbox 225 2120 542 2160; x_wconf 86' lang='lat' dir='ltr'>desideremus</span> <span class='ocrx_word' id='word_1_238' title='bbox 562 2121 665 2171; x_wconf 89' lang='lat' dir='ltr'>plus</span> <span class='ocrx_word' id='word_1_239' title='bbox 693 2132 831 2170; x_wconf 88' lang='lat' dir='ltr'>quam</span> <span class='ocrx_word' id='word_1_240' title='bbox 852 2119 1012 2171; x_wconf 91' lang='lat' dir='ltr'>possit.</span> <span class='ocrx_word' id='word_1_241' title='bbox 1052 2118 1299 2158; x_wconf 82' lang='lat' dir='ltr'>Studemus</span> <span class='ocrx_word' id='word_1_242' title='bbox 1329 2123 1373 2158; x_wconf 90' lang='lat' dir='ltr'>et</span> <span class='ocrx_word' id='word_1_243' title='bbox 1405 2130 1512 2168; x_wconf 92' lang='lat' dir='ltr'>nos,</span> <span class='ocrx_word' id='word_1_244' title='bbox 1536 2124 1584 2158; x_wconf 91' lang='lat' dir='ltr'>ut</span> <span class='ocrx_word' id='word_1_245' title='bbox 1611 2118 1846 2168; x_wconf 89' lang='lat' dir='ltr'>debemus,</span> 
     </span>
     <span class='ocr_line' id='line_1_29' title="bbox 226 2189 1848 2240; baseline 0 -12"><span class='ocrx_word' id='word_1_246' title='bbox 226 2203 408 2230; x_wconf 84' lang='lat' dir='ltr'>omnem</span> <span class='ocrx_word' id='word_1_247' title='bbox 444 2191 652 2230; x_wconf 84' lang='lat' dir='ltr'>vicissim</span> <span class='ocrx_word' id='word_1_248' title='bbox 680 2191 741 2230; x_wconf 87' lang='lat' dir='ltr'>illi</span> <span class='ocrx_word' id='word_1_249' title='bbox 769 2190 988 2230; x_wconf 81' lang='lat' dir='ltr'>exhibere</span> <span class='ocrx_word' id='word_1_250' title='bbox 1022 2189 1376 2240; x_wconf 88' lang='lat' dir='ltr'>gratitudinem,</span> <span class='ocrx_word' id='word_1_251' title='bbox 1414 2189 1763 2228; x_wconf 80' lang='lat' dir='ltr'>observantiam</span> <span class='ocrx_word' id='word_1_252' title='bbox 1794 2201 1848 2228; x_wconf 88' lang='lat' dir='ltr'>ac</span> 
     </span>
     <span class='ocr_line' id='line_1_30' title="bbox 225 2261 704 2312; baseline -0.004 -12"><span class='ocrx_word' id='word_1_253' title='bbox 225 2262 546 2311; x_wconf 84' lang='lat' dir='ltr'>precationem</span> <span class='ocrx_word' id='word_1_254' title='bbox 566 2261 704 2312; x_wconf 89' lang='lat' dir='ltr'>piam.</span> 
     </span>
    </p>

    <p class='ocr_par' dir='ltr' id='par_1_4' title="bbox 220 2330 1848 3017">
     <span class='ocr_line' id='line_1_31' title="bbox 304 2330 1848 2381; baseline -0.001 -10"><span class='ocrx_word' id='word_1_255' title='bbox 304 2331 432 2371; x_wconf 91' lang='lat' dir='ltr'>Haec</span> <span class='ocrx_word' id='word_1_256' title='bbox 455 2338 581 2381; x_wconf 88' lang='lat' dir='ltr'>sunt,</span> <span class='ocrx_word' id='word_1_257' title='bbox 607 2332 743 2371; x_wconf 85' lang='lat' dir='ltr'>Pater</span> <span class='ocrx_word' id='word_1_258' title='bbox 773 2331 1188 2380; x_wconf 83' lang='lat' dir='ltr'>venerandissime,</span> <span class='ocrx_word' id='word_1_259' title='bbox 1224 2342 1341 2381; x_wconf 87' lang='lat' dir='ltr'>quae</span> <span class='ocrx_word' id='word_1_260' title='bbox 1371 2330 1417 2369; x_wconf 89' lang='lat' dir='ltr'>in</span> <span class='ocrx_word' id='word_1_261' title='bbox 1447 2330 1717 2369; x_wconf 88' lang='lat' dir='ltr'>memoriam</span> <span class='ocrx_word' id='word_1_262' title='bbox 1749 2341 1848 2369; x_wconf 87' lang='lat' dir='ltr'>suc-</span> 
     </span>
     <span class='ocr_line' id='line_1_32' title="bbox 227 2400 1848 2453; baseline -0.001 -12"><span class='ocrx_word' id='word_1_263' title='bbox 227 2408 435 2451; x_wconf 82' lang='lat' dir='ltr'>currunt,</span> <span class='ocrx_word' id='word_1_264' title='bbox 462 2414 585 2441; x_wconf 88' lang='lat' dir='ltr'>nunc</span> <span class='ocrx_word' id='word_1_265' title='bbox 607 2402 828 2453; x_wconf 90' lang='lat' dir='ltr'>temporis</span> <span class='ocrx_word' id='word_1_266' title='bbox 850 2401 1120 2451; x_wconf 89' lang='lat' dir='ltr'>scribenda,</span> <span class='ocrx_word' id='word_1_267' title='bbox 1145 2401 1251 2440; x_wconf 90' lang='lat' dir='ltr'>licet</span> <span class='ocrx_word' id='word_1_268' title='bbox 1272 2412 1437 2451; x_wconf 87' lang='lat' dir='ltr'>parum</span> <span class='ocrx_word' id='word_1_269' title='bbox 1464 2401 1583 2440; x_wconf 90' lang='lat' dir='ltr'>scitu</span> <span class='ocrx_word' id='word_1_270' title='bbox 1614 2400 1777 2451; x_wconf 89' lang='lat' dir='ltr'>digna,</span> <span class='ocrx_word' id='word_1_271' title='bbox 1810 2400 1848 2440; x_wconf 92' lang='lat' dir='ltr'>si</span> 
     </span>
     <span class='ocr_line' id='line_1_33' title="bbox 226 2470 1846 2523; baseline -0.001 -12"><span class='ocrx_word' id='word_1_272' title='bbox 226 2484 331 2511; x_wconf 81' lang='lat' dir='ltr'>cum</span> <span class='ocrx_word' id='word_1_273' title='bbox 365 2473 454 2512; x_wconf 90' lang='lat' dir='ltr'>illis</span> <span class='ocrx_word' id='word_1_274' title='bbox 489 2472 802 2523; x_wconf 82' lang='lat' dir='ltr'>conferantur,</span> <span class='ocrx_word' id='word_1_275' title='bbox 833 2484 951 2523; x_wconf 87' lang='lat' dir='ltr'>quae</span> <span class='ocrx_word' id='word_1_276' title='bbox 984 2472 1159 2523; x_wconf 88' lang='lat' dir='ltr'>passim</span> <span class='ocrx_word' id='word_1_277' title='bbox 1190 2472 1292 2511; x_wconf 85' lang='lat' dir='ltr'>aliis</span> <span class='ocrx_word' id='word_1_278' title='bbox 1318 2471 1363 2510; x_wconf 91' lang='lat' dir='ltr'>in</span> <span class='ocrx_word' id='word_1_279' title='bbox 1392 2470 1549 2510; x_wconf 90' lang='lat' dir='ltr'>mundi</span> <span class='ocrx_word' id='word_1_280' title='bbox 1579 2471 1789 2522; x_wconf 89' lang='lat' dir='ltr'>partibus</span> <span class='ocrx_word' id='word_1_281' title='bbox 1821 2483 1846 2510; x_wconf 88' lang='lat' dir='ltr'>a</span> 
     </span>
     <span class='ocr_line' id='line_1_34' title="bbox 224 2541 1845 2593; baseline -0.001 -11"><span class='ocrx_word' id='word_1_282' title='bbox 224 2542 473 2583; x_wconf 77' lang='lat' dir='ltr'>Societatis</span> <span class='ocrx_word' id='word_1_283' title='bbox 508 2542 642 2593; x_wconf 89' lang='lat' dir='ltr'>hujus</span> <span class='ocrx_word' id='word_1_284' title='bbox 677 2544 920 2591; x_wconf 87' lang='lat' dir='ltr'>membris,</span> <span class='ocrx_word' id='word_1_285' title='bbox 962 2543 1101 2583; x_wconf 85' lang='lat' dir='ltr'>etiam</span> <span class='ocrx_word' id='word_1_286' title='bbox 1138 2543 1405 2592; x_wconf 86' lang='lat' dir='ltr'>postremis,</span> <span class='ocrx_word' id='word_1_287' title='bbox 1441 2542 1542 2592; x_wconf 90' lang='lat' dir='ltr'>geri</span> <span class='ocrx_word' id='word_1_288' title='bbox 1577 2541 1845 2592; x_wconf 87' lang='lat' dir='ltr'>accipimus.</span> 
     </span>
     <span class='ocr_line' id='line_1_35' title="bbox 226 2611 1848 2665; baseline -0.001 -12"><span class='ocrx_word' id='word_1_289' title='bbox 226 2613 358 2662; x_wconf 84' lang='lat' dir='ltr'>Quod</span> <span class='ocrx_word' id='word_1_290' title='bbox 382 2614 560 2653; x_wconf 86' lang='lat' dir='ltr'>utinam</span> <span class='ocrx_word' id='word_1_291' title='bbox 581 2614 735 2663; x_wconf 87' lang='lat' dir='ltr'>nobis,</span> <span class='ocrx_word' id='word_1_292' title='bbox 760 2623 807 2653; x_wconf 89' lang='lat' dir='ltr'>ut</span> <span class='ocrx_word' id='word_1_293' title='bbox 829 2626 914 2665; x_wconf 89' lang='lat' dir='ltr'>par</span> <span class='ocrx_word' id='word_1_294' title='bbox 945 2620 1033 2663; x_wconf 91' lang='lat' dir='ltr'>est,</span> <span class='ocrx_word' id='word_1_295' title='bbox 1067 2625 1149 2665; x_wconf 90' lang='lat' dir='ltr'>pro</span> <span class='ocrx_word' id='word_1_296' title='bbox 1178 2613 1438 2652; x_wconf 88' lang='lat' dir='ltr'>calcaribus</span> <span class='ocrx_word' id='word_1_297' title='bbox 1466 2613 1543 2662; x_wconf 89' lang='lat' dir='ltr'>sit,</span> <span class='ocrx_word' id='word_1_298' title='bbox 1574 2618 1622 2651; x_wconf 91' lang='lat' dir='ltr'>ut</span> <span class='ocrx_word' id='word_1_299' title='bbox 1649 2611 1744 2663; x_wconf 83' lang='lat' dir='ltr'>jam</span> <span class='ocrx_word' id='word_1_300' title='bbox 1774 2613 1848 2652; x_wconf 90' lang='lat' dir='ltr'>vel</span> 
     </span>
     <span class='ocr_line' id='line_1_36' title="bbox 226 2683 1847 2734; baseline 0 -12"><span class='ocrx_word' id='word_1_301' title='bbox 226 2684 392 2723; x_wconf 79' lang='lat' dir='ltr'>abhinc</span> <span class='ocrx_word' id='word_1_302' title='bbox 414 2685 461 2723; x_wconf 90' lang='lat' dir='ltr'>in</span> <span class='ocrx_word' id='word_1_303' title='bbox 482 2685 569 2724; x_wconf 89' lang='lat' dir='ltr'>hac</span> <span class='ocrx_word' id='word_1_304' title='bbox 592 2685 784 2724; x_wconf 88' lang='lat' dir='ltr'>salutari</span> <span class='ocrx_word' id='word_1_305' title='bbox 804 2685 881 2724; x_wconf 83' lang='lat' dir='ltr'>via</span> <span class='ocrx_word' id='word_1_306' title='bbox 904 2684 1054 2724; x_wconf 88' lang='lat' dir='ltr'>minus</span> <span class='ocrx_word' id='word_1_307' title='bbox 1076 2684 1279 2734; x_wconf 90' lang='lat' dir='ltr'>segniter</span> <span class='ocrx_word' id='word_1_308' title='bbox 1308 2694 1570 2733; x_wconf 87' lang='lat' dir='ltr'>curramus;</span> <span class='ocrx_word' id='word_1_309' title='bbox 1603 2694 1691 2734; x_wconf 87' lang='lat' dir='ltr'>qua</span> <span class='ocrx_word' id='word_1_310' title='bbox 1725 2683 1771 2722; x_wconf 92' lang='lat' dir='ltr'>in</span> <span class='ocrx_word' id='word_1_311' title='bbox 1797 2694 1847 2722; x_wconf 93' lang='lat' dir='ltr'>re</span> 
     </span>
     <span class='ocr_line' id='line_1_37' title="bbox 220 2753 1840 2804; baseline 0 -12"><span class='ocrx_word' id='word_1_312' title='bbox 220 2755 660 2802; x_wconf 84' lang='lat' dir='ltr'>providentissimae</span> <span class='ocrx_word' id='word_1_313' title='bbox 687 2761 792 2794; x_wconf 87' lang='lat' dir='ltr'>tuae</span> <span class='ocrx_word' id='word_1_314' title='bbox 815 2755 1056 2794; x_wconf 81' lang='lat' dir='ltr'>charitatis</span> <span class='ocrx_word' id='word_1_315' title='bbox 1078 2754 1462 2804; x_wconf 88' lang='lat' dir='ltr'>reprehensiones</span> <span class='ocrx_word' id='word_1_316' title='bbox 1483 2753 1840 2804; x_wconf 89' lang='lat' dir='ltr'>increpationes-</span> 
     </span>
     <span class='ocr_line' id='line_1_38' title="bbox 224 2823 1846 2875; baseline 0 -13"><span class='ocrx_word' id='word_1_317' title='bbox 224 2835 324 2873; x_wconf 78' lang='lat' dir='ltr'>que,</span> <span class='ocrx_word' id='word_1_318' title='bbox 358 2832 539 2875; x_wconf 89' lang='lat' dir='ltr'>praeter</span> <span class='ocrx_word' id='word_1_319' title='bbox 577 2826 736 2864; x_wconf 83' lang='lat' dir='ltr'>solitas</span> <span class='ocrx_word' id='word_1_320' title='bbox 764 2825 1104 2865; x_wconf 85' lang='lat' dir='ltr'>admonitiones</span> <span class='ocrx_word' id='word_1_321' title='bbox 1133 2831 1175 2864; x_wconf 83' lang='lat' dir='ltr'>et</span> <span class='ocrx_word' id='word_1_322' title='bbox 1203 2835 1380 2875; x_wconf 85' lang='lat' dir='ltr'>preces,</span> <span class='ocrx_word' id='word_1_323' title='bbox 1404 2824 1650 2873; x_wconf 88' lang='lat' dir='ltr'>humiliter,</span> <span class='ocrx_word' id='word_1_324' title='bbox 1683 2823 1846 2875; x_wconf 89' lang='lat' dir='ltr'>cupide</span> 
     </span>
     <span class='ocr_line' id='line_1_39' title="bbox 223 2894 1845 2946; baseline 0.001 -14"><span class='ocrx_word' id='word_1_325' title='bbox 223 2900 266 2932; x_wconf 86' lang='lat' dir='ltr'>et</span> <span class='ocrx_word' id='word_1_326' title='bbox 289 2894 457 2934; x_wconf 87' lang='lat' dir='ltr'>obnixe</span> <span class='ocrx_word' id='word_1_327' title='bbox 480 2896 756 2946; x_wconf 78' lang='lat' dir='ltr'>expetimus,</span> <span class='ocrx_word' id='word_1_328' title='bbox 790 2896 955 2946; x_wconf 85' lang='lat' dir='ltr'>quibus</span> <span class='ocrx_word' id='word_1_329' title='bbox 982 2907 1065 2935; x_wconf 92' lang='lat' dir='ltr'>nos</span> <span class='ocrx_word' id='word_1_330' title='bbox 1096 2907 1178 2946; x_wconf 89' lang='lat' dir='ltr'>pro</span> <span class='ocrx_word' id='word_1_331' title='bbox 1208 2906 1290 2934; x_wconf 87' lang='lat' dir='ltr'>sua</span> <span class='ocrx_word' id='word_1_332' title='bbox 1312 2894 1597 2945; x_wconf 88' lang='lat' dir='ltr'>benignitate</span> <span class='ocrx_word' id='word_1_333' title='bbox 1630 2894 1845 2945; x_wconf 88' lang='lat' dir='ltr'>dignetur</span> 
     </span>
     <span class='ocr_line' id='line_1_40' title="bbox 222 2964 665 3017; baseline 0.002 -16"><span class='ocrx_word' id='word_1_334' title='bbox 222 2964 495 3004; x_wconf 87' lang='lat' dir='ltr'>mitissimus</span> <span class='ocrx_word' id='word_1_335' title='bbox 517 2966 665 3017; x_wconf 81' lang='lat' dir='ltr'>Jesus.</span> 
     </span>
    </p>
   </div>
  </div>
 </body>
</html>
