1987 3260
892 209 972 245 ΑΝ.
1004 209 1089 245 1531
1734 209 1808 247 :303

252 886 296 922 Ρ.
319 885 538 923 Robertus
560 885 848 934 Clayssonius

300 951 420 988 Patri
438 951 608 998 Ignatio
628 952 680 989 de
702 953 887 1000 Loyola.

345 1016 547 1063 Parisiis,
570 1017 585 1054 1
608 1015 897 1065 Septembris,
922 1018 1008 1055 1551
1031 1018 1056 1054 ¹.

941 1171 1037 1249 nis

256 1348 421 1388 Gratia
443 1361 500 1388 ex
522 1360 615 1399 pax
636 1349 825 1389 Domini
847 1349 1003 1390 Nostri
1023 1351 1134 1403 Jesu
1155 1350 1327 1391 Christi
1358 1350 1416 1390 sit
1445 1360 1626 1400 semper
1656 1349 1807 1388 nobis-

178 1431 298 1459 cum.
322 1419 487 1459 Amen.

257 1490 531 1531 Reverende
553 1491 600 1531 in
621 1491 809 1532 Christo
830 1492 984 1532 Pater:
1007 1492 1068 1533 Ut
1088 1492 1242 1543 aliqua
1265 1492 1311 1531 in
1332 1498 1465 1543 parte
1487 1492 1651 1531 saltem
1677 1491 1807 1531 satis-

177 1562 257 1601 fiat
278 1562 568 1602 obedientiae
590 1568 782 1602 sanctae
804 1562 859 1602 de
881 1563 1232 1602 conscribendis
1254 1563 1311 1602 ad
1333 1574 1419 1602 vos
1440 1562 1607 1602 litteris
1624 1562 1807 1612 singulo

177 1633 529 1684 quadrimestri,
561 1644 649 1684 ego
678 1633 735 1672 ob
763 1632 1013 1673 adversam
1040 1633 1357 1673 valetudinem
1384 1632 1433 1673 P.
1471 1633 1621 1673 nostri
1655 1632 1807 1682 Bapti-

179 1710 278 1744 stae
299 1704 483 1744 Violaei
511 1703 525 1721 Ξ
546 1709 591 1744 et
617 1704 833 1755 Magistri
860 1703 1091 1744 Everardi
1117 1703 1130 1721 ⁵
1159 1710 1203 1744 et
1230 1704 1419 1744 alterius
1449 1702 1692 1754 cujusdam
1718 1702 1805 1743 fra-

178 1775 278 1825 tris,
302 1775 467 1826 quibus
494 1774 612 1814 haec
639 1774 801 1814 fuisset
829 1774 1111 1815 demandata
1138 1786 1272 1825 cura,
1297 1774 1531 1815 scribendi
1565 1785 1680 1814 onus
1712 1785 1806 1813 sus-

178 1846 293 1896 cepi.
331 1845 563 1896 Quoniam
601 1857 714 1885 vero
753 1857 846 1885 non
885 1847 1042 1885 omnia
1081 1857 1200 1897 quae
1235 1852 1370 1897 gesta
1405 1851 1532 1896 sunt,
1571 1844 1807 1896 sigillatim

179 1916 308 1967 novi,
334 1916 388 1955 de
410 1916 566 1956 multis
587 1928 737 1967 pauca
758 1916 973 1957 referam.
1006 1917 1213 1968 Illudque
1243 1917 1446 1968 primum
1475 1917 1582 1967 erit,
1612 1915 1805 1965 scilicet,

179 1987 301 2038 quod
334 1987 493 2027 Rmus.
530 1987 789 2038 Episcopus
825 1987 1224 2028 Claramontensis
1258 1987 1471 2039 promisit
1505 1999 1554 2026 se
1590 1987 1807 2026 daturum

179 2057 367 2098 domum
388 2057 637 2109 quamdam
668 2057 909 2109 Societati,
940 2059 1078 2098 sitam
1104 2059 1151 2098 in
1177 2058 1290 2098 urbe
1313 2058 1498 2098 Bilionii
1526 2057 1666 2108 (quae
1697 2057 1808 2097 urbs

179 2136 248 2168 est
276 2129 321 2168 in
350 2128 616 2179 Auremia)
634 2161 640 2177 ,
674 2129 813 2169 modo
835 2129 928 2169 P.as
963 2135 1042 2169 tua
1063 2136 1158 2169 tres
1179 2134 1258 2169 aut
1279 2135 1480 2180 quatuor
1501 2140 1560 2168 ex
1584 2128 1808 2168 fratribus

178 2200 289 2239 velit
311 2212 363 2239 eo
385 2199 581 2250 mittere,
605 2200 881 2251 promittens
902 2200 1101 2250 interim,
1127 2200 1274 2240 donec
1300 2200 1411 2240 urbs
1434 2199 1535 2251 ipsa
1551 2198 1808 2251 providerit

178 2270 399 2310 fratribus
416 2271 471 2310 de
491 2271 772 2311 necessariis
799 2271 858 2311 ad
885 2271 1032 2311 vitam
1059 2271 1411 2322 traducendam,
1444 2283 1494 2311 se
1523 2271 1614 2310 illis
1635 2270 1804 2319 omnia,

180 2353 298 2392 quae
325 2342 384 2381 ad
410 2342 586 2382 victum
616 2348 659 2382 et
693 2342 914 2382 vestitum
940 2343 1192 2393 pertinent,
1231 2342 1544 2393 provisurum.
1578 2341 1645 2381 Ea
1675 2342 1730 2381 de
1758 2353 1808 2381 re

179 2411 228 2452 P.
251 2412 461 2463 Baptista
484 2413 546 2452 ait
568 2424 616 2452 se
640 2412 698 2452 ad
719 2419 763 2453 te
786 2413 1052 2464 scripsisse,
1083 2413 1285 2465 quidque
1307 2413 1348 2453 ei
1374 2412 1642 2453 faciendum
1667 2413 1725 2452 sit
1753 2424 1807 2452 ea

182 2484 228 2523 in
249 2495 298 2523 re
321 2484 403 2523 abs
425 2490 468 2524 te
492 2495 632 2524 nosse
658 2484 798 2535 cupit.

259 2554 422 2595 Invisit
443 2567 528 2595 nos
549 2554 671 2595 idem
691 2555 951 2607 Episcopus
972 2555 1056 2595 sub
1086 2555 1254 2596 festum
1283 2555 1588 2596 Ascensionis
1620 2554 1810 2594 Domini

234 2712 242 2731 ¹
285 2713 531 2748 Autographae
548 2715 696 2748 litterae,
714 2719 807 2742 totae
823 2723 922 2742 manu
938 2716 1042 2750 ipsius
1060 2715 1175 2742 Patris
1191 2715 1329 2742 Roberti
1346 2714 1547 2748 Clayssonii‚
1567 2714 1598 2740 in
1624 2714 1747 2748 duplici
1764 2714 1809 2740 so-

181 2758 235 2787 lio,
249 2760 298 2786 cui
315 2761 391 2787 olim
408 2766 504 2789 erant
520 2770 551 2788 n.
565 2762 627 2793 399.
644 2770 729 2789 nune
744 2770 826 2790 vero
839 2763 875 2789 82
889 2768 921 2790 et
936 2763 981 2790 83.
996 2763 1077 2795 Eas,
1099 2766 1135 2790 ut
1157 2763 1228 2797 ejus
1250 2762 1352 2789 moris
1375 2766 1460 2792 erat,
1479 2761 1671 2788 emendavit
1689 2761 1809 2787 Polan-

181 2814 247 2837 eus.
263 2815 325 2841 quo
341 2816 388 2835 SlC
406 2810 605 2837 emendatae
623 2811 934 2837 transcriberentur
951 2818 970 2837 a
985 2810 1136 2838 librariis
1152 2815 1185 2836 et
1202 2810 1234 2836 in
1250 2809 1430 2836 Societatis
1452 2809 1566 2835 domos
1582 2808 1807 2835 mitterentur.

181 2853 309 2882 Harum
325 2857 371 2883 sic
387 2857 642 2884 emendatarum
658 2859 858 2891 exemplum.
884 2866 903 2885 a
925 2858 1100 2885 Bernardo
1123 2857 1273 2884 oliverio
1298 2857 1499 2889 confectum,
1524 2856 1556 2882 in
1581 2856 1703 2883 Codice
1726 2856 1806 2886 1551,

182 2901 238 2928 sol.
252 2903 284 2929 19
299 2903 350 2929 v.0
368 2909 400 2930 et
416 2904 461 2930 20.

234 2949 248 2968 Ξ
285 2949 319 2976 Ρ.
336 2950 474 2983 joannis
490 2951 648 2985 Baptista
663 2951 763 2979 Viola
779 2953 994 2987 praepositus
1010 2957 1084 2980 erat
1101 2953 1211 2980 domui
1226 2953 1408 2980 Societatis
1424 2952 1619 2979 Parisiensi.

236 2995 250 3014 5
288 2996 323 3023 P.
340 2997 537 3026 Everardus
551 2998 795 3026 Mercurianus.
