1987 3260
230 167 299 204 710
739 163 963 200 LITTERAE
990 170 1343 205 QUADRIMESTRES

976 608 1127 663 CLX

304 840 352 878 P.
372 840 566 886 Joannes
585 837 783 884 Baptista
803 836 932 874 Viola

352 904 399 942 Ρ.
421 903 590 951 Ignatio
616 902 669 939 de
694 902 877 949 Loyola.

402 968 597 1014 Parisiis,
622 967 665 1004 15
682 966 785 1013 Julii
808 966 898 1003 1552
917 966 941 1002 ¹.

1031 1104 1063 1155 †

315 1251 480 1291 Gratia
501 1256 544 1290 et
564 1262 658 1301 pax
678 1248 867 1288 Domini
886 1247 1045 1288 Nostri
1065 1248 1176 1300 Jesu
1192 1246 1363 1287 Christi
1380 1247 1438 1286 sit
1454 1257 1559 1286 cum
1576 1244 1741 1296 spiritu
1759 1250 1865 1285 tuox

234 1323 399 1362 Amen.

314 1393 442 1444 Quae
480 1393 568 1432 hoc
607 1390 934 1443 quadrimestri
967 1389 1219 1440 praeterito
1254 1389 1377 1439 apud
1409 1399 1518 1437 nos,
1550 1386 1604 1426 R.
1637 1387 1683 1426 in
1714 1386 1863 1429 Chi-o„

235 1465 302 1514 P„
326 1463 621 1514 contigerint,
645 1474 699 1502 ea
719 1473 870 1513 pauca
887 1466 1007 1511 sunt;
1026 1460 1247 1511 quoniam
1263 1459 1363 1498 fieri
1379 1470 1472 1498 non
1489 1457 1637 1509 potuit
1654 1463 1716 1507 ut,
1735 1457 1782 1496 in
1799 1457 1857 1495 le-

234 1536 357 1574 ctulo
380 1533 679 1583 decumbens,
706 1531 879 1583 aliquid
899 1543 1078 1581 eorum,
1104 1542 1223 1582 quae
1245 1530 1303 1569 ad
1331 1529 1701 1568 aedificationem
1722 1527 1859 1578 perti-

234 1612 362 1655 nent,
388 1604 605 1656 expedire
626 1603 870 1655 potuerim.
1661 1604 1668 1610 ’

314 1676 548 1727 Quantum
579 1674 636 1714 ad
666 1673 983 1713 confessiones
1010 1672 1193 1723 quidem
1221 1671 1408 1719 attinet,
1444 1670 1553 1709 dum
1579 1669 1729 1720 potui,
1766 1679 1859 1707 non

233 1746 370 1786 defui.
394 1745 444 1785 In
465 1745 581 1785 festo
603 1745 915 1790 Pentecostes,
940 1749 1043 1794 post
1064 1748 1408 1782 sacramentum
1430 1739 1741 1792 poenitentiae
1763 1750 1862 1778 sus—

233 1823 438 1869 ceptum,
486 1815 653 1866 viginti
698 1815 787 1854 duo
829 1814 1024 1865 juvenes
1070 1812 1546 1852 communicaverunt.
1593 1810 1718 1849 Bella
1759 1810 1860 1860 ipsa

232 1888 401 1927 multos
428 1887 534 1927 hinc
563 1892 838 1925 amoverunt
869 1897 925 1924 ex
953 1885 1029 1933 iis,
1060 1884 1135 1934 qui
1162 1883 1356 1933 singulis
1386 1882 1516 1921 festis
1547 1879 1863 1920 communica,

232 1959 357 1998 bant.
382 1957 576 2007 Verum,
601 1956 821 2008 quoniam
837 1967 997 1994 eorum
1014 1954 1219 2005 plerique
1239 1952 1500 1993 Lovanium
1520 1951 1719 2002 profecti
1737 1956 1859 2000 sunt,

234 2020 434 2068 arbitror
466 2027 589 2079 apud
617 2026 788 2067 fratres
820 2032 1006 2065 nostros
1041 2024 1211 2064 ibidem
1245 2035 1299 2063 ea
1334 2028 1596 2074 praestare,
1634 2032 1752 2072 quae
1786 2020 1862 2059 hic

232 2106 473 2149 praestare
495 2102 852 2137 consueverunt.
877 2095 979 2135 Non
1000 2095 1164 2134 desunt
1186 2095 1266 2146 qui
1285 2094 1344 2133 ad
1364 2092 1703 2133 confessionem
1724 2096 1769 2130 et
1791 2102 1859 2130 sa-

236 2181 365 2209 cram
387 2169 605 2220 synaxim
627 2167 823 2217 singulis
845 2167 1005 2206 diebus
1026 2166 1155 2205 festis
1177 2165 1419 2204 accedunt.

295 2277 298 2281 ,
316 2240 430 2279 Tres
451 2239 622 2282 fratres
638 2244 873 2289 postremo
890 2236 1086 2276 Romam
1102 2235 1333 2285 misimus,
1354 2240 1459 2274 ante
1477 2244 1674 2285 quorum
1692 2232 1859 2276 adven—

238 2317 333 2349 tum
351 2309 447 2361 jam
468 2309 671 2361 quinque
693 2308 809 2348 alios
830 2318 966 2358 spero
983 2306 1277 2346 adventasse.

316 2381 496 2420 Interea
521 2380 630 2419 dum
651 2390 732 2430 per
755 2378 1001 2417 sanitatem
1022 2377 1174 2427 licuit,
1197 2381 1416 2426 aegrotos
1438 2374 1646 2423 visimus,
1670 2372 1865 2412 nonnul-

237 2452 306 2490 las
336 2452 557 2490 honestas
584 2455 823 2489 matronas
857 2448 901 2487 in
938 2447 1228 2487 consessione
1273 2445 1549 2485 audivimus.
1584 2441 1864 2493 Supervenit

240 2522 465 2561 adversae
507 2532 637 2560 meae
676 2518 931 2558 valetudini
970 2517 1320 2568 intempestivus
1360 2515 1547 2555 morbus
1587 2520 1633 2553 et
1667 2524 1866 2563 sequens

241 2603 365 2631 mors
386 2591 546 2631 fratris
567 2590 735 2640 nostri,
759 2589 975 2640 Magistri
995 2588 1151 2628 Caroli
1178 2586 1472 2635 Commelini,
1497 2585 1573 2635 qui
1594 2595 1679 2623 nos
1708 2583 1786 2623 diu
1807 2582 1866 2621 ab

241 2662 436 2701 aliorum
459 2673 570 2701 cura
591 2660 846 2700 revocavit.
872 2659 1068 2708 Verum,
1093 2664 1141 2698 ut
1162 2664 1293 2709 puto,
1316 2668 1408 2696 non
1429 2666 1596 2707 parum
1624 2652 1867 2694 charitatis

243 2733 326 2771 suit
348 2732 474 2771 illum
498 2731 612 2771 adeo
635 2741 775 2781 aegre
795 2730 1085 2769 laborantem
1106 2727 1328 2778 adjuvare
1349 2732 1418 2776 ut,
1443 2725 1508 2765 sic
1526 2725 1724 2764 fratrum
1742 2721 1864 2773 adju—

243 2809 317 2841 tus
339 2801 508 2851 officio,
533 2801 682 2851 magis
704 2801 777 2851 pie
799 2806 841 2839 et
863 2800 1034 2850 absque
1062 2796 1353 2838 solicitudine
1383 2796 1451 2835 sui
1481 2795 1690 2846 corporis
1719 2804 1866 2833 more—

301 2961 309 2980 ¹
351 2962 593 2994 Autographa·.
612 2961 748 2987 litterae
765 2961 796 2987 in
812 2960 889 2987 solio
904 2961 1000 2987 unico
1016 2968 1045 2986 n.
1064 2960 1122 2986 1:⁷28.
