1987 3260
886 146 921 181 A
932 155 970 181 N.
1000 144 1091 181 1550
1733 145 1803 182 20.-

179 254 264 282 ncc
297 241 419 281 aliud
448 241 494 281 in
522 252 577 280 eo
605 239 903 281 considerare
931 240 1059 293 potui
1089 239 1211 291 quod
1239 239 1349 280 mihi
1380 239 1645 291 displiceret
1665 252 1803 293 quam

179 311 300 364 quod
321 323 412 351 non
434 311 583 363 potuit
603 311 758 361 legere
780 310 920 350 horas
940 316 989 350 ut
1009 308 1302 350 satisfaceret
1322 310 1588 362 praeceptis
1603 316 1647 350 et
1668 322 1800 362 regu-

177 382 231 422 lis
261 382 370 422 suis.
400 381 482 422 Est
508 387 553 422 et
585 380 842 421 saecularis
870 380 1059 433 quidam
1086 380 1307 420 sacerdos
1342 379 1549 432 ejusdem
1575 381 1732 432 oppidi
1759 389 1801 422 et

177 453 351 504 aliquot
384 452 461 492 alii
488 452 726 503 utriusque
762 463 924 499 sexus,
960 451 1058 503 qui,
1091 456 1141 491 ut
1172 450 1288 491 dixit
1323 450 1435 491 mihi
1468 450 1622 502 Prior,
1658 452 1802 492 miras

177 523 413 574 patiuntur
440 522 750 562 revelationes
778 528 822 562 et
850 521 1018 574 viginti
1047 521 1181 561 annis
1212 521 1339 572 passi
1369 526 1496 572 sunt,
1532 522 1652 562 mira
1679 522 1801 562 bona

175 594 506 645 prophetantes
544 593 600 632 de
636 593 724 633 hac
758 599 918 633 nostra
952 591 1209 644 Societate;
1250 592 1297 632 in
1332 591 1496 644 quibus
1528 592 1617 632 hoc
1652 593 1801 633 solum

174 664 408 716 displicuit
435 663 570 714 mihi,
602 663 724 715 quod
751 663 902 704 dictus
932 663 1174 714 sacerdos,
1205 663 1317 702 satis
1346 674 1510 714 senex,
1541 663 1675 703 nives
1696 675 1800 704 con-

173 740 351 774 stanter
372 740 416 774 et
437 739 564 774 certo
586 735 828 785 promittat
849 734 1004 784 brevi,
1028 733 1168 773 immo
1189 732 1468 785 quandoque
1490 740 1668 774 certum
1690 740 1799 774 tem-

176 816 259 855 pus
279 804 546 855 nominans,
572 804 695 856 quod
711 803 808 855 jam
828 815 968 856 saepe
989 803 1168 854 fefellit,
1192 809 1236 843 et
1257 803 1505 855 quemdam
1531 809 1798 853 venturum,

174 876 251 926 qui
272 875 413 915 etiam
434 886 574 926 supra
597 875 849 926 Apostolos
879 875 1056 914 clareat
1085 874 1333 925 prodigiiS,
1363 874 1531 925 signis,
1564 875 1802 915 miraculis

174 952 217 985 et
237 945 468 996 doctrina,
495 946 568 985 cui
592 957 753 986 omnes
775 957 801 984 a
823 945 1026 985 maximo
1048 956 1192 995 usque
1223 944 1283 985 ad
1305 945 1547 985 minimum
1574 951 1801 997 cogentur

174 1016 385 1067 obedire,
410 1017 487 1068 qui
516 1027 676 1056 omnes
698 1016 839 1056 libere
867 1015 1176 1066 reprehendet
1202 1021 1246 1055 et
1280 1015 1574 1064 reformabit;
1600 1022 1644 1056 et
1665 1015 1801 1067 hujus

174 1086 285 1127 dicti
315 1087 404 1127 viri
431 1086 726 1138 coadjutores
755 1092 910 1126 essent
936 1085 1044 1126 fres.
1074 1086 1243 1136 nostri;
1273 1093 1316 1126 et
1352 1087 1511 1127 dicunt
1546 1098 1595 1127 se
1631 1098 1801 1138 cogno-

173 1170 303 1198 scere
326 1159 371 1198 in
394 1158 558 1209 spiritu
580 1157 654 1197 cui
674 1156 904 1197 Dominus
926 1163 1105 1197 tantam
1125 1156 1336 1197 infundet
1365 1158 1583 1208 gratiam.
1607 1157 1679 1198 De
1701 1158 1801 1198 istis

172 1229 444 1280 simpliciter
465 1228 560 1268 dixi
581 1228 704 1279 quod
727 1227 911 1279 quidem
931 1239 1067 1279 spero
1084 1239 1166 1279 per
1182 1226 1269 1267 Dei
1286 1228 1490 1278 gratiam
1512 1228 1800 1269 reformatio-

172 1311 276 1339 nem
297 1299 560 1349 Ecclesiae,
585 1298 666 1338 sed
687 1298 811 1349 quod
832 1310 885 1338 eo
908 1297 1043 1338 modo
1065 1298 1194 1338 fieret
1215 1310 1288 1338 me
1309 1310 1403 1338 non
1434 1299 1644 1349 credere,
1669 1305 1714 1339 et
1736 1300 1798 1339 ita

174 1383 244 1410 mc
266 1370 503 1410 substraxi
537 1369 593 1409 ab
620 1369 742 1418 istis,
777 1380 955 1409 memor
984 1369 1234 1408 verborum
1262 1369 1471 1409 Domini:
1503 1370 1702 1420 quinon
1731 1374 1801 1409 est

173 1445 337 1481 contra
359 1452 468 1489 1¹05,
490 1439 727 1480 vobiscum
748 1443 846 1488 ests
866 1446 910 1479 et
932 1439 1041 1479 veni
1063 1438 1424 1479 Amstelodamis
1448 1446 1492 1480 et
1512 1440 1574 1480 ibi
1595 1440 1798 1492 hospitio

172 1518 416 1564 susceptus
444 1511 509 1551 fui
536 1522 561 1550 a
590 1517 777 1562 pastore
811 1511 980 1550 summi
1006 1511 1187 1561 templi,
1218 1510 1279 1550 M.
1303 1510 1568 1562 Florentio,
1599 1511 1672 1551 cui
1695 1512 1803 1552 olim

173 1583 556 1623 cohabitaveram
583 1581 803 1633 Lovanii,
837 1588 880 1621 et
915 1581 1021 1621 inde
1051 1581 1209 1621 statim
1236 1582 1377 1621 invisi
1406 1581 1659 1622 Dominum
1687 1582 1803 1623 Can-

172 1655 319 1700 nium,
357 1653 640 1694 confratrem
679 1653 867 1693 Domini
901 1651 1105 1692 Cornelii
1134 1651 1159 1703 ¹,
1198 1664 1333 1704 quem
1364 1652 1461 1704 jam
1497 1665 1632 1704 spero
1666 1653 1802 1693 vobis

174 1726 357 1771 adesse,
388 1725 575 1765 doctum
604 1723 854 1764 admodum
887 1724 1041 1764 virum
1078 1729 1121 1763 et
1149 1729 1385 1775 pastorem
1413 1723 1655 1775 cujusdam
1675 1724 1800 1776 pagi,

172 1796 247 1847 qui
278 1795 414 1836 valde
443 1795 706 1835 humaniter
736 1796 782 1835 in
808 1794 1009 1835 Domino
1036 1806 1122 1834 nos
1153 1795 1357 1846 suscepit
1388 1800 1432 1834 et
1463 1795 1579 1835 dixit
1607 1806 1656 1835 se
1685 1807 1802 1847 pene

172 1867 289 1906 illius
312 1866 453 1906 animi
473 1878 574 1906 esse
595 1866 671 1917 qui
693 1866 804 1905 velit
827 1866 956 1917 sequi
977 1865 1229 1905 Dominum
1251 1865 1466 1906 Crocum.

249 1937 304 1977 Et
344 1936 448 1976 inde
488 1936 649 1976 eodem
684 1936 757 1976 die
792 1936 975 1976 rediens
1010 1935 1395 1983 AmstelodamIs,
1442 1936 1577 1976 alteri
1612 1936 1799 1976 cuidam

170 2008 317 2059 probo
340 2015 383 2048 et
405 2008 542 2047 docto
565 2007 798 2047 sacerdoti
818 2007 1034 2058 loquutus
1057 2018 1180 2057 sum,
1205 2007 1281 2057 qui
1310 2007 1424 2046 dixit
1453 2019 1502 2047 se
1535 2007 1801 2047 Lovanium

172 2085 417 2118 venturum
441 2085 485 2118 et
513 2084 837 2129 suscepturum
871 2077 1109 2117 exercitia.
1141 2077 1330 2117 Interim
1361 2084 1518 2117 tamen
1548 2078 1595 2117 hi
1626 2078 1803 2118 domini

172 2155 445 2200 exspectant
473 2150 652 2188 litteras
679 2148 866 2188 Domini
890 2147 1046 2197 Croci,
1082 2147 1313 2199 quomodo
1345 2148 1563 2188 videlicet
1594 2148 1684 2199 ipsi
1704 2160 1805 2189 suc-

171 2220 320 2260 cedat.
344 2220 508 2259 Pastor
531 2231 731 2271 quoque,
756 2219 927 2270 hospes
950 2230 1098 2268 meus,
1126 2219 1319 2258 multum
1342 2218 1540 2258 afficitur
1560 2218 1801 2269 Societati,

171 2292 231 2330 ita
267 2297 315 2330 ut
345 2291 461 2330 bene
496 2290 551 2330 de
585 2290 684 2341 ipso
721 2296 1065 2341 exspectarem,
1099 2290 1188 2329 nisi
1222 2289 1434 2329 timerem
1468 2301 1562 2329 non
1602 2301 1805 2341 parvam

173 2361 543 2401 commotionem.
575 2359 663 2401 Sed
692 2359 920 2400 Dominus
950 2360 1085 2412 Jesus
1114 2360 1233 2399 bene
1268 2366 1313 2399 et
1349 2361 1556 2400 suaviter
1588 2360 1807 2411 dignetur

173 2432 326 2471 omnia
349 2431 612 2483 disponere.
638 2430 813 2470 Audivi
837 2430 1006 2470 ibidem
1029 2430 1372 2470 confessionem
1403 2431 1538 2470 unius
1565 2431 1807 2482 praecipui

173 2503 448 2542 mercatoris
465 2501 662 2552 jacentis
684 2502 729 2541 in
751 2501 994 2546 extremis,
1028 2513 1053 2540 a
1085 2501 1240 2540 multis
1267 2507 1462 2551 rogatus
1490 2508 1534 2541 et
1567 2514 1593 2541 a
1620 2508 1807 2552 pastore

173 2585 355 2624 quoque
386 2573 655 2623 instigatus,
688 2572 765 2623 qui
795 2572 937 2611 etiam
968 2571 1064 2623 jam
1100 2572 1226 2611 obiit.
1263 2572 1492 2612 Dominus
1527 2572 1805 2612 misereatur

174 2644 355 2684 animae
376 2643 486 2695 ejus.
508 2643 732 2683 Omnibus
749 2655 866 2694 pene
883 2643 944 2682 ibi
962 2648 1098 2682 notus
1114 2642 1178 2682 fui
1200 2648 1385 2693 praeter
1403 2643 1803 2694 exspectationem

176 2715 353 2755 ratione
389 2715 665 2764 amicorum,
703 2714 784 2754 sed
817 2725 904 2764 ego
935 2714 1247 2764 protestabar,
1288 2714 1427 2753 immo
1456 2714 1610 2765 potius
1645 2720 1808 2765 pastor

177 2797 278 2825 meo
317 2786 521 2831 nomine,
559 2785 682 2836 quod
716 2785 840 2833 illos,
879 2785 956 2835 qui
991 2796 1063 2823 me
1102 2784 1283 2823 ratione
1324 2791 1504 2824 tantum
1542 2784 1799 2825 amicorum

233 2945 238 2962 ¹
283 2944 426 2970 cornelii
444 2944 551 2970 Croci.
