1987 3260
1848 0 1853 4 ⁴
1881 0 1962 29 11³:ng

236 229 306 266 372
756 230 979 267 LITTERAE
1006 242 1361 273 QUADR1MESTRES

234 325 415 366 Latinis
435 327 736 366 concionibus
757 327 803 366 in
826 326 1147 366 Germanicas.
1179 328 1444 368 Institutum
1473 329 1561 369 hoc
1589 329 1653 369 ita
1679 342 1858 381 promo-

235 397 303 436 vit
324 396 483 437 divina
504 397 690 437 bonitas
711 403 779 447 ut,
805 397 987 437 etiamsi
1008 386 1277 437 difficillima
1300 399 1359 438 sit
1380 399 1567 450 linguae
1595 399 1730 440 huius
1755 412 1857 452 pro-

233 468 477 519 nuntiatio,
496 474 651 508 tamen
672 468 905 518 intelligar
921 480 1043 508 nunc
1065 468 1122 508 ab
1144 468 1371 519 omnibus,
1397 470 1473 520 qui
1495 470 1554 510 ad
1576 471 1856 511 audiendum

233 545 357 579 certe
377 540 564 590 plurimi
585 539 836 579 confluunt.
859 538 979 579 Nam
1000 545 1044 578 et
1064 550 1290 591 persaepe
1313 541 1562 591 contingit,
1585 541 1786 592 primum
1811 542 1857 582 in

232 611 523 661 angustiore,
546 622 669 650 nunc
689 610 736 649 in
757 610 982 660 ampliore
1003 611 1196 661 templo,
1221 616 1271 650 ut
1291 611 1463 650 referta
1485 612 1577 651 illic
1598 613 1859 662 praesentis

228 681 387 732 populi
408 681 542 720 turba
563 680 781 720 excludat
802 681 933 732 alios,
951 681 1029 732 qui
1045 693 1130 732 pro
1148 680 1325 722 foribus
1347 687 1391 721 et
1414 682 1473 721 ad
1493 681 1724 722 fenestras
1740 683 1856 723 foris

226 753 507 792 auscultant.
536 752 713 792 Exorta
740 752 926 792 interim
954 752 1182 792 nubecula
1217 753 1374 792 nescio
1411 753 1519 804 quid
1548 754 1659 793 mihi
1688 754 1854 794 minari

228 823 488 873 videbatur,
521 822 630 862 dum
657 834 684 862 a
719 823 1051 863 concionatore
1085 822 1288 874 quodam
1318 835 1409 863 non
1438 824 1634 863 candide
1661 830 1852 875 tractor,

226 894 352 934 velut
374 894 451 945 qui
470 899 657 944 praeter
677 905 855 933 morem
875 899 919 933 et
946 893 993 933 in
1018 894 1121 933 loco
1151 894 1337 934 insolito
1368 894 1603 945 prodirem
1631 895 1689 934 ad
1717 907 1854 935 evan-

225 964 534 1015 gelizandum.
565 964 653 1004 Hic
679 965 837 1004 statim
865 965 1048 1004 collecti
1074 965 1366 1016 professores
1397 966 1540 1005 totius
1568 965 1853 1006 Academiae

226 1036 606 1076 concionatorem
626 1035 752 1075 illum
773 1040 989 1086 arguunt,
1014 1047 1086 1075 me
1121 1036 1327 1076 studiose
1353 1036 1624 1087 defendunt,
1655 1038 1730 1076 vel
1761 1049 1854 1077 non

224 1107 378 1158 rogati
411 1105 420 1125 ¹
454 1118 653 1158 poenam
683 1111 947 1158 proponunt
981 1107 1231 1146 multorum
1267 1119 1542 1158 aureorum,
1566 1107 1605 1147 si
1625 1107 1853 1148 adversus

223 1183 419 1218 conatus
446 1189 573 1217 meos
602 1177 676 1217 ille
712 1177 897 1217 mutiret
927 1178 1178 1228 quicquam
1204 1177 1251 1217 in
1280 1184 1534 1229 posterum.
1565 1177 1780 1219 Accessit
1809 1185 1853 1218 et

222 1249 441 1300 Episcopi
462 1249 711 1298 sententia,
734 1249 833 1299 qui,
863 1260 913 1288 re
941 1254 1202 1299 comperta,
1233 1249 1328 1288 suis
1350 1260 1422 1288 me
1444 1249 1610 1289 litteris
1635 1249 1852 1290 admonet

222 1332 279 1360 ne
300 1320 651 1371 supersederem
673 1320 729 1359 ab
750 1320 838 1359 hoc
859 1319 1088 1369 instituto,
1117 1321 1320 1359 laturum
1347 1332 1415 1366 se,
1446 1320 1483 1359 si
1513 1320 1699 1371 quidem
1732 1332 1850 1372 opus

222 1396 357 1440 esset,
382 1402 542 1430 omnes
563 1390 674 1429 mihi
697 1391 948 1441 suppetias.
972 1390 1022 1430 In
1043 1390 1212 1441 populo
1244 1403 1337 1430 non
1366 1390 1552 1430 defuere
1580 1391 1657 1441 qui
1678 1392 1850 1431 vellent

220 1461 359 1501 aedes
381 1461 571 1500 alterius
592 1472 879 1512 oppugnare,
905 1467 949 1500 et
971 1461 1067 1501 vim
1088 1461 1259 1500 inferre
1281 1473 1365 1501 ceu
1387 1462 1727 1502 calumniatori.

297 1531 393 1571 Nos
415 1539 463 1571 ut
486 1532 830 1582 tranquilliores
851 1531 1152 1571 redderemus
1173 1532 1335 1571 turbas
1357 1531 1369 1549 ”·’
1392 1544 1527 1583 quae,
1553 1532 1686 1571 nobis
1708 1533 1847 1572 etiam

218 1603 397 1647 invitis,
422 1603 468 1642 in
490 1603 616 1642 illum
638 1602 1010 1652 concitabantur,
1035 1614 1262 1642 excusare
1283 1603 1459 1642 factum
1488 1603 1770 1653 studuimus,
1803 1610 1847 1643 et

217 1674 362 1713 iratos
383 1675 570 1725 placare
593 1674 774 1713 animos
797 1673 875 1712 vix
895 1673 1143 1724 potuimus.
1168 1673 1378 1724 Agnovit
1406 1674 1493 1713 hoc
1526 1673 1727 1714 officium
1753 1674 1842 1724 ille,

221 1744 297 1795 qui
318 1744 612 1795 tragoediam
632 1744 768 1794 hanc,
793 1744 901 1783 dum
928 1744 1040 1783 mihi
1067 1755 1233 1794 parum
1254 1744 1402 1794 favet,
1434 1744 1530 1795 ipse
1552 1745 1638 1784 sibi
1669 1750 1841 1785 temere

219 1816 493 1865 concitavit,
513 1814 699 1866 jamque
720 1827 804 1854 nos
826 1815 911 1854 sibi
933 1827 1072 1865 quam
1093 1822 1231 1854 antea
1262 1815 1413 1866 pergit
1445 1815 1616 1855 habere
1647 1815 1840 1856 familia—

216 1887 376 1926 riores.
396 1886 541 1936 Igitur
563 1885 692 1925 festis
713 1886 874 1926 diebus
895 1898 1017 1925 nunc
1038 1898 1183 1937 pergo
1201 1887 1543 1937 evangelizare,
1563 1887 1643 1927 sed
1663 1887 1839 1927 utinam

214 1963 343 1997 tanto
373 1968 477 1996 cum
506 1956 659 1996 fructu
693 1957 953 1996 animarum
981 1963 1153 2007 quanto
1183 1969 1288 1996 cum
1317 1958 1544 2008 applausu
1574 1964 1618 1997 et
1647 1969 1840 1998 numero

216 2027 514 2067 audientium.
556 2026 772 2066 Libenter
821 2027 1066 2078 optimates
1116 2027 1363 2077 accedunt,
1406 2029 1600 2079 populus
1638 2027 1840 2068 fructum

213 2098 475 2149 praedicat,
514 2098 748 2148 parochus
782 2098 828 2137 in
865 2098 963 2137 dies
997 2097 1222 2148 majorem
1260 2099 1522 2149 pollicetur,
1561 2110 1649 2149 ego
1679 2099 1838 2139 videre

213 2180 352 2220 quam
373 2169 532 2208 audire
554 2174 598 2208 et
619 2174 868 2219 expectare
890 2169 1066 2219 malim,
1096 2175 1145 2208 ut
1172 2168 1311 2208 rudes
1342 2175 1384 2208 et
1416 2170 1613 2208 miserae
1644 2170 1838 2209 istorum

213 2240 526 2280 conscientiae
557 2239 847 2291 juvarentur.
885 2240 935 2279 Id
961 2240 1203 2280 nobiscum
1237 2240 1446 2280 lubenter
1477 2241 1636 2280 vident
1668 2241 1765 2291 alii,
1794 2247 1838 2280 et

212 2310 536 2350 admirandum
558 2317 747 2350 censent
768 2311 911 2362 quod,
946 2316 1132 2362 praeter
1151 2322 1343 2359 morem,
1373 2323 1464 2350 non
1486 2312 1635 2351 solum
1662 2317 1837 2351 attente

213 2393 268 2421 ac
294 2382 474 2431 integre
502 2382 773 2421 concionem
800 2381 989 2421 audiant
1025 2382 1121 2429 isti,
1160 2382 1241 2422 sed
1271 2383 1411 2422 etiam
1440 2382 1498 2422 ad
1526 2382 1661 2422 finem
1690 2394 1835 2433 usque

213 2451 382 2491 Missae
403 2452 449 2491 in
471 2453 640 2502 templo
662 2464 843 2492 mecum
864 2459 1180 2504 perseverent.
1206 2452 1324 2492 Nam
1358 2452 1401 2492 id
1432 2453 1623 2492 nimium
1652 2453 1727 2492 hic
1758 2453 1834 2491 ali-

211 2523 346 2574 bique
367 2529 605 2573 receptum
624 2523 806 2573 videas,
838 2529 886 2562 ut
913 2524 1063 2563 omnis
1094 2535 1255 2563 morae
1286 2523 1580 2574 impatientes
1610 2523 1831 2574 plerique,

212 2599 290 2633 aut
316 2601 423 2644 post
449 2593 757 2643 Evangelium
793 2600 1052 2644 cantatum,
1083 2600 1164 2634 aut
1202 2595 1247 2634 in
1274 2594 1427 2634 medio
1463 2593 1722 2641 concionis,
1756 2601 1833 2633 aut

211 2664 369 2704 statim
390 2664 446 2703 ab
468 2665 650 2704 elevata
671 2664 717 2703 in
739 2665 881 2704 altum
897 2665 1192 2704 Eucharistia
1214 2677 1364 2715 sacra,
1389 2676 1412 2704 e
1434 2664 1625 2715 Templo
1642 2664 1834 2715 perinde

211 2740 348 2785 atque
369 2746 509 2774 canes
530 2735 730 2785 fugiant,
754 2746 920 2785 parum
941 2747 1173 2775 memores
1195 2735 1371 2775 scilicet
1392 2735 1447 2775 de
1470 2734 1697 2774 audienda
1720 2735 1829 2774 inte-

210 2816 293 2855 gre
313 2805 470 2845 Missa.

262 2987 271 3006 ¹
312 2986 428 3014 Verba
443 2988 498 3013 vel
515 2995 580 3013 non
598 2990 711 3021 rogati
725 2989 955 3022 praetermisit
971 2989 1150 3016 Polaneus.

261 3034 274 3052 ²
312 3033 465 3061 Canisius
481 3035 664 3069 scripserat
681 3035 750 3062 Nos
765 3036 802 3062 ob
819 3036 1108 3069 tranquillandas
1130 3037 1264 3063 turbas.
