1987 3260
902 177 987 214 AN.
1017 176 1109 214 1549
1753 177 1816 215 151

200 272 472 313 affabilitate
492 272 795 313 Reverendus
815 272 1042 313 Dominus
1061 272 1286 324 Elpidius,
1311 272 1495 323 collegii
1524 271 1659 323 hujus
1688 284 1818 325 prae-

196 354 285 393 ses,
309 354 396 383 nos
413 355 574 383 omnes
589 343 636 383 in
652 342 854 383 Domino
873 343 1142 395 susceperit,
1162 343 1372 383 similiter
1389 348 1434 382 et
1450 341 1620 382 fratres
1641 355 1815 384 omnes.

195 412 315 453 Dein
351 414 591 453 concionis
619 414 737 465 loco,
770 420 976 466 tempore
1002 413 1267 454 refectionis
1294 413 1566 464 corporalis,
1599 413 1739 465 aliqui
1760 426 1818 454 ex

195 483 415 524 fratribus
445 484 620 524 eisdem
651 485 843 525 latinam
874 485 1078 525 habuere
1113 484 1375 526 orationem
1405 494 1578 535 magna
1608 484 1819 535 profecto

195 565 301 594 cum
320 555 490 605 gratia.
513 555 613 605 Ego
635 567 747 595 sane
769 562 865 596 tam
890 556 1083 596 latinam
1113 560 1418 605 ornatamque
1446 554 1704 594 orationem
1719 560 1815 594 tan—

194 630 382 675 tamque
406 625 719 677 eloquentiam
746 626 802 666 ab
820 626 885 666 eis
908 638 999 666 non
1021 630 1400 676 expectaveram‚
1420 636 1702 676 quamquam
1719 636 1816 665 sae-

194 695 299 746 pius
321 701 458 735 antea
482 696 722 736 audieram
742 708 903 736 omnes
922 696 1171 748 plurimum
1193 695 1239 735 in
1261 694 1427 735 studiis
1448 694 1690 746 proficere.

271 765 442 806 Iterum
462 767 567 807 vale
590 767 635 807 in
656 766 872 808 Domino.
897 767 1098 819 Raptim.

271 835 470 887 Patavii,
494 837 594 888 ipso
616 837 688 877 die
709 837 919 878 Paschae
939 849 1061 878 anno
1087 837 1201 877 1549.

269 907 439 947 Vester
459 907 676 958 indignus
697 908 816 948 filius
836 909 883 948 in
904 908 1119 948 Domino.

1041 1102 1316 1142 HADmANUS
1345 1102 1583 1142 HADRIANI

1189 1192 1230 1218 ab
1246 1189 1435 1224 antuerpia.

265 1403 633 1456 Superscrz'ptio.
670 1367 784 1444 ΙΙΪΙΞ.
818 1404 874 1444 R.
904 1405 951 1444 in
978 1404 1061 1444 X.⁰
1087 1403 1216 1444 Patri
1241 1403 1362 1444 Dno.
1389 1404 1559 1457 Joanni
1588 1403 1809 1453 Polanco,

184 1473 433 1515 Societatis
453 1475 577 1528 Jesu.
601 1475 792 1515 Romae.

263 1545 374 1585 Alia
394 1557 569 1586 manu:
594 1545 707 1586 1549.
732 1545 907 1586 Padua.
933 1545 1017 1586 M.⁰
1039 1545 1270 1597 Adrian0‚
1292 1546 1344 1586 22
1365 1546 1407 1585 d'
1433 1545 1611 1597 aprille.
