1987 3260
899 228 981 265 Ax.
1014 227 1100 264 1551
1746 226 1816 262 :325

191 327 405 378 deposuit
427 331 497 376 ut,
521 337 574 365 eo
596 326 696 376 ipso
718 325 810 373 die,
837 331 1004 364 vocato
1027 324 1193 373 fratre,
1224 335 1317 375 pax
1344 323 1462 362 inter
1489 334 1568 362 eos
1596 333 1687 361 non
1718 323 1816 361 sine

190 397 412 448 lacrymis
439 396 563 436 facta
592 396 649 435 sit
677 395 764 435 hac
792 396 917 446 lege,
950 400 998 434 ut
1027 394 1168 434 frater
1196 393 1504 434 concubinam
1532 393 1656 432 illam
1683 392 1815 432 duce-

192 475 259 507 ret
281 468 326 506 in
348 478 556 506 uxorem.
577 466 719 506 Paulo
740 472 843 517 post
864 477 976 505 vero
998 470 1041 504 et
1059 465 1156 516 ipse
1177 464 1416 505 confessus
1437 469 1520 511 est,
1540 462 1662 514 quod
1679 470 1817 502 antea

191 548 442 588 numquam
458 536 647 586 fecerat,
667 548 773 576 cum
785 541 940 575 tamen
957 535 1240 575 tricesimum
1255 534 1351 586 jam
1368 540 1609 585 superaret
1627 544 1812 583 annum,

190 615 237 647 ut
267 607 403 647 facile
438 613 538 647 erat
573 607 756 656 videre;
793 613 837 646 et
864 606 965 657 ipsa
992 605 1130 645 etiam
1160 605 1317 645 fratris
1344 616 1484 653 uxor,
1515 605 1657 644 totius
1684 604 1815 651 origo

190 679 317 725 mali,
357 679 512 718 multis
547 689 653 718 cum
689 677 911 729 lacrymis
941 677 1159 728 verisque
1191 676 1338 726 signis
1368 675 1680 726 poenitentiae
1711 687 1814 714 con-

191 748 313 789 fessa
336 756 418 789 est.
443 749 628 789 Tertius
650 760 783 797 verO,
807 747 968 799 paucis
990 753 1097 787 ante
1121 747 1301 797 diebus,
1334 758 1498 797 nempe
1529 746 1587 785 ad
1617 745 1812 797 Pascha,

189 819 341 870 ajebat
366 831 413 859 se
435 819 698 859 confessum
720 818 878 858 fuisse.

268 891 390 930 Inter
412 890 527 929 alios
548 901 729 941 quoque
752 889 890 939 duos,
923 899 1148 939 generum
1177 895 1221 928 et
1248 899 1482 936 socerum,
1513 886 1590 937 qui
1617 893 1813 938 quatuor

189 961 324 1000 annis
346 960 521 1000 inimici
547 960 755 1009 fuerant,
786 960 849 999 ita
877 965 926 999 ut
951 970 1095 1009 gener
1123 970 1337 998 socerum
1370 958 1505 997 vellet
1537 956 1810 1005 interficere,

189 1042 279 1082 pax
308 1030 448 1070 facta.
485 1030 733 1071 Praeterea
761 1031 879 1070 inter
907 1030 1023 1070 duos
1050 1034 1354 1079 mercatores,
1385 1040 1582 1080 quorum
1610 1028 1725 1068 alter
1755 1029 1811 1070 ob

189 1102 455 1141 inimicitias
485 1101 582 1152 jam
615 1107 842 1141 statuerat
877 1101 989 1141 urbe
1023 1101 1198 1151 egredi.
1234 1100 1366 1140 Alius
1401 1111 1606 1151 quoque,
1635 1111 1740 1139 cum
1770 1099 1808 1138 ei

187 1172 329 1212 frater
359 1173 540 1212 occisus
572 1172 748 1221 fuisset,
785 1184 840 1212 ac
872 1172 1063 1222 proinde
1107 1177 1347 1211 auctorem
1384 1171 1540 1210 caedis
1573 1170 1810 1210 fraternae

188 1243 285 1294 ipse
319 1255 402 1294 per
437 1243 553 1282 duos
587 1254 735 1282 annos
762 1242 1007 1293 diligenter
1034 1248 1343 1294 persequutus
1369 1248 1510 1291 esset,
1542 1247 1590 1281 ut
1614 1246 1809 1281 mortem

188 1320 336 1352 morte
353 1313 670 1363 ulcisceretur,
690 1312 891 1363 quadam
908 1313 980 1352 die
1002 1313 1065 1352 ita
1087 1324 1110 1352 e
1129 1312 1419 1352 confessione
1439 1312 1551 1352 abiit
1572 1312 1688 1351 bene
1705 1311 1808 1351 affe—

186 1391 286 1423 ctus
308 1390 352 1423 et
372 1384 642 1423 immutatus
662 1390 725 1433 ut,
751 1383 960 1434 quaesito
982 1384 1255 1423 adversario
1278 1395 1422 1434 eoque
1444 1383 1631 1423 tandem
1651 1383 1808 1422 inven-

186 1463 247 1504 tO,
270 1455 459 1494 inermis
479 1466 583 1494 eum
604 1454 775 1494 affectu
791 1455 996 1494 maximo
1014 1455 1071 1494 sit
1088 1455 1344 1505 amplexus,
1364 1460 1502 1505 atque
1523 1453 1620 1505 ejus
1639 1465 1810 1504 genam

186 1526 231 1564 in
252 1525 437 1576 signum
459 1525 681 1565 remissae
703 1525 899 1576 injuriae
920 1525 1212 1565 strictissime
1234 1526 1483 1575 osculatus,
1508 1536 1648 1564 orans
1669 1524 1809 1564 etiam

185 1602 233 1635 ut
255 1596 521 1646 ignosceret
543 1596 667 1646 quod
688 1607 714 1634 a
735 1596 913 1635 duobus
934 1595 1069 1635 annis
1090 1596 1218 1635 illum
1239 1595 1451 1635 occidere
1472 1595 1746 1646 quaesisset,
1771 1596 1807 1634 si

187 1667 297 1706 data
318 1666 481 1706 fuisset
503 1667 705 1706 occasio.

261 1737 403 1790 Juvat
437 1738 484 1777 in
517 1737 589 1777 his
626 1738 885 1788 immorari,
923 1739 963 1778 si
997 1738 1079 1778 tibi
1115 1749 1208 1777 non
1238 1744 1307 1777 est
1336 1737 1603 1787 molestum,
1639 1737 1808 1788 optime

183 1808 337 1848 Pater.
370 1808 529 1859 Itaque
565 1808 688 1848 aliud
714 1820 807 1848 non
834 1809 1223 1849 contemnendum
1252 1808 1516 1859 exemplum
1547 1807 1811 1858 hujusmodi

182 1879 448 1918 recensebo.
473 1878 594 1925 Duo.
618 1880 784 1930 quibus
806 1879 950 1919 occisi
970 1879 1155 1919 fuerant
1177 1879 1279 1929 filii,
1304 1891 1409 1919 cum
1429 1886 1479 1919 ut
1500 1879 1619 1919 tanti
1638 1878 1809 1919 facino-

184 1950 246 1989 ris
269 1950 536 1990 auctoribus
565 1950 885 2001 ignoscerent,
917 1951 1039 2002 quod
1070 1951 1115 1990 in
1146 1962 1195 1989 se
1223 1956 1342 2001 erat,
1374 1962 1400 1989 a
1429 1950 1705 2001 quibusdam
1732 1962 1808 1989 no-

183 2028 387 2060 strorum
407 2027 686 2071 rogarentur
709 2021 787 2061 diu
813 2021 997 2072 quidem
1024 2033 1078 2061 ac
1109 2022 1323 2071 multum,
1357 2021 1487 2061 initio
1514 2021 1807 2071 obstiterunt,

182 2098 427 2142 paternum
453 2092 775 2131 existimantes
809 2104 859 2131 se
894 2092 1100 2132 animum
1136 2092 1388 2143 deponere,
1422 2092 1461 2131 si
1496 2092 1540 2131 id
1574 2092 1806 2140 fecissent;

182 2161 368 2201 tandem
398 2169 555 2201 tamen
582 2162 694 2202 victi
729 2174 895 2202 manus
930 2162 1156 2202 dederunt
1183 2162 1462 2214 adductique
1496 2169 1564 2212 ut,
1595 2175 1699 2203 cum
1728 2175 1810 2214 per

182 2240 358 2284 septem
381 2245 528 2273 annos
549 2245 642 2273 non
664 2240 818 2273 essent
842 2233 1064 2284 confessi,
1088 2240 1132 2273 et
1153 2233 1363 2273 confiteri
1383 2240 1427 2273 et
1454 2234 1610 2274 omnia
1637 2233 1806 2284 facere,

182 2316 299 2355 quae
321 2304 394 2343 ille
415 2305 553 2344 vellet
576 2304 763 2355 quicum
784 2305 1106 2356 loquebantur,
1125 2305 1440 2356 promiserint.
1465 2305 1673 2356 Quorum
1694 2306 1810 2344 alter

182 2386 236 2414 eo
258 2374 568 2414 miserabilior
590 2381 708 2425 erat,
733 2375 855 2426 quod
877 2375 992 2415 duos
1014 2382 1121 2416 ante
1149 2387 1296 2415 annos
1317 2382 1482 2427 pactus
1509 2376 1660 2416 fuerat
1681 2388 1808 2416 num-

182 2457 320 2496 quam
342 2457 390 2485 se
412 2445 644 2485 dicturum
659 2446 919 2486 orationem
935 2447 1216 2487 dominicam
1238 2447 1374 2498 idque
1392 2447 1637 2498 diligenter
1658 2447 1808 2487 obser-

182 2523 395 2556 vaverat.

260 2586 450 2627 Praeter
481 2599 560 2627 eas
592 2587 930 2638 confessiones,
969 2600 1085 2639 quas
1119 2589 1165 2628 in
1200 2590 1370 2639 templo
1398 2589 1632 2639 audimus,
1670 2601 1809 2639 saepe

182 2669 364 2708 quoque
387 2658 444 2697 ad
466 2657 673 2698 infirmos
700 2658 955 2698 audiendos
982 2659 1259 2710 eosdemque
1290 2658 1583 2709 adjuvandos
1609 2666 1656 2699 ut
1683 2666 1808 2699 recte

184 2729 458 2779 moriantur,
482 2740 833 2780 nonnumquam
853 2730 993 2769 etiam
1014 2729 1072 2769 ad
1094 2742 1309 2770 carceres
1331 2742 1571 2780 vocamur,
1596 2737 1640 2769 et
1669 2742 1808 2781 quam

181 2810 428 2849 possumus
449 2805 743 2850 praestamus
765 2811 969 2851 operam.

260 2868 447 2920 Augent
470 2870 802 2918 confitentium,
827 2871 947 2922 quod
968 2883 1104 2911 nemo
1126 2871 1327 2921 dubitat,
1352 2883 1597 2912 numerum
1613 2877 1657 2911 et
1677 2872 1806 2923 ipsae

181 2940 444 2991 frequentes
466 2942 729 2992 conciones,
748 2953 922 2992 magna
939 2942 1203 2982 auditorum
1224 2947 1268 2982 et
1289 2943 1511 2982 aviditate
1534 2949 1576 2982 et
1597 2943 1805 2993 frequen-

181 3010 243 3049 tia
267 3011 390 3050 domi
414 3012 612 3051 habitae.
634 3011 681 3051 In
705 3012 998 3052 monasteriis
1016 3024 1197 3063 quoque
1219 3025 1312 3052 non
1334 3025 1441 3053 raro
1463 3015 1706 3064 habentur;
1726 3014 1803 3052 sed
