1987 3260
194 205 264 241 748
699 203 925 240 LITTERAE
951 212 1306 245 QUADRIMESTRES

272 300 401 339 Haec
436 305 561 349 sunt,
592 310 710 349 quae
739 298 1014 338 Paternitati
1041 302 1149 337 tuae
1183 297 1429 338 scribenda
1463 309 1564 338 sese
1600 298 1812 350 offerunt,

193 382 251 409 ex
271 370 356 420 his,
380 381 498 421 quae
519 369 608 409 hoc
628 368 957 420 quadrimestri
978 374 1197 419 operatus
1218 374 1287 408 est
1311 368 1540 409 Dominus
1555 380 1639 420 per
1656 381 1819 410 servos

194 452 319 480 suos.

272 510 506 561 Principio
541 508 721 549 Doctor
756 509 988 559 Baptista,
1026 510 1076 549 P.
1113 515 1294 557 noster,
1336 509 1480 548 adivit
1514 509 1735 561 Deniam,
1775 516 1824 550 ut

195 591 307 619 oves
334 580 436 619 illas
463 579 709 630 inviseret,
740 591 858 630 quas
884 580 970 619 sibi
1005 579 1237 619 commisit
1271 579 1521 630 Dominus,
1550 580 1628 620 ubi
1654 591 1736 631 per
1761 581 1822 620 bi-

194 651 334 690 duum
368 656 531 701 quater
561 650 864 690 concionatus
892 656 961 690 est
990 661 1163 700 magno
1190 661 1296 690 cum
1332 649 1509 700 fructu;
1543 651 1675 690 multi
1701 652 1824 691 enim

193 719 394 760 confessi
416 725 542 771 sunt,
571 726 615 760 et
635 721 793 771 plures
822 720 1038 771 fuissent,
1070 720 1160 760 nisi
1190 720 1349 760 sedula
1377 732 1490 760 cura
1518 721 1666 761 nostri
1697 721 1826 762 illum

193 791 252 830 ad
273 802 358 831 nos
381 790 516 831 citius
537 791 699 830 venire
720 791 1036 842 compulisset.
1060 790 1204 831 Venit
1224 789 1365 840 igitur
1387 801 1493 830 cum
1513 791 1658 831 altero
1687 791 1824 831 Patre

192 862 321 901 socio
357 861 415 901 ad
450 861 795 901 xenodochium
828 860 1029 912 Deniae,
1061 866 1110 901 ut
1145 861 1280 901 alteri
1313 861 1496 901 illorum
1526 861 1824 902 confiteretur

192 932 512 982 xenodochus,
543 932 621 983 qui
652 944 707 972 ea
735 937 870 971 nocte
902 943 929 971 a
956 932 1236 983 quibusdam
1259 930 1507 982 juvenibus
1538 932 1597 971 ad
1627 938 1824 972 mortem

192 1014 337 1054 usque
363 1003 615 1054 perductus
649 1002 799 1042 fuerat
834 1003 1104 1043 exitialibus
1139 1002 1437 1051 vulneribus3
1472 1002 1821 1055 confessusque,

192 1078 299 1112 ante
321 1071 496 1113 obitum
523 1073 810 1113 occisoribus
838 1073 1028 1113 obtenta
1058 1079 1126 1113 est
1154 1072 1317 1123 venia,
1342 1071 1571 1124 Paterque
1600 1085 1627 1113 a
1649 1073 1823 1114 Guber-

191 1150 354 1183 natore
376 1144 570 1183 obtinuit
590 1149 639 1183 ut
659 1143 907 1196 quemdam
923 1142 1164 1195 juvenem,
1190 1143 1246 1183 de
1271 1144 1351 1183 tali
1371 1150 1519 1183 morte
1541 1149 1822 1195 suspectum,

193 1226 219 1253 a
251 1214 451 1254 vinculis
486 1215 532 1254 in
566 1213 778 1254 libertate
811 1220 1086 1266 reponeret;
1124 1214 1248 1265 quod
1283 1213 1458 1254 factum
1494 1220 1576 1254 est.
1615 1214 1822 1255 Alterius

192 1284 332 1324 etiam
362 1285 561 1324 hominis
596 1285 878 1335 libertatem,
912 1285 990 1336 qui
1025 1290 1215 1336 propter
1243 1284 1368 1324 aliud
1396 1284 1613 1325 delictum
1645 1286 1822 1325 catenis

190 1354 376 1394 vinctus
397 1355 579 1405 aderat,
602 1355 754 1395 Patris
774 1356 991 1407 precibus
1013 1355 1226 1406 permisit
1251 1354 1566 1394 Gubernator.

270 1423 413 1464 Allati
435 1430 541 1464 sunt
561 1425 667 1464 illuc
689 1431 788 1464 tum
809 1425 1056 1465 duodecim
1077 1424 1311 1475 homines,
1341 1424 1608 1464 triremibus
1636 1436 1694 1464 ex
1724 1436 1822 1464 sen—

190 1494 336 1534 tentia
353 1493 523 1545 judicis
543 1495 782 1546 destinati,
816 1507 1011 1547 quorum
1041 1495 1222 1536 animos
1243 1494 1380 1535 Pater
1409 1495 1590 1535 erudito
1623 1495 1823 1546 quodam

191 1576 404 1604 sermone
427 1565 486 1605 ad
507 1566 850 1605 confessionem
871 1566 1080 1617 attraxit,
1107 1565 1402 1616 confessique
1425 1571 1532 1605 sunt
1553 1577 1611 1605 ex
1632 1565 1722 1605 illis
1743 1566 1821 1605 ali-

191 1634 288 1685 qui,
312 1641 356 1674 et
376 1635 573 1676 fuissent
594 1648 776 1687 omnes,
799 1637 889 1676 nisi
910 1637 1044 1676 binos
1066 1647 1145 1675 eos
1168 1635 1384 1675 custodes
1411 1641 1816 1684 concatenassent;

188 1716 294 1744 cum
315 1705 374 1755 is,
400 1706 477 1757 qui
498 1707 799 1758 praecipuam
821 1719 983 1747 curam
1006 1707 1190 1747 illorum
1209 1706 1418 1756 gerebat,
1449 1705 1629 1756 aliquos
1657 1705 1817 1745 dissol-

188 1777 348 1826 visset,
372 1778 645 1827 persuaderi
665 1790 902 1829 nunquam
918 1778 1068 1829 potuit
1089 1785 1136 1817 ut
1157 1777 1361 1828 reliquos
1382 1776 1672 1816 dissolveret.

269 1847 515 1888 Ordinavit
536 1848 676 1888 etiam
698 1849 745 1888 in
766 1861 820 1888 eo
852 1849 1036 1900 oppido,
1071 1848 1194 1899 quod
1221 1848 1338 1887 solet
1371 1853 1575 1886 statuere
1603 1858 1819 1898 quocum-

189 1928 276 1967 que
297 1918 661 1959 concionaturus
683 1920 792 1970 abit,
816 1925 865 1959 ut
888 1918 1169 1970 congregati
1191 1918 1328 1957 simul
1350 1929 1509 1957 omnes
1530 1917 1664 1968 pueri
1680 1917 1800 1957 domi

190 1987 306 2028 nicis
327 1988 487 2029 diebus
509 1996 553 2029 et
574 1990 705 2030 festis
727 1990 988 2030 doctrinam
1009 1989 1276 2029 recitarent.

268 2058 448 2099 Deinde
476 2060 708 2100 dominico
735 2061 812 2100 illo
840 2061 934 2110 die,
965 2059 1176 2100 Gandiae
1205 2057 1385 2098 Doctor
1413 2058 1645 2109 Baptista,
1682 2057 1821 2098 Pater

189 2135 361 2180 noster,
387 2131 694 2171 concionatus
724 2138 814 2182 est,
839 2132 1068 2171 instanter
1091 2130 1150 2170 ad
1171 2129 1217 2169 id
1238 2129 1386 2180 pridie
1407 2135 1615 2179 rogatus.
1646 2128 1819 2169 Eodem

190 2199 329 2239 etiam
350 2200 444 2251 die,
468 2207 654 2252 praeter
676 2213 859 2253 semper
881 2201 1157 2242 confitentes
1176 2232 1183 2250 ,
1208 2199 1339 2239 multi
1359 2199 1438 2239 alii
1460 2199 1582 2250 apud
1603 2211 1688 2239 nos
1715 2211 1819 2239 con-

190 2269 301 2309 fessi
321 2276 441 2310 sunt.
472 2271 602 2311 Tunc
632 2272 792 2323 etiam,
817 2272 1022 2324 peractis
1046 2271 1142 2323 jam
1172 2270 1451 2321 vespertinis
1478 2270 1629 2320 horis,
1652 2282 1821 2322 pompa

191 2339 411 2391 Corporis
432 2341 606 2382 Christi
628 2342 684 2382 de
706 2343 914 2394 Collegio
938 2348 1115 2390 nostr0,
1140 2352 1223 2392 per
1243 2340 1430 2380 scholae
1448 2340 1671 2380 ambitum
1691 2345 1735 2380 et
1756 2340 1819 2379 in-

192 2411 365 2450 teriora
387 2413 558 2462 spatia,
590 2425 786 2464 quorum
816 2414 1019 2464 parietes
1040 2410 1210 2463 pannis
1241 2411 1375 2460 tecti,
1407 2411 1654 2462 processit;
1686 2410 1821 2450 adde-

190 2480 301 2520 bant
322 2492 486 2533 nempe
510 2483 853 2524 solemnitatem
872 2493 1152 2523 numerosus
1168 2482 1325 2533 populi
1348 2492 1618 2529 concursus,
1643 2487 1821 2532 praete-

191 2561 272 2590 rea
313 2552 512 2603 equiteS,
558 2554 635 2604 qui
676 2566 781 2594 cum
816 2554 947 2594 Duce
986 2558 1329 2602 convenerant,
1368 2552 1506 2591 tubae
1541 2552 1735 2591 ductiles
1777 2558 1821 2591 et

193 2627 435 2662 cantorum
469 2623 615 2664 dulcis
650 2632 928 2676 concentus,
961 2636 1015 2664 ac
1051 2624 1238 2664 tandem
1273 2622 1523 2662 latinorum
1559 2623 1819 2663 carminum

192 2693 481 2744 compositio,
505 2706 623 2746 quae
651 2697 806 2736 omnia
827 2696 1091 2736 alliciebant
1114 2694 1293 2734 animos
1315 2693 1432 2733 bene
1454 2693 1737 2743 compositos
1772 2700 1820 2733 ut

191 2759 292 2801 Deo
327 2766 767 2813 congratularentur
803 2776 1053 2815 omnesque
1089 2764 1262 2803 cultum
1299 2761 1576 2812 laudemque.
1614 2768 1818 2813 praesta-

192 2838 295 2871 rent
323 2832 548 2874 Creatori.
579 2835 776 2875 Peracta
805 2835 902 2886 jam
936 2846 1105 2886 pompa
1137 2832 1443 2873 concionatus
1474 2838 1543 2871 est
1579 2832 1627 2872 P.
1661 2838 1820 2872 noster

191 2900 395 2942 breviter
417 2910 460 2943 et
482 2904 693 2953 dilucide,
718 2906 1062 2956 commovitque
1084 2905 1334 2944 multorum
1350 2902 1544 2953 animos,
1563 2902 1814 2953 praecipue

197 2970 406 3011 militum.
