1987 3260
240 186 307 222 726
770 186 994 222 LITTERAE
1021 196 1377 228 QUADRIMESTRES

316 281 430 322 Sunt
451 281 528 333 qui
548 282 693 322 vitam
713 282 1022 321 monasticam
1042 283 1234 322 summis
1255 284 1578 334 amplexentur
1595 283 1858 325 fervoribus

239 358 282 392 ct
303 353 516 403 religioni
538 353 647 392 totis
668 364 717 392 se
738 352 1003 392 devoveant
1025 352 1207 392 animis.
1231 352 1387 404 Nuper
1405 354 1685 405 colloquenti
1700 355 1758 395 D.
1777 355 1857 395 Pe—

238 430 308 462 tro
329 423 385 462 de
406 422 718 462 Rivadeneira
736 422 1111 473 Capuccinorum
1125 423 1418 474 praepositus
1438 423 1668 464 referebat
1689 426 1858 466 multos

237 504 293 532 ex
313 492 398 539 his,
424 493 499 543 qui
520 498 705 533 nostros
725 492 1020 544 frequentare
1042 499 1399 543 consueverunt,
1423 500 1469 534 et
1489 506 1516 534 a
1536 496 1710 535 nostris
1730 497 1858 536 velut

235 564 529 614 propinatum
550 563 789 613 religionis
810 575 1017 604 amorem
1045 564 1345 615 imbiberunt,
1368 564 1526 605 divino
1548 566 1749 616 quodam
1769 567 1857 618 spi-

236 633 324 672 ritu
345 633 749 683 flagrantissimos,
773 635 820 673 in
840 645 1003 674 eorum
1024 635 1300 674 coenobium
1322 641 1586 687 cooptatos,
1610 636 1727 676 miro
1749 648 1856 688 quo-

235 704 340 743 dam
362 710 656 743 caeterorum
682 705 916 755 exemplo,
941 711 1222 755 augescente
1248 705 1295 744 in
1325 705 1424 745 dies
1453 706 1642 757 spiritus
1672 706 1854 758 ardore,

234 784 430 824 magnas
450 776 808 826 progressiones
829 775 1001 815 facere.

310 844 423 884 Item
444 845 659 885 mulieres
680 858 773 886 non
794 858 930 885 rarae
952 846 1163 886 illaesum
1186 847 1470 897 virginitatis
1487 848 1740 888 candorem
1756 848 1857 888 Deo

233 916 406 966 optimo
426 917 632 956 maximo
663 929 944 957 consecrare
972 923 1255 967 statuerunt,
1286 930 1372 958 nec
1405 918 1516 958 huoi
1542 918 1649 968 (sic)
1679 920 1857 959 carnali

237 987 306 1026 rel
326 988 561 1027 mundano
583 988 663 1028 sed
685 989 748 1028 illi
769 989 956 1038 nubere,
980 988 1119 1039 cnjus
1134 988 1556 1039 pulchritudinem,
1578 990 1697 1030 sicut
1712 990 1858 1030 Beata

231 1057 392 1108 Agnes
409 1058 682 1110 testabatur,
701 1059 774 1098 sol
790 1063 833 1099 et
848 1058 963 1098 lzma
980 1060 1238 1109 mirantur,
1255 1059 1339 1110 qm?
1350 1063 1421 1099 est
1435 1060 1676 1111 speciosus
1686 1061 1857 1110 forma

225 1128 480 1178 praesiliz's
501 1129 758 1179 hominnm,
780 1136 904 1169 totus
926 1130 1140 1170 coelestis
1161 1137 1205 1169 et
1226 1131 1376 1169 omnis
1403 1142 1570 1181 expers
1598 1127 1855 1182 corruptio—

231 1198 315 1247 nis,
340 1205 388 1238 ut
409 1200 527 1239 albis
550 1200 738 1240 indutae
760 1201 892 1240 stolis
913 1207 1169 1251 sequantur
1194 1201 1382 1250 Agnum
1409 1212 1704 1252 quocumque
1733 1201 1852 1249 ierit,

229 1275 272 1308 et
293 1270 474 1320 possint
495 1271 740 1311 harmonia
762 1272 964 1322 quadam
985 1271 1269 1311 suavissima
1300 1272 1411 1311 illud
1438 1272 1672 1311 canticum
1703 1273 1853 1312 conci-

228 1351 337 1379 nere
358 1341 480 1390 quod
502 1353 637 1381 nemo
658 1349 826 1393 potest,
850 1342 940 1382 nisi
961 1343 1044 1393 (μα’
1061 1342 1208 1393 empti
1224 1346 1338 1382 sunt
1359 1343 1413 1381 de
1435 1346 1566 1381 terra
1586 1347 1629 1382 et
1645 1342 1746 1382 sine
1761 1354 1854 1382 ma-

229 1412 331 1453 (ula
353 1418 467 1453 snut
490 1417 598 1453 aute
618 1413 844 1453 thronum
866 1413 968 1452 Dei.

306 1485 554 1526 Praeterea
576 1485 725 1524 nostri
745 1484 805 1524 ad
826 1492 1046 1535 aegrotos
1069 1496 1127 1524 ex
1147 1485 1303 1524 multis
1325 1484 1530 1524 civitatis
1546 1484 1758 1535 partibus
1779 1495 1854 1524 au-

228 1557 419 1597 diendos
440 1557 708 1607 frequenter
728 1561 1052 1605 accersuntur,
1076 1555 1263 1606 saepius
1292 1568 1318 1595 a
1345 1555 1669 1605 nobilioribus,
1704 1555 1780 1606 qui
1810 1555 1855 1594 in

228 1627 489 1678 hujusmodi
511 1633 636 1667 statu
656 1628 801 1667 multo
822 1627 974 1677 magis
995 1626 1210 1666 Patribus
1230 1625 1477 1666 Societatis
1499 1637 1638 1676 quam
1665 1625 1856 1677 reliquis

227 1699 443 1738 videntur
465 1698 695 1738 confidere
723 1703 914 1748 propter
947 1697 1170 1748 optimam
1196 1697 1484 1748 opinionem,
1518 1708 1656 1747 quam
1685 1696 1740 1736 de
1766 1697 1857 1737 illis

227 1774 554 1820 conceperunt.
578 1769 628 1808 Id
649 1768 795 1808 nostri
817 1768 1021 1807 muneris
1044 1768 1213 1807 obeunt
1234 1779 1416 1806 summa
1437 1778 1543 1806 cum
1565 1767 1794 1806 charitate
1811 1773 1854 1806 et

226 1840 545 1880 satisfactione
567 1844 854 1878 cunctorum.
875 1838 1233 1889 Nonnumquam
1251 1837 1310 1877 ad
1327 1836 1660 1887 restinguenda
1677 1848 1761 1876 sua
1778 1848 1854 1876 au-

227 1912 443 1951 ctoritate
455 1911 673 1950 diuturna
687 1910 934 1949 multorum
954 1909 1059 1948 odia
1076 1909 1475 1959 gravissimasque
1492 1908 1750 1947 simultates
1767 1909 1854 1947 sol-

227 1983 484 2028 licitantur,
518 1981 639 2032 quod
662 1981 718 2020 ab
740 1981 830 2020 illis
850 1986 1032 2019 maturo
1060 1980 1263 2030 quodam
1292 1979 1486 2019 consilio
1517 1978 1853 2029 prudentiaque

226 2054 271 2092 in
293 2053 379 2092 Dei
401 2053 601 2103 gloriam
621 2051 881 2091 conficitur.

305 2123 362 2163 D.
386 2122 549 2163 Petrus
571 2123 626 2162 de
646 2122 957 2162 Rivadeneira
980 2122 1128 2161 solitis
1148 2122 1195 2160 in
1223 2121 1525 2161 concionibus
1551 2120 1776 2159 hactenus
1804 2119 1850 2158 in

226 2195 421 2234 ecclesia
445 2200 603 2233 nostra
627 2193 822 2243 singulis
844 2192 1089 2232 dominicis
1110 2192 1270 2232 diebus
1298 2202 1472 2241 magno
1507 2201 1739 2230 concursu
1765 2189 1850 2229 fre-

225 2266 504 2315 quentiaque
537 2264 802 2304 auditorum
828 2264 1051 2303 nobilium
1071 2274 1253 2302 necnon
1274 2263 1321 2302 in
1342 2262 1491 2302 sacris
1513 2261 1701 2313 (quibus
1727 2260 1851 2300 haud

227 2347 390 2386 parum
411 2335 634 2375 delectari
663 2333 869 2383 videtur)
900 2334 1066 2373 litteris
1093 2339 1411 2383 versatorum,
1443 2332 1640 2372 aliorum
1668 2342 1850 2382 quoque

226 2407 440 2446 diversae
461 2406 739 2445 conditionis
760 2405 1016 2453 hominum,
1040 2415 1318 2455 progressus
1339 2409 1422 2443 est.
1443 2403 1619 2453 Quibus
1635 2401 1849 2442 videlicet

226 2476 312 2516 Dei
334 2477 495 2527 optimi
516 2476 708 2515 maximi
730 2475 951 2515 beneficio
979 2475 1210 2514 credimus
1238 2473 1478 2523 satisfieri,
1508 2485 1600 2513 non
1627 2473 1726 2512 sine
1756 2483 1848 2512 ma-

228 2548 350 2586 xima
377 2546 630 2597 spiritualis
657 2546 837 2586 fructus
864 2545 1147 2595 accessione,
1177 2545 1301 2596 quod
1334 2544 1553 2584 Panormi
1574 2543 1620 2583 in
1656 2542 1849 2583 summis

226 2618 500 2667 praesertim
523 2617 714 2656 aestatis
741 2616 975 2656 caloribus
1002 2615 1158 2655 multis
1189 2615 1543 2655 admirationem
1569 2625 1661 2653 non
1687 2613 1849 2664 vulga.-

230 2699 326 2726 rem
347 2689 481 2738 parit.
501 2688 623 2727 Inter
643 2688 844 2737 reliquos
862 2685 1125 2736 hujusmodi
1143 2685 1419 2725 concionum
1434 2685 1628 2733 fructus
1648 2684 1727 2735 qui
1743 2689 1848 2723 sunt

229 2770 340 2797 sane
360 2758 595 2807 uberrimi,
619 2757 693 2796 hic
716 2757 850 2807 parvi
871 2756 1110 2796 ducendus
1133 2767 1226 2795 non
1248 2761 1336 2805 est,
1361 2755 1483 2807 quod
1511 2766 1616 2794 cum
1646 2753 1849 2805 superio-

231 2828 355 2866 ribus
378 2828 525 2875 annis,
551 2834 799 2877 antequam
821 2827 1090 2866 concionari
1112 2827 1364 2877 coepisset,
1396 2825 1561 2864 mirum
1589 2825 1662 2864 vel
1692 2824 1848 2863 absur-

227 2898 339 2936 dum
359 2898 510 2947 potius
530 2898 775 2937 videbatur
803 2897 857 2936 de
886 2897 1187 2936 concionibus
1213 2897 1339 2947 loqui
1368 2897 1440 2935 vel
1472 2895 1610 2935 etiam
1640 2894 1848 2944 cogitare

231 2974 556 3018 piaeterquam
579 2967 972 3017 quadrag-esinmli
996 2974 1202 3017 tempore
1220 2973 1263 3005 et
1281 2972 1479 3016 quatuor
1496 2964 1738 3004 dominicis
1755 2962 1846 3002 Ad-
