1987 3260
212 145 283 182 296
720 146 946 183 LITTERAE
972 158 1329 189 QUADRIMESTRES

213 241 350 291 deris,
369 241 537 292 illaque
549 240 711 292 jubeas
727 247 776 281 ut
793 241 852 281 ad
867 254 953 282 nos
969 242 1126 283 statim
1141 243 1313 294 veniat,
1325 244 1500 284 relictis
1516 244 1680 295 quibus
1696 245 1834 284 modo

213 311 443 351 detinetur
471 313 784 352 concionibus.
816 312 981 352 Facies
1008 313 1096 352 hoc
1125 313 1218 363 (sat
1248 315 1435 364 scimus)
1457 315 1593 354 modo
1616 315 1836 355 advertas

213 382 415 422 maxime
436 394 522 422 nos
543 383 824 423 christianae
846 383 1169 435 philosophiae
1190 384 1403 425 doctrina
1425 386 1647 436 indigere.

294 453 506 493 Christus
525 455 659 506 Jesus
680 465 822 505 opera
842 454 889 493 in
909 460 953 494 te
973 461 1136 495 sancta
1157 455 1380 506 perficiat.

294 523 368 563 Ab
390 525 577 565 Uclensi
599 523 785 575 Senam,
810 531 976 576 quarto
997 524 1192 565 Kalend.
1217 526 1373 566 Martii
1397 526 1536 576 1551.‚,

294 594 370 634 Ad
391 595 507 634 haec
528 594 664 634 Pater
686 606 770 645 pro
793 590 1016 646 temporis
1045 596 1374 636 commoditate
1402 597 1613 648 apposite
1640 610 1723 649 per
1744 598 1838 637 lite-

214 676 292 704 ras
326 665 581 716 respondit,
617 665 806 705 Patrum
840 667 1083 717 penuriam
1112 666 1353 707 desideriis
1387 678 1548 707 eorum
1583 679 1836 720 opponens;

215 736 447 786 pollicitus
467 742 623 775 tamen
649 736 749 776 fore
772 737 1022 788 aliquando
1047 738 1192 789 (quod
1221 737 1407 789 quidem
1434 738 1621 778 divinae
1652 739 1838 779 misera-

217 806 355 845 tionis
384 817 527 857 opera
555 807 751 846 suadent
781 808 986 858 sperare)
1016 813 1064 848 ut
1098 808 1279 848 abunde
1309 808 1504 849 satisfiat
1531 815 1628 849 tam
1653 809 1756 860 piae
1786 821 1840 849 ac

217 876 464 927 religiosae
485 888 646 917 eorum
668 878 911 918 voluntati.

295 946 535 987 Hactenus
570 948 629 987 ad
662 948 876 998 spiritum
905 949 1133 990 duntaxat
1172 950 1445 1002 spectantia.
1471 949 1630 1001 Nunc,
1654 950 1694 990 si
1713 950 1839 1000 libet,

218 1017 483 1067 humiliora,
507 1018 676 1069 quippe
697 1019 986 1070 temporalia,
1018 1020 1165 1060 obiter
1187 1021 1487 1070 attingamus.
1522 1020 1628 1060 Alia
1655 1020 1840 1072 quidem

218 1087 342 1127 domi
371 1094 559 1128 nostrae
581 1094 736 1129 erecta
765 1096 872 1129 sunt
893 1090 1128 1141 aedificia;
1154 1090 1234 1131 sed
1255 1091 1456 1131 Domino
1482 1090 1488 1109 ¹
1514 1092 1617 1131 loca
1639 1091 1762 1131 horti
1783 1103 1838 1131 ac

219 1158 523 1199 bibliothecae
554 1171 666 1211 prae
701 1160 899 1201 caeteris
933 1173 1129 1201 amoena
1163 1168 1207 1201 et
1233 1160 1438 1212 jucunda
1479 1168 1599 1202 sunt.
1642 1162 1844 1203 Hortum

217 1240 363 1281 prope
399 1230 656 1280 Collegium
686 1229 922 1281 jacentem
956 1239 1090 1272 extra
1117 1233 1374 1283 pomerium
1406 1233 1564 1284 oppidi
1602 1233 1840 1285 perforato

217 1311 348 1339 muro
371 1300 566 1351 adimus,
586 1301 662 1351 qui
680 1302 1000 1352 septingentos
1016 1308 1061 1342 et
1078 1303 1269 1353 triginta
1285 1303 1427 1354 pedes
1443 1303 1581 1343 habet
1598 1303 1644 1343 in
1662 1303 1837 1343 ambitu

217 1371 505 1411 densissimis
526 1371 746 1412 arborum
771 1385 826 1412 ac
847 1372 1095 1413 fructicum
1112 1380 1156 1414 et
1176 1374 1426 1414 herbarum
1447 1373 1475 1414 ².
1500 1374 1550 1414 In
1571 1373 1669 1425 ejus
1686 1374 1838 1414 medio

216 1452 272 1480 ac
307 1442 451 1481 veluti
486 1448 646 1482 centro
681 1449 846 1494 puteus
881 1449 1076 1495 apparet
1107 1456 1272 1496 aquae,
1309 1450 1358 1484 ut
1392 1443 1741 1495 limpidissimae
1778 1444 1840 1484 ita

218 1512 360 1552 etiam
380 1513 594 1564 salubris,
618 1520 667 1553 ut
688 1513 828 1553 fontis
857 1526 912 1554 ac
940 1515 1095 1565 stagni
1121 1515 1272 1554 vicem
1299 1526 1464 1565 gerere
1491 1515 1657 1554 merito
1688 1514 1842 1555 videa-

219 1590 307 1622 tur.
331 1582 571 1623 Murorum
592 1596 720 1634 vero,
740 1585 904 1636 quibus
927 1585 1142 1635 cingitur,
1167 1585 1360 1625 altitudo
1385 1585 1432 1625 18
1452 1586 1621 1636 pedum
1646 1591 1729 1636 est,
1750 1597 1841 1625 ma-

219 1654 358 1693 teries
373 1654 545 1705 valida,
568 1655 747 1706 species
768 1656 977 1706 pulchra,
996 1655 1100 1695 fons
1120 1656 1409 1707 praesertim,
1432 1656 1840 1707 conspectantibus

218 1736 275 1764 ex
296 1735 433 1775 agr03
457 1725 840 1776 deambulatoria,
867 1737 985 1777 quae
1009 1726 1231 1766 lateribus
1255 1726 1379 1766 horti
1401 1726 1459 1766 ad
1483 1738 1723 1766 murorum
1743 1725 1841 1765 fun-

207 1794 436 1835 damenta
476 1794 703 1846 adjacent,
741 1803 941 1847 quatuor
976 1802 1098 1847 sunt,
1135 1808 1254 1848 quae
1294 1797 1485 1837 totidem
1522 1797 1644 1837 aeris
1684 1803 1842 1836 vento-

208 1877 411 1917 rumque
438 1866 706 1916 regionibus
735 1873 1045 1918 opponuntur.
1077 1866 1167 1907 Sed
1190 1868 1236 1907 in
1256 1867 1562 1907 bibliothecae
1590 1878 1726 1908 usum
1754 1873 1843 1907 tur-

207 1937 303 1976 rim
327 1937 459 1987 (quae
481 1948 720 1977 murorum
740 1938 896 1989 oppidi
916 1949 1026 1989 pars
1048 1944 1131 1989 est,
1158 1944 1460 1989 prospectum
1489 1949 1842 1989 quoquoversus

218 2007 439 2047 latissime
460 2014 695 2058 patentem
711 2014 755 2047 et
772 2008 919 2048 oculis
935 2008 1256 2059 gratissimum
1271 2007 1498 2060 [habens])
1514 2008 1844 2049 convertimus.

297 2076 472 2129 Scripsi
490 2078 715 2131 Januario
737 2079 968 2130 proximo,
1000 2084 1048 2118 ut
1079 2079 1294 2130 arbitror,
1324 2079 1571 2119 nunciasse
1592 2079 1727 2119 nobis
1754 2077 1845 2118 Do-

223 2155 400 2188 ctorem
420 2148 687 2200 Vergaram
707 2149 969 2200 quemdam,
1001 2149 1077 2200 qui
1104 2150 1351 2189 ecclesiam
1380 2149 1487 2189 huic
1517 2149 1723 2200 Collegio
1751 2150 1848 2189 suis

222 2220 482 2270 sumptibus
503 2220 641 2259 vellet
663 2220 923 2271 aedificare,
944 2219 1139 2270 jussisse
1159 2226 1208 2260 ut
1230 2220 1570 2260 delineamenta
1593 2232 1648 2260 ac
1677 2220 1842 2260 descri-

222 2290 428 2340 ptionem
446 2290 504 2329 ad
525 2302 573 2329 se
595 2290 895 2330 mitteremus,
921 2290 1053 2330 Nunc
1076 2301 1189 2341 ergo
1212 2291 1456 2341 vulgatum
1473 2289 1570 2341 jam
1591 2302 1692 2330 esse
1722 2291 1846 2330 scias

222 2360 345 2399 hunc
367 2371 469 2399 esse
490 2360 715 2400 illustrem
736 2360 963 2400 Comitem
984 2361 1039 2400 de
1056 2360 1212 2400 Melito
1230 2359 1257 2411 ³,
1278 2361 1356 2412 qui
1377 2361 1567 2400 missam
1596 2361 1682 2400 sibi
1704 2362 1847 2401 eccle-

208 2431 322 2470 siae
357 2431 717 2482 descriptionem
743 2437 792 2470 ut
821 2443 986 2482 parum
1014 2431 1311 2482 magnificam
1348 2432 1644 2483 contempsit,
1676 2432 1845 2483 quippe

207 2501 302 2551 -qui
324 2501 499 2540 illustre
521 2507 564 2540 et
585 2501 883 2541 memorabile
905 2513 1020 2552 opus
1040 2502 1151 2542 velit
1173 2501 1443 2551 aedificare3
1475 2508 1612 2553 atque
1642 2502 1730 2542 hoc
1751 2508 1849 2541 tam

223 2583 281 2610 ex
308 2571 463 2610 animo
484 2570 609 2621 facit,
633 2577 682 2610 ut
710 2571 1087 2622 chirographum,
1112 2583 1197 2611 sua
1218 2578 1261 2611 et
1287 2573 1449 2611 uxoris
1480 2584 1619 2612 manu
1648 2572 1846 2612 subscri-

224 2648 366 2693 ptum,
403 2641 491 2681 huc
522 2642 580 2681 ad
606 2647 958 2692 procuratorem
997 2653 1130 2681 suum
1166 2641 1262 2693 jam
1296 2643 1488 2693 miserit,
1535 2654 1626 2694 quo
1663 2641 1847 2693 jubetur

288 2800 294 2817 ¹
336 2798 410 2834 Sic3
426 2799 483 2826 sed
501 2800 587 2826 forte
603 2799 733 2826 librarii
751 2806 846 2826 error
861 2804 911 2826 est
927 2807 987 2833 pro
1003 2801 1154 2827 omnino.

284 2848 296 2865 ²
336 2845 390 2872 Sic
406 2851 559 2873 nostrum
575 2848 759 2881 exemplar;
775 2847 889 2873 deesse
907 2850 1020 2873 tamen
1035 2847 1170 2874 videtur
1186 2848 1322 2881 aliquod
1337 2848 1490 2874 verbum.

281 2893 294 2911 ⁵
333 2892 481 2920 Didacus
497 2893 651 2921 Hurtado
667 2894 706 2920 de
725 2893 896 2927 Mendoza,
912 2893 1097 2920 Melitensis
1113 2893 1232 2921 Comes
1252 2899 1285 2921 et
1301 2899 1419 2929 postea
1442 2894 1519 2921 Dux
1534 2895 1572 2922 de
1589 2894 1805 2923 Francavilla
1821 2899 1853 2923 et

231 2941 428 2974 Aragoniae
445 2940 594 2967 Pro-rex.
