1987 3260
923 219 997 254 Ax.
1031 217 1115 255 1551
1761 218 1830 254 407

211 327 389 367 nosque
411 322 650 366 tamquam
669 320 906 365 protector
927 320 971 354 et
991 320 1124 365 pater
1145 314 1259 354 satis
1280 313 1520 354 commode
1541 314 1587 353 in
1608 325 1662 354 eo
1693 315 1826 353 collo-

209 386 348 426 cavit.
372 385 415 425 A
436 397 524 436 quo
546 385 605 425 ad
627 385 974 425 serenissimum
993 384 1170 435 Regem
1190 384 1414 436 postridie
1431 384 1631 434 deducti,
1651 385 1709 424 ab
1726 384 1827 435 ipso

209 468 322 496 vero
357 456 689 496 humanissime
725 455 909 507 quidem
943 455 1114 495 fuimus
1141 455 1344 506 excepti,
1376 454 1468 506 qui,
1498 466 1604 494 cum
1625 455 1829 494 omnium

208 533 419 567 nostrum
450 538 634 576 manus,
666 538 757 566 non
784 533 1023 578 tamquam
1050 527 1264 567 dominus
1293 526 1374 566 sed
1404 532 1452 565 ut
1480 526 1678 576 amicus,
1701 537 1829 566 more

207 598 495 648 germanico,
525 598 647 637 laeta
669 598 817 637 fronte
845 597 1234 649 apprehenderet,
1258 609 1367 637 suas
1389 596 1728 636 deosculandas
1750 597 1829 636 mi-

208 669 328 708 nime
351 668 610 708 concedere
632 669 792 708 voluit.

286 738 612 790 Suppeditavit
647 745 808 790 postea
838 739 1117 779 sufficienter
1145 740 1259 779 satis
1293 750 1567 790 semperque
1595 738 1727 778 nobis
1755 750 1829 778 ne-

204 810 412 850 cessaria
435 810 715 860 suppeditat,
740 816 783 849 et
804 810 948 849 multo
966 811 1122 861 plures
1139 822 1278 861 quam
1297 810 1387 849 huc
1409 809 1623 849 venimus
1639 809 1828 860 expetit;

205 893 262 921 ac
284 880 397 921 R.1110
418 881 677 921 Labacensi
699 887 742 920 et
769 880 817 920 P.
845 880 1040 921 Claudio
1062 882 1249 932 saepius
1277 881 1521 931 pollicetur
1541 880 1673 920 brevi
1701 880 1828 920 nimi-

208 964 310 993 rum
327 965 375 992 se
392 953 499 992 huic
517 952 715 1003 collegio
737 952 868 991 firma
888 951 1125 1003 jacturum
1141 952 1457 992 fundamenta.
1481 951 1599 991 Mira
1621 957 1690 990 est
1707 951 1829 1002 apud

209 1023 384 1073 Regem
405 1022 650 1062 Societatis
671 1022 943 1062 auctoritas.
962 1021 1072 1073 Ejus
1095 1034 1238 1073 opera
1260 1022 1510 1074 aliquando
1526 1021 1830 1062 reformatam

208 1093 262 1133 iri
285 1093 523 1143 regionem
556 1094 680 1132 illam
702 1104 892 1144 sperare
914 1105 962 1133 se
984 1093 1199 1133 ostendit.
1232 1093 1418 1133 Patrem
1438 1104 1552 1132 vero
1584 1092 1829 1132 Claudium

205 1165 274 1204 sic
302 1164 480 1204 extollit
512 1170 560 1204 ut
586 1170 724 1215 neget
754 1176 802 1204 se
833 1164 1214 1204 concionatorem
1239 1176 1443 1215 unquam
1470 1164 1828 1215 praestantioris

207 1235 448 1275 doctrinae
477 1235 726 1274 audivisse.
752 1235 867 1275 Cum
889 1241 1042 1274 autem
1070 1235 1115 1274 id
1146 1236 1390 1275 consilium
1421 1234 1704 1274 doctissimis
1734 1235 1826 1286 qui-

206 1306 384 1357 busque
397 1306 727 1346 Universitatis
743 1306 1009 1357 placuisset,
1031 1312 1079 1346 ut
1096 1307 1406 1346 scholasticae
1423 1306 1687 1356 theologiae
1705 1317 1826 1345 com-

204 1377 444 1427 pendium,
469 1377 593 1428 quod
615 1377 834 1416 studiosis
856 1378 1066 1428 praelegi
1086 1377 1254 1428 possit,
1278 1389 1336 1417 ex
1357 1378 1543 1428 optimis
1559 1377 1828 1416 auctoribus

201 1448 448 1487 collectum
469 1448 613 1497 fieret,
639 1447 791 1487 Patris
813 1447 995 1488 Claudii
1012 1448 1252 1488 doctrinae
1274 1447 1449 1488 solidae
1467 1454 1511 1487 et
1527 1447 1701 1498 judicio
1723 1459 1827 1498 pru-

201 1518 327 1558 denti
348 1519 575 1558 committi
596 1518 641 1558 id
664 1530 794 1569 opus,
820 1518 1026 1558 adhibita
1049 1519 1189 1558 etiam
1210 1518 1354 1569 Regis
1376 1519 1671 1569 auctoritate,
1696 1530 1826 1558 cura-

200 1589 325 1629 bant.
351 1588 440 1639 Qui
461 1589 645 1640 quidem
666 1588 781 1639 Rex,
807 1589 853 1628 in
874 1600 1069 1639 summa,
1093 1590 1323 1640 singulari
1345 1590 1546 1640 quadam
1567 1601 1652 1629 nos
1668 1601 1822 1640 prose-

199 1659 353 1709 quitur
374 1660 560 1711 pietate,
585 1660 706 1699 unde
728 1659 863 1700 facile
884 1671 1127 1710 speramus
1147 1660 1267 1700 R.<¹0S
1287 1660 1378 1700 Ρ.θ5
1397 1666 1584 1700 nostros
1605 1672 1698 1700 non
1714 1660 1777 1700 ita
1801 1672 1825 1700 a

200 1730 396 1781 publicis
412 1731 629 1781 negotiis,
650 1731 729 1780 eis,
750 1731 955 1782 inquam,
977 1743 1094 1782 quae
1114 1731 1173 1770 ad
1190 1731 1526 1771 incrementum
1544 1730 1826 1771 christianae

201 1801 443 1852 religionis
465 1808 691 1853 spectant,
715 1802 885 1842 liberos
905 1802 1019 1852 fore,
1045 1808 1095 1842 ut
1116 1802 1389 1842 lectionibus
1410 1802 1692 1853 quotidianis
1715 1802 1823 1842 assi-

203 1872 290 1912 due
311 1884 486 1912 vacare
507 1873 706 1924 possint,
729 1873 871 1912 etiam
892 1873 932 1912 si
951 1874 1108 1924 plures
1129 1873 1280 1913 adhuc
1303 1874 1519 1912 adessent
1540 1872 1724 1923 Patres,
1748 1873 1825 1924 qui

200 1944 247 1982 in
279 1943 333 1982 iis
355 1944 530 1983 sanctis
553 1944 790 1984 exercitiis
821 1956 954 1984 suam
975 1945 1187 1984 valerent
1209 1956 1398 1995 operam
1419 1949 1674 1995 praestare.
1699 1943 1824 1994 Quos

202 2014 388 2064 quidem
410 2020 572 2054 sancto
601 2015 802 2065 quodam
834 2014 1064 2054 desiderio
1093 2021 1136 2054 et
1165 2015 1284 2054 mitti
1312 2020 1355 2054 et
1384 2015 1639 2054 incolumes
1660 2015 1719 2055 ad
1739 2026 1824 2054 nos

202 2085 363 2124 venire
394 2090 684 2136 exoptamus.
716 2085 897 2125 Faveat
918 2084 1046 2125 Deus
1068 2086 1361 2137 omnipotens
1383 2085 1500 2125 tanti
1521 2085 1662 2136 Regis
1683 2085 1820 2135 votis,

202 2161 245 2194 et
281 2156 499 2206 operibus
532 2155 760 2207 rebusque
789 2156 964 2196 nostris
998 2157 1173 2207 praesit
1207 2168 1410 2208 semper,
1441 2168 1530 2207 quo
1563 2155 1745 2196 facilius
1780 2162 1823 2196 et

202 2226 392 2266 uberius
413 2233 576 2277 gratos
599 2227 645 2266 in
667 2227 857 2266 odorem
877 2227 1126 2267 suavitatis
1147 2227 1328 2267 fructus
1350 2227 1543 2267 reddere
1564 2228 1821 2267 valeamus.

280 2296 448 2336 Paucis
471 2297 528 2336 ab
557 2296 761 2336 adventu
789 2303 950 2337 nostro
973 2297 1149 2347 diebus,
1180 2298 1365 2348 habitis,
1388 2304 1436 2337 ut
1466 2299 1651 2348 assolet,
1681 2298 1822 2337 tantis

200 2367 414 2407 Patribus
447 2368 600 2418 dignis
641 2367 949 2418 orationibus,
986 2368 1106 2408 Reus
1141 2368 1189 2409 P.
1230 2368 1453 2409 Claudius
1486 2369 1731 2420 epistolam
1764 2369 1822 2408 ad

199 2438 450 2489 Romanos,
488 2438 608 2478 ΒΑΜ
630 2450 742 2478 vero
775 2439 824 2479 Ρ.
862 2439 1084 2479 Nicolaus
1118 2439 1174 2479 de
1208 2440 1375 2491 Lanoy
1406 2446 1625 2491 quartum
1653 2440 1821 2480 librum

200 2508 311 2549 Μ.ἰῑί
338 2510 674 2549 sententiarum
695 2510 909 2560 aggressi
931 2516 1037 2549 sunt
1068 2511 1318 2561 explicare.
1350 2510 1566 2550 Habuere
1593 2510 1821 2550 studioso—

201 2591 303 2619 rum
324 2586 462 2631 atque
485 2586 756 2630 magnatum
777 2581 892 2620 satis
915 2580 1201 2633 frequentem
1218 2593 1476 2622 numerum.
1502 2582 1551 2621 In
1568 2592 1821 2632 progressu

199 2662 312 2690 vero
333 2651 492 2701 magni
515 2651 655 2690 etiam
675 2651 876 2691 nominis
897 2652 1202 2692 ecclesiarum
1217 2653 1452 2704 principes
1469 2652 1821 2704 quampluribus

198 2720 348 2761 doctis
364 2722 562 2762 fortasse
581 2723 788 2762 comitati
804 2723 918 2763 viris
936 2735 1118 2774 semper
1135 2724 1377 2764 accedunt.
1392 2724 1524 2764 Unde
1541 2724 1682 2763 etiam
1697 2735 1820 2763 nunc

197 2792 273 2843 qui
295 2793 385 2832 sint
412 2793 458 2833 in
486 2792 754 2844 Germania,
785 2793 972 2834 favente
999 2794 1115 2845 Deo,
1149 2795 1422 2845 proventuri
1451 2795 1630 2834 fructus
1659 2806 1819 2846 prope-

200 2863 387 2903 modum
403 2862 499 2914 jam
521 2864 745 2904 videmus.
768 2864 907 2905 Faxit
936 2871 1092 2905 tamen
1112 2864 1342 2905 Dominus
1372 2877 1429 2904 ne
1456 2865 1666 2916 corporis
1694 2865 1820 2905 vires

200 2933 363 2974 Patres
384 2935 621 2984 deficiant,
651 2936 793 2975 multa
821 2936 943 2975 enim
974 2936 1245 2987 impendunt
1274 2936 1363 2975 illis
1392 2948 1419 2975 a
1446 2937 1659 2987 publicis,
1685 2948 1711 2976 a
1731 2937 1820 2987 pri-

201 3005 322 3044 vatis
345 3011 482 3056 atque
510 3006 777 3046 domesticis
799 3007 938 3046 rebus
968 3007 1171 3057 negotia,
1195 3007 1361 3058 quibus
1392 3019 1582 3058 operam
1603 3007 1714 3047 dare
1746 3020 1819 3047 ne-
