1987 3260
866 202 902 238 λ
912 213 945 238 κ.
977 202 1067 238 1550
1464 214 1470 221 ·
1713 202 1781 240 185

917 655 1020 709 LV

227 883 489 922 Laurentius
510 885 764 923 ssusnardus

273 949 390 986 Patri
411 950 636 995 joannide
660 951 863 988 Polanco.

321 1014 562 1060 Florentia,
587 1015 628 1051 17
649 1015 813 1057 Martii,
837 1014 927 1051 1550
948 1014 970 1049 ¹.

912 1186 1008 1262 nis

232 1363 398 1403 Gratia
419 1369 463 1403 et
484 1375 578 1415 pax
597 1363 787 1403 Domini
807 1362 861 1402 N.
889 1362 1001 1415 Jesu
1028 1362 1200 1402 Christi
1228 1362 1285 1401 sit
1313 1373 1495 1412 semper
1517 1361 1775 1401 nobiscum.

230 1433 328 1473 Etsi
349 1445 516 1473 vereor
538 1440 587 1473 ut
614 1445 686 1473 me
716 1433 830 1473 satis
859 1433 1042 1483 deceat,
1067 1444 1186 1484 quae
1208 1432 1382 1472 caeteri
1403 1431 1666 1471 charissimi
1689 1432 1776 1472 fra-

149 1511 245 1544 tres
266 1505 429 1545 melius
450 1516 522 1544 me
552 1505 696 1544 multo
717 1503 887 1543 facturi
913 1510 1035 1553 sunt,
1061 1503 1120 1543 ad
1146 1510 1190 1543 te
1212 1503 1509 1554 praesertim,
1533 1502 1673 1542 Pater
1694 1503 1778 1543 Re-

151 1574 366 1625 verende‚
390 1575 594 1615 scribere
611 1587 667 1615 ac
688 1575 892 1615 maxime
909 1585 1015 1614 cum
1033 1585 1243 1614 mearum
1265 1573 1434 1613 virium
1450 1585 1543 1613 non
1563 1574 1622 1613 sit
1643 1585 1776 1623 onus,

150 1653 305 1686 tamen
327 1647 434 1697 quia
454 1646 536 1686 tibi
556 1645 680 1686 haud
701 1644 953 1696 injucunda
974 1656 1092 1696 quae
1114 1644 1347 1695 scripsero
1368 1644 1523 1684 futura
1545 1645 1776 1694 existimo,

151 1717 354 1757 breviter
388 1716 622 1757 discessus
658 1716 806 1757 nostri
839 1715 1022 1756 felicem
1057 1715 1344 1755 Florentiam
1376 1727 1521 1766 usque
1561 1722 1778 1755 eventum

151 1788 361 1837 aperiam
386 1787 414 1827 ².
446 1787 563 1828 Cum
595 1787 654 1827 ad
685 1786 957 1838 oppidulum
977 1786 1103 1836 illud,
1140 1798 1277 1838 quem
1306 1786 1427 1836 (sic)
1458 1785 1780 1826 Roncilionem

150 1865 346 1907 vocant,
379 1858 775 1910 pervenissemus,
810 1858 963 1909 ibique
996 1863 1133 1898 nocte
1161 1857 1238 1897 illa
1265 1857 1408 1897 futuri
1437 1869 1664 1907 essemus,
1695 1858 1779 1898 sub

148 1929 313 1969 horam
334 1941 508 1970 coenae
533 1930 578 1970 in
598 1928 838 1980 podiolum
865 1928 1099 1980 quoddam
1119 1928 1244 1980 quod
1266 1928 1516 1979 hospitiolo
1539 1929 1602 1968 illi
1619 1929 1667 1969 in
1687 1940 1778 1980 quo

148 2012 335 2041 eramus
362 2000 562 2051 adjacet,
586 2000 760 2051 prodii:
791 1999 958 2051 ibique,
990 2011 1097 2039 cum
1124 2010 1364 2039 sermones
1387 2000 1653 2051 spirituales
1675 2011 1780 2039 cum

148 2072 351 2122 quodam
391 2072 491 2112 viro
532 2071 707 2123 optimo
744 2070 1020 2120 conferrem,
1058 2070 1187 2121 petiit
1223 2069 1352 2120 cujas
1387 2082 1537 2110 essem
1572 2076 1616 2110 et
1650 2069 1780 2122 cujus

150 2143 339 2182 ordinis.
363 2141 429 2182 Ibi
450 2148 559 2182 tunc
580 2142 745 2193 paucis
767 2141 837 2191 (ut
857 2141 986 2192 potui
1016 2147 1060 2181 et
1089 2141 1222 2190 scivi)
1244 2140 1511 2181 Institutum
1532 2140 1781 2180 Societatis

149 2214 324 2265 aperui,
349 2218 394 2253 et
415 2224 533 2265 quae
555 2213 602 2252 in
622 2212 751 2252 India
771 2217 1047 2262 gererentur
1068 2223 1127 2251 ex
1143 2218 1275 2263 parte
1296 2212 1549 2252 declaravi.
1570 2212 1687 2252 Cum
1706 2211 1780 2251 ille

150 2285 300 2335 magis
329 2296 383 2324 ac
414 2284 567 2334 magis
594 2293 709 2334 erga
737 2282 1021 2323 Societatem
1052 2282 1171 2323 affici
1201 2282 1459 2333 videretur,
1483 2282 1593 2334 petii
1620 2288 1669 2322 ut
1695 2294 1781 2322 nos

149 2355 363 2406 precibus
391 2355 487 2395 suis
515 2353 776 2405 adjuvaret.
811 2353 941 2394 Tunc
971 2354 1045 2394 ille
1080 2365 1182 2394 sese
1220 2355 1339 2394 ultro
1369 2354 1556 2403 obtulit,
1595 2359 1639 2393 et
1675 2365 1780 2393 cum

150 2427 278 2466 illum
297 2425 356 2466 ad
377 2425 681 2465 charissimos
702 2424 873 2465 fratres
894 2424 1193 2465 adduxissem
1215 2432 1262 2464 ut
1285 2436 1378 2464 una
1399 2436 1505 2464 cum
1527 2425 1616 2464 illis
1643 2425 1778 2464 collo—

207 2537 217 2556 ¹
259 2536 346 2564 Tota
362 2537 577 2571 autographa
594 2537 627 2563 in
642 2536 721 2563 folio
736 2537 815 2563 olim
829 2536 873 2567 20,
886 2544 974 2563 num.
989 2537 1014 2563 9.

202 2583 216 2602 2
255 2583 418 2611 Nicolaus
433 2583 629 2617 Gaudanus,
645 2583 850 2610 Laurentius
866 2583 1072 2617 Busnardus,
1089 2584 1235 2616 Joannes
1256 2585 1323 2618 (qui
1347 2588 1379 2611 et
1402 2584 1551 2618 Joanieo,
1567 2583 1733 2616 Joannino
1748 2588 1780 2610 et

151 2630 322 2658 Giovanni
337 2632 467 2666 piceolo
483 2632 683 2664 dicebatur).
698 2631 913 2665 Thaddaeus,
925 2632 1061 2666 quidam
1076 2632 1232 2665 Baptista
1246 2637 1279 2658 et
1295 2636 1426 2666 septem
1438 2632 1495 2658 alii
1508 2631 1673 2658 Venetias
1688 2631 1778 2658 missi

151 2678 213 2705 hoc
229 2686 341 2706 mense
358 2679 482 2706 Martio
497 2679 590 2706 suere
602 2682 638 2705 ut
652 2678 795 2712 Collegii
808 2678 929 2706 Veneti
943 2679 1165 2706 fundamenta
1177 2684 1350 2713 ponerent.
1364 2678 1451 2706 Vide
1463 2679 1630 2711 Pommco,
1645 2678 1782 2707 Chron„

150 2728 172 2751 t.
188 2733 219 2754 Π,
232 2733 310 2760 pag.
325 2726 369 2758 60,
386 2734 476 2753 num.
493 2726 542 2753 135
553 2730 586 2753 et
599 2729 671 2753 not.
692 2727 715 2753 1.
733 2726 774 2753 Hi
787 2726 963 2753 duodecim
979 2727 1011 2753 in
1027 2726 1110 2753 duas
1123 2731 1255 2754 turmas
1270 2727 1442 2754 distributi
1455 2729 1543 2759 sunt,
1559 2733 1703 2760 quarum
1714 2733 1779 2752 una

150 2774 210 2799 sub
227 2773 366 2800 Nicolao
383 2773 547 2801 Gaudano
564 2773 749 2800 Lauretum
764 2773 862 2807 petiit
878 2773 1058 2806 (POLANco,
1082 2774 1101 2800 l.
1125 2776 1176 2807 cij),
1201 2774 1275 2801 inde
1301 2774 1477 2800 Anconam
1500 2777 1534 2801 et
1556 2774 1697 2800 Ancona
1720 2780 1780 2807 per

151 2827 243 2846 mare
263 2820 426 2848 Venetias
440 2821 600 2855 petitura:
618 2821 728 2847 altera
743 2829 825 2848 vero
841 2822 901 2848 sub
915 2822 984 2848 alio
996 2822 1146 2854 Nicolao,
1159 2822 1191 2849 in
1204 2829 1268 2855 qua
1281 2821 1487 2854 Busnardus,
1501 2821 1655 2854 Joannes‚
1669 2820 1779 2847 Thad-

151 2866 254 2893 daeus
271 2872 303 2894 et
320 2867 479 2902 Baptista
494 2872 604 2901 erant,
621 2868 713 2894 viam
729 2868 846 2901 tenuit,
863 2876 948 2902 quae
964 2868 1071 2896 Roma
1086 2877 1146 2903 per
1163 2869 1427 2903 Ronciglionem,
1441 2868 1651 2901 viterbium,
1667 2867 1778 2895 Bolse—

151 2921 244 2942 nam.
261 2915 614 2949 Aquampendentem,
632 2914 795 2942 Sanctum
810 2915 1007 2948 Quericum,
1026 2916 1152 2943 Bonum
1173 2915 1399 2949 Conventum,
1426 2916 1531 2943 Senas
1553 2919 1585 2943 et
1601 2915 1776 2949 Poggium,

152 2959 362 2989 Florentiam
380 2962 481 2989 ducit.
500 2961 596 2989 Hanc
612 2963 794 2990 secundam
809 2967 957 2990 turmam
972 2964 1202 2991 comitabatur
1224 2964 1345 2991 Petrus
1369 2964 1408 2990 de
1425 2964 1566 2998 Ayllon,
1582 2962 1777 2990 Bononiam.

152 3012 181 3032 ut
205 3007 350 3040 videtur,
364 3010 553 3037 destinatus
568 3009 750 3043 (Pomxm,
768 3011 785 3038 1.
801 3019 842 3041 c.,
859 3019 934 3045 pag.
947 3011 991 3041 54.
1008 3016 1075 3039 not.
1092 3012 1129 3044 1).
