1987 3260
842 187 924 224 AN.
957 188 1042 225 1:351
1142 204 1145 207 ·
1683 189 1757 225 265

207 286 321 325 Sunt
348 285 394 324 in
428 284 565 324 domo
594 284 884 336 probationis
907 283 1104 334 juvenes
1131 283 1365 332 undecim,
1398 291 1583 335 praeter
1610 285 1754 333 magi-

127 363 274 396 strum
295 355 582 407 probationis
602 360 647 394 et
669 355 784 394 alios
812 355 928 394 duos
955 365 979 394 e
1006 354 1365 405 probatioribus.
1395 354 1464 394 Ex
1493 354 1564 393 his
1591 365 1673 394 sex
1709 356 1754 393 in

129 426 479 466 humanioribus
512 425 678 464 litteris
712 424 958 475 diligenter
993 430 1272 464 exercentur
1307 435 1478 473 graece
1512 431 1556 464 et
1594 425 1753 473 latinc;

127 496 341 547 quinque,
366 496 411 535 in
442 496 669 546 superiori
692 497 841 535 classe
862 494 1208 546 grammaticeS,
1229 494 1276 534 in
1296 495 1595 545 gravioribus
1618 494 1755 545 hujus

128 567 241 606 artis
272 566 534 618 praeceptis
569 578 759 617 operam
795 578 928 606 suam
961 566 1208 605 collocant.
1246 563 1363 604 Sunt
1390 565 1435 604 hi
1463 577 1623 605 omnes
1655 566 1755 616 spei

127 637 384 685 maximae,
427 637 471 676 in
511 637 676 688 quibus
714 649 809 677 non
843 636 1139 676 mediocriter
1175 641 1396 686 parentes
1431 635 1660 676 mirantur
1702 649 1755 676 ac

129 708 331 758 cognati,
352 714 395 747 et
416 719 561 758 usque
582 707 640 747 ad
663 707 804 747 animi
826 708 896 746 sui
918 706 1234 754 offensionem,
1257 706 1380 757 quod
1396 712 1492 746 tam
1510 706 1646 746 facile
1663 712 1759 747 tam

129 778 346 828 gnaviter
368 778 573 818 animum
593 779 652 817 ab
680 789 842 818 eorum
864 778 1068 818 carnalis
1095 777 1290 817 affectus
1317 788 1457 817 sensu
1485 778 1757 826 averterint,

131 855 174 888 ct
205 849 292 888 hae
320 850 467 888 solent
498 860 600 888 esse
629 848 750 900 apud
778 860 864 888 nos
891 848 1155 899 frequenter
1185 848 1367 888 illorum
1395 848 1760 899 quaerimoniae,

131 920 281 959 minus
303 931 443 970 quam
468 926 649 971 oportet
671 932 720 960 se
743 919 984 959 observari
1011 931 1036 958 a
1065 918 1191 969 filiis,
1222 919 1441 969 pietatem
1461 919 1507 958 in
1539 925 1761 970 parentes

129 991 317 1040 negligi.
338 990 387 1030 Id
408 1002 493 1030 nos
515 990 700 1041 quidem
723 996 847 1030 certe
868 991 915 1030 in
934 990 1091 1041 pueris
1111 990 1220 1029 boni
1237 990 1538 1039 consulimus,
1557 989 1680 1040 quod
1701 1001 1760 1029 ex

129 1073 267 1100 sensu
289 1061 544 1112 spiritualis
574 1061 867 1111 cognationis
894 1060 1127 1112 proficisci
1154 1060 1389 1111 videmUS,
1421 1072 1514 1100 non
1543 1061 1761 1111 neglectu

128 1132 423 1172 necessariae
446 1133 492 1171 in
515 1139 733 1182 parentes
752 1132 952 1183 pietatis.
977 1132 1027 1172 In
1048 1131 1319 1183 parentibus
1341 1131 1616 1171 miseremur
1637 1131 1759 1182 quod

128 1214 291 1242 veram
324 1203 716 1242 necessitudinem
742 1215 836 1243 non
876 1209 1138 1253 agnoscant
1171 1213 1257 1242 nec
1290 1208 1539 1253 quaerant,
1572 1203 1761 1242 tametsi

129 1279 283 1312 atentc
301 1279 344 1312 et
362 1273 567 1312 studiose
585 1284 777 1324 operam
793 1273 906 1312 dant
918 1273 1049 1324 pueri
1064 1279 1127 1322 ut,
1149 1285 1171 1312 e
1190 1272 1456 1312 carnalibus
1468 1273 1757 1323 parentibus,

128 1343 393 1394 spirituales
415 1343 502 1382 sibi
523 1343 642 1383 filios
662 1350 886 1394 generent
906 1344 996 1394 piis
1017 1343 1272 1394 colloquiis,
1302 1344 1347 1382 in
1369 1343 1533 1394 quibus
1550 1355 1643 1383 non
1663 1345 1763 1383 vul-

127 1425 289 1464 garem
307 1413 403 1465 jam
423 1413 625 1454 vidimus
652 1425 934 1454 successum.
967 1414 1155 1465 Augeat
1182 1426 1267 1453 nos
1295 1413 1508 1454 Christus
1530 1414 1664 1467 Jesus
1695 1427 1760 1453 re-

128 1496 231 1525 rum
252 1485 563 1536 spiritualium
585 1485 733 1536 copia.
758 1484 962 1525 Numero
985 1485 1171 1536 quidem
1192 1496 1352 1525 sumus
1373 1485 1438 1525 33.

208 1555 298 1596 Sed
319 1556 374 1595 de
397 1556 468 1596 his
490 1556 731 1596 hactenus.
763 1557 814 1596 In
842 1556 995 1596 fructu
1023 1568 1138 1596 vero
1168 1556 1431 1596 animarum
1459 1563 1503 1596 et
1531 1563 1763 1607 proventu

129 1627 460 1667 exercitiorum
492 1627 817 1678 spiritualium,
848 1633 944 1667 tum
973 1639 1032 1667 ex
1067 1627 1215 1667 sacris
1236 1627 1561 1677 concionibus,
1586 1634 1683 1667 tum
1704 1639 1763 1667 ex

128 1698 402 1737 lectionibus
422 1698 668 1749 Evangelii
688 1709 742 1738 ac
764 1698 1072 1749 Psalmorum‚
1093 1704 1138 1738 et
1159 1704 1561 1738 sacramentorum
1583 1697 1762 1738 confes-

129 1769 273 1809 sionis
293 1776 337 1809 et
358 1776 691 1810 sacrosanctae
709 1769 1034 1810 Eucharistiae
1052 1770 1327 1820 ministerio,
1346 1770 1606 1821 piscatione
1625 1768 1652 1820 ¹,
1674 1781 1763 1809 me-

128 1840 437 1880 ditationibus
459 1841 779 1892 spiritualibus
800 1852 856 1880 ac
878 1841 1123 1892 colloquiis
1141 1840 1315 1881 effundi
1336 1841 1522 1881 videtur
1539 1841 1691 1891 magis
1708 1852 1764 1880 ac

130 1912 280 1962 magis
315 1912 361 1951 in
404 1911 502 1952 dies
536 1912 727 1952 Domini
762 1912 1084 1952 misericordia
1114 1924 1169 1952 ac
1197 1912 1484 1963 benignitas;
1508 1918 1615 1952 sunt
1643 1911 1765 1951 enim

128 1982 468 2033 frequentiores
490 1983 740 2023 conciones
762 1995 904 2034 quam
925 1983 1097 2023 fuerint
1116 1995 1335 2034 unquam,
1356 1983 1588 2023 excrescit
1607 1994 1765 2022 nume·

130 2064 208 2092 rus
234 2053 580 2093 confessionum
610 2066 665 2093 ac
696 2053 1088 2093 communionum.
1124 2053 1494 2093 Observavimus
1521 2053 1644 2093 enim
1671 2065 1765 2093 non

128 2123 201 2163 his
221 2125 371 2163 solum
390 2123 416 2162 4
435 2124 684 2174 mensibus,
707 2124 788 2164 sed
808 2131 1057 2175 postquam
1079 2124 1125 2164 in
1146 2124 1267 2163 hanc
1288 2124 1451 2164 urbem
1466 2124 1596 2163 venit
1611 2122 1763 2164 Socie-

130 2202 223 2244 tas,
256 2194 397 2234 fuisse
419 2195 466 2234 in
486 2195 585 2234 dies
606 2194 831 2246 majorem
851 2206 1097 2235 numerum
1118 2206 1300 2244 eorum,
1324 2194 1403 2246 qui
1424 2194 1766 2234 confessionem

130 2264 425 2316 frequentant
445 2271 489 2305 et
511 2266 899 2305 communionem.
923 2265 1056 2306 Unde
1077 2277 1250 2316 magna
1271 2266 1317 2305 in
1344 2265 1536 2305 civitate
1558 2265 1765 2316 cognitio

131 2336 385 2387 spiritualis
412 2337 539 2376 vitae
566 2343 879 2388 comparatur,
910 2348 1004 2377 non
1031 2337 1283 2377 mediocris
1310 2336 1553 2376 innovatio
1591 2336 1765 2376 animo-

130 2418 248 2446 rum.
272 2406 374 2457 Qua
396 2407 442 2446 in
462 2419 512 2446 re
533 2408 690 2447 nescio
713 2419 773 2447 an
794 2408 906 2448 illud
927 2419 1113 2458 quoque
1134 2407 1408 2459 mysterium
1429 2407 1613 2447 habeat.
1646 2407 1766 2447 Nam

132 2477 366 2528 accipiunt
382 2478 590 2528 verbum,
609 2478 823 2529 spiritum
840 2484 1105 2529 agnoscunt
1122 2479 1341 2518 mulieres
1357 2478 1543 2529 quidem
1560 2478 1767 2518 omnium

133 2547 360 2599 ordinum,
379 2548 585 2599 plebejae
606 2548 782 2588 scilicet
802 2554 846 2588 et
866 2549 1062 2600 nobiles;
1081 2549 1317 2601 accipiunt
1340 2549 1588 2589 confertim
1608 2555 1652 2588 et
1674 2549 1765 2599 ple-

132 2617 220 2668 beji
249 2618 479 2669 homines,
511 2630 569 2659 ex
595 2619 878 2670 primoribus
912 2626 1068 2659 autem
1097 2621 1172 2660 vel
1199 2620 1339 2660 etiam
1368 2620 1601 2660 nobilibus
1628 2620 1766 2671 pauci

133 2688 335 2729 fructum
355 2690 563 2741 capiunt,
588 2696 637 2729 ut
657 2690 806 2730 videri
826 2691 973 2742 possit
1002 2691 1152 2730 simile
1179 2691 1448 2742 primordiis
1476 2690 1582 2730 fidei
1608 2696 1653 2730 et
1679 2690 1760 2729 Ec-

135 2759 317 2800 clesiae.
341 2759 469 2800 Haec
491 2772 596 2800 cum
617 2760 680 2800 ita
701 2761 813 2812 sint,
837 2761 1043 2802 omnium
1063 2768 1219 2801 tamen
1239 2762 1316 2801 illa
1337 2773 1431 2801 vox
1459 2767 1551 2801 est:
1583 2772 1767 2811 semper

136 2830 310 2879 pascha
331 2830 454 2882 apud
474 2831 532 2871 D.
555 2831 734 2871 Nicolai
765 2837 854 2882 est3
887 2843 983 2872 non
1010 2843 1218 2881 eramus,
1251 2839 1500 2884 antequam
1528 2832 1574 2871 hi
1604 2832 1767 2871 Patres

194 2990 202 3008 ¹
246 2988 331 3016 Vide
349 2989 436 3017 infra
453 2990 485 3017 in
497 2990 560 3017 hac
575 2991 648 3024 ipsa
664 2990 820 3024 epistola,
837 2998 914 3024 pag.
937 2992 1006 3021 ⁴:68,
1023 2995 1054 3017 et
1072 2989 1151 3017 alibi
1166 2990 1300 3024 saepius
1317 2991 1346 3017 in
1363 2991 1414 3018 his
1430 2992 1590 3024 epistolis.
