1987 3260
872 158 956 194 ΑΝ.
988 156 1079 194 1552
1707 159 1780 196 603

155 265 247 293 non
271 259 422 305 potest
445 259 618 304 quanta
640 254 699 293 sit
721 254 904 293 illorum
926 253 1095 305 pietas,
1125 259 1348 304 quantum
1380 253 1618 304 religionis
1645 266 1775 294 amor

155 330 198 364 et
221 335 334 374 erga
356 335 442 363 nos
464 324 685 364 charitas.

233 394 442 434 Studium
471 406 653 446 quoque
680 394 972 435 xenodochia
1000 401 1044 434 et
1072 406 1287 435 carceres
1322 394 1553 435 invisendi
1581 406 1674 435 non
1702 395 1776 435 de-

154 464 253 514 fuit,
278 464 322 504 in
344 465 508 515 quibus
529 466 891 506 consolabantur
913 464 1108 505 afflictos
1129 472 1172 505 et
1194 466 1253 505 ad
1275 452 1593 506 confessiones
1615 466 1776 506 cohor-

153 535 386 586 tabantur;
410 536 530 576 unde
552 536 727 576 factum
749 543 832 587 est,
857 536 1014 576 divino
1037 535 1222 576 favente
1245 537 1452 586 numine,
1477 544 1524 576 ut
1551 537 1773 585 nonnulli,

152 606 228 657 qui
251 618 332 657 per
354 605 514 646 decem
537 619 684 646 annos
706 607 1022 647 confessiones
1045 607 1407 653 intermiserant,
1432 607 1615 647 demum
1638 607 1774 647 confi-

152 683 374 726 terentur,
414 683 551 728 atque
587 678 665 717 alii
692 689 777 717 nos
804 683 1026 728 rogarent
1054 683 1102 717 ut
1129 677 1188 717 ad
1217 690 1266 717 se
1293 677 1558 728 frequenter
1586 677 1774 729 iremus,

151 746 271 797 quod
295 748 628 787 consuetudine
651 755 812 788 nostra
833 760 925 788 non
947 759 1112 799 parum
1135 759 1183 787 se
1207 747 1434 788 affirment
1455 747 1684 799 adjuvari.

227 817 368 857 Aliud
389 830 481 858 non
501 818 693 858 minoris
714 819 1050 859 aedificationis
1071 818 1255 859 accidit.
1286 818 1401 859 Cum
1427 818 1476 858 P.
1509 818 1778 859 Ludovicus

147 888 350 938 Pratum,
371 889 428 928 ab
450 889 599 929 amico
617 890 797 940 ductus,
818 901 922 929 cum
941 890 1121 930 duobus
1136 889 1358 929 fratribus
1378 895 1500 929 esset
1521 889 1774 940 profectus,

148 966 275 998 tanta
299 960 544 999 multitudo
562 966 610 999 ut
632 960 928 1000 confiteretur
950 961 1282 1010 concurrebat,
1308 966 1357 1000 ut
1378 966 1422 1000 et
1443 971 1604 1000 coram
1624 960 1776 1000 fratri-

147 1029 232 1068 bus
259 1029 305 1068 in
331 1030 502 1080 templo
531 1042 581 1070 sc
607 1037 955 1082 prosternerent
992 1031 1152 1082 aliqui,
1185 1031 1319 1082 quasi
1344 1030 1418 1082 jus
1446 1031 1670 1071 haberent
1699 1043 1774 1070 au-

145 1099 298 1139 diendi
329 1100 660 1141 confessiones.
698 1102 821 1141 Inter
856 1101 971 1142 hacc
1006 1102 1052 1141 in
1086 1102 1250 1142 eadem
1284 1102 1397 1142 urbe
1431 1102 1543 1142 illud
1578 1103 1776 1152 contigit

144 1170 281 1222 quod,
305 1182 410 1210 cum
426 1170 611 1221 juvenis
631 1173 819 1223 quidam
841 1173 887 1213 in
909 1173 1130 1213 extremis
1152 1173 1401 1222 laboraret,
1427 1185 1576 1225 neque
1596 1173 1652 1213 de
1670 1185 1774 1213 con-

144 1240 344 1281 fessione
366 1242 615 1293 cogitaret,
640 1242 791 1283 effecit
812 1244 860 1283 P.
884 1243 1152 1284 Ludovicus
1171 1250 1221 1283 ut
1249 1256 1408 1284 secum
1435 1243 1776 1284 confessionem

144 1318 444 1362 peccatorum
464 1312 639 1352 faceret
660 1313 839 1365 sibique
861 1314 921 1354 ad
942 1314 1161 1354 coelestia
1182 1314 1309 1354 viam
1330 1315 1544 1355 muniret.
1565 1314 1773 1355 Charita-

144 1382 202 1422 tis
224 1382 425 1422 officium
446 1389 603 1424 movet
624 1390 673 1423 ut
693 1384 900 1424 nonnulli
921 1391 1135 1424 nostrum
1155 1385 1382 1435 aegrotis,
1406 1385 1462 1425 de
1484 1397 1682 1436 quorum
1702 1398 1775 1426 sa-

143 1454 236 1493 lute
257 1454 546 1505 desperatur,
572 1455 785 1495 intersint
807 1463 851 1495 et
881 1455 1231 1507 decedentibus,
1260 1462 1310 1496 ut
1339 1467 1503 1496 eorum
1532 1456 1777 1496 animabus

142 1525 403 1575 consulant,
426 1525 614 1576 vigilias
641 1532 799 1576 agant.

218 1594 342 1635 Ante
360 1596 769 1647 quadragesimam
786 1598 1013 1637 moniales
1031 1596 1272 1648 cujusdam
1288 1597 1513 1648 coenobii,
1533 1597 1699 1637 litteris
1717 1597 1774 1637 ad

138 1665 186 1705 P.
206 1665 498 1707 Ludovicum
519 1667 686 1718 missis,
706 1674 996 1719 rogaverunt
1011 1675 1061 1708 ut
1079 1668 1279 1720 aliquem
1297 1674 1508 1708 nostrum
1525 1668 1648 1720 apud
1671 1668 1774 1708 illas

139 1736 299 1777 diebus
320 1737 565 1778 dominicis
586 1739 727 1778 totius
748 1739 1137 1790 quadragesimae
1157 1751 1212 1779 ac
1233 1739 1364 1779 festis
1397 1739 1517 1779 illius
1550 1738 1558 1757 ¹
1589 1738 1776 1779 concio-

138 1808 241 1847 nari
270 1809 573 1858 permitteret.
610 1809 724 1849 Item
758 1810 950 1850 alterius
978 1810 1251 1850 monasterii
1278 1822 1522 1850 sacrarum
1550 1809 1772 1850 foemina-

137 1889 240 1917 rum
261 1879 445 1919 nomine
462 1880 552 1919 viri
573 1879 761 1931 quidam
783 1880 995 1921 eumdem
1024 1880 1212 1921 Patrem
1233 1888 1553 1921 convenerunt
1574 1888 1623 1921 ut
1652 1881 1775 1921 idem

138 1949 224 1988 sibi
250 1950 542 1990 concederet.
573 1950 822 1991 Praeterea
850 1952 1071 2001 societas,
1103 1963 1244 2002 quam
1272 1957 1446 1991 vocant
1472 1951 1555 1992 Sti.
1585 1951 1770 2003 Angeli,

139 2020 350 2070 alterum,
365 2021 443 2071 qui
456 2020 577 2060 idem
590 2021 843 2073 iisdemque
856 2022 1016 2061 diebus
1028 2028 1303 2072 praestaret,
1318 2022 1577 2073 requisivit.
1598 2023 1774 2072 Quibus

140 2090 521 2131 satisfaciendum
542 2091 625 2131 fuit
645 2098 709 2141 et,
736 2098 784 2131 ut
805 2103 1069 2143 speramus,
1093 2103 1186 2132 non
1207 2092 1306 2132 sine
1329 2103 1499 2143 magno
1521 2094 1772 2133 multarum

139 2161 402 2201 animarum
423 2163 747 2202 emolumento.
767 2162 893 2202 Idem
907 2163 1149 2213 requirunt
1165 2163 1317 2203 adhuc
1338 2163 1524 2203 illorum
1545 2165 1770 2214 nonnulli;

139 2232 295 2271 nescio
319 2244 378 2271 an
399 2232 694 2272 concedetur.
718 2232 791 2272 Fit
821 2233 944 2273 enim
970 2232 1233 2284 hujusmodi
1260 2234 1645 2285 occupationibus
1678 2247 1771 2275 non

139 2302 254 2342 levis
276 2302 534 2342 studiorum
551 2302 751 2354 jactura.

219 2372 266 2412 P.
290 2364 574 2423 LudovicuS,
599 2374 863 2414 intermissa
886 2374 1167 2414 christianae
1189 2374 1431 2415 doctrinae
1463 2376 1767 2427 expositione,

139 2444 390 2483 conciones
410 2444 570 2484 habuit
591 2451 649 2494 et,
673 2452 723 2484 ut
744 2445 959 2494 arbitror,
983 2445 1169 2485 habebit
1190 2446 1237 2485 in
1257 2452 1510 2497 posterum.

217 2514 421 2554 Litterae
448 2526 507 2554 ex
536 2514 684 2565 India,
716 2527 832 2566 quas
857 2515 952 2555 fere
973 2516 1119 2556 tribus
1140 2516 1309 2556 abhinc
1330 2517 1566 2556 mensibus
1596 2517 1654 2557 ad
1681 2529 1769 2558 nos

139 2584 324 2634 misisti,
355 2585 507 2624 adhuc
536 2585 926 2626 circumferuntur
955 2592 998 2626 et
1025 2587 1275 2626 multorum
1296 2587 1509 2626 manibus
1538 2593 1767 2638 teruntur;

140 2656 185 2694 in
208 2656 362 2695 inultis
385 2656 620 2695 coenobiis
651 2669 676 2696 a
698 2657 853 2697 multis
874 2657 1194 2708 spiritualibus
1214 2658 1345 2697 Visae
1373 2664 1479 2697 sunt
1507 2663 1551 2697 et
1578 2659 1767 2709 requisi-

140 2733 234 2774 tae,
255 2738 347 2765 non
375 2726 473 2766 sine
501 2738 674 2777 magna
701 2727 963 2768 animarum
991 2727 1312 2768 aedificatione
1339 2728 1766 2780 consolationeque.

220 2796 464 2847 Reliquum
485 2803 574 2846 est,
598 2804 646 2837 ut
667 2797 722 2837 de
744 2798 908 2838 studiis
936 2810 1117 2849 quoque
1145 2798 1374 2838 addamus
1399 2809 1564 2849 pauca.
1599 2799 1647 2839 P.
1678 2799 1766 2840 Lu-

198 2955 205 2974 ¹
249 2955 342 2982 sestis·
360 2957 449 2983 intra
466 2956 762 2990 quadragesimam
778 2958 1045 2984 occurrentibus.
