1987 3260
834 178 872 214 A
880 189 915 214 x.
948 181 961 213 l
969 178 1037 214 ⁷³52
1673 179 1745 214 547

119 276 320 327 scriptis,
340 273 437 325 jam
457 276 678 315 exercitia
701 286 872 326 magno
893 286 998 315 cum
1017 274 1171 315 fructu
1191 274 1404 326 perfecit,
1429 284 1570 325 seque
1592 280 1742 314 totum

122 345 203 385 X.⁰
224 357 279 385 ac
300 344 520 386 Societati
542 356 590 385 se
610 352 758 386 totum
780 345 886 396 (sic)
909 346 1020 385 dare
1041 345 1332 385 deliberavit.

201 416 250 456 In
270 417 494 469 Januario
522 417 860 457 celebravimus
880 416 1016 456 valde
1044 416 1313 457 solemniter
1340 415 1507 455 festum
1539 414 1740 456 Sanctis-

122 487 226 527 simi
258 487 468 527 Nominis
497 487 621 540 Jesu,
657 499 748 538 quo
775 487 848 527 die
875 487 1012 527 Pater
1043 486 1279 527 Arnoldus
1314 486 1554 537 egregiam
1582 486 1745 526 habuit

122 557 507 597 declamationem
541 569 646 598 cum
680 569 851 609 magna
877 558 1082 597 omnium
1110 557 1374 597 auditorum
1407 556 1742 607 satisfactione,
1787 587 1792 592 .

124 628 216 679 qui,
239 634 287 667 ut
308 628 530 679 intellexi,
564 629 822 669 voluissent
852 635 901 668 ut
932 629 1084 668 adhuc
1112 640 1194 680 per
1218 634 1313 668 tres
1342 627 1484 667 horas
1513 627 1744 678 durasset,

124 699 210 738 etsi
231 710 313 750 per
333 699 449 739 duas
467 699 608 739 horas
627 700 743 739 bene
761 700 1014 740 duraverit.
1034 699 1286 750 Plusquam
1303 706 1490 739 centum
1507 698 1747 738 auditores

125 770 170 809 in
192 770 297 809 aula
318 777 479 810 nostra
500 777 770 821 praesentes
791 776 937 821 erant,
970 770 1088 810 inter
1110 781 1226 821 quos
1247 769 1432 821 plurimi
1459 775 1592 809 erant
1619 769 1748 810 nobi·

125 841 191 880 les
212 847 256 880 et
277 847 371 880 tres
392 840 470 880 filii
492 840 759 881 Praefectus
785 841 1071 890 Leodiensis,
1096 841 1174 892 qui
1195 851 1356 880 omnes
1383 851 1498 891 erga
1517 851 1604 880 nos
1627 840 1746 880 bene

127 918 233 951 sunt
253 910 428 961 affecti;
452 912 566 951 bene
583 910 678 962 jam
700 911 913 951 audimus
937 912 994 950 ab
1012 911 1240 951 omnibus.

207 981 382 1021 Nobilis
404 982 480 1021 illa
503 982 753 1022 Abbatissa
782 982 828 1021 in
857 982 977 1021 bono
1008 993 1091 1022 suo
1120 982 1360 1033 proposito
1388 981 1584 1021 feliciter
1613 982 1746 1033 profi-

128 1052 209 1102 cit3
233 1052 510 1103 ubicumque
537 1058 689 1103 potest
710 1064 794 1103 pro
824 1053 957 1092 nobis
984 1053 1186 1103 loquitur
1213 1064 1390 1104 nosque
1417 1052 1634 1102 defendit,
1665 1065 1751 1092 nec

128 1134 276 1173 parvo
295 1134 400 1162 curn
420 1122 593 1173 fructu;
617 1123 683 1162 sic
698 1122 810 1162 facit
832 1130 875 1163 et
896 1135 1018 1162 nunc
1038 1129 1198 1174 pastor
1220 1129 1263 1163 et
1285 1123 1440 1174 plures
1471 1123 1563 1163 alii.
1595 1123 1753 1163 Bonus

130 1193 244 1233 odor
265 1192 511 1233 Societatis
531 1193 667 1233 valde
689 1194 735 1233 in
757 1194 857 1233 istis
877 1194 1087 1245 partibus
1109 1194 1364 1245 spargitur.

208 1264 311 1317 Jam
333 1263 597 1303 Lovanium
617 1263 910 1315 proficiscor;
940 1265 1178 1316 hucusque
1205 1265 1328 1305 enim
1354 1277 1536 1316 semper
1564 1265 1752 1316 impedi-

128 1341 203 1374 tus
223 1334 303 1385 fui,
333 1342 380 1374 ut
408 1335 467 1374 ad
486 1335 690 1385 gratiam
719 1335 830 1374 mihi
852 1348 878 1375 a
900 1335 948 1375 P.
973 1335 1032 1375 V.
1056 1347 1331 1376 concessam
1351 1348 1423 1376 me
1441 1335 1538 1387 jam
1559 1347 1750 1388 praepa-

129 1417 241 1456 rem,
266 1417 350 1457 pro
378 1417 469 1457 qua
490 1406 720 1446 maximas
748 1417 838 1456 ago
859 1406 907 1446 Ρ.
932 1406 990 1446 V.
1013 1407 1194 1457 gratias
1221 1413 1266 1447 et
1287 1418 1427 1458 agam
1448 1406 1556 1447 dum
1575 1407 1751 1456 vivam,

130 1477 351 1527 quoniam
383 1477 550 1516 laetius
576 1477 663 1516 hoc
685 1477 748 1516 nil
776 1477 888 1516 mihi
915 1477 961 1517 in
987 1476 1075 1517 hoc
1104 1477 1276 1517 mundo
1305 1477 1548 1528 obtingere
1580 1477 1754 1529 potuis-

131 1554 200 1588 set
226 1547 250 1585 ¹.

210 1618 339 1658 Haec
360 1624 467 1658 sunt
487 1630 605 1669 quae
626 1617 675 1658 Ρ.
700 1618 757 1658 V.
782 1618 1028 1658 scribenda
1050 1624 1322 1669 occurrunt,
1348 1619 1423 1658 cui
1443 1630 1515 1658 me
1536 1624 1634 1658 toto
1656 1631 1753 1659 cor-

116 1677 201 1729 ‘dis
218 1689 447 1729 desiderio
464 1689 599 1729 unice
615 1689 905 1729 commendo
929 1689 1053 1729 Bene
1070 1690 1226 1729 valeat
1241 1689 1290 1728 Ρ.
1310 1689 1368 1730 V.
1389 1689 1435 1729 in
1455 1689 1539 1729 X.0
1555 1701 1755 1741 semper.

212 1759 385 1800 Ultimo
402 1759 642 1799 Februarii
667 1759 780 1799 1552.

211 1829 265 1870 R.
290 1830 350 1870 V.
373 1842 537 1870 servus
558 1830 793 1880 indignus,

1038 1974 1319 2013 LEONARDUS
1346 1973 1545 2014 KEssEe.

216 2184 326 2225 Alia
351 2196 539 2235 manns,
560 2189 613 2224 ut
638 2186 841 2225 bre-viter
863 2185 1093 2226 indicaret
1124 2198 1177 2225 ea
1206 2197 1324 2237 quae
1354 2187 1404 2226 in
1429 2185 1606 2226 litteris
1632 2191 1759 2237 repe-

137 2260 349 2307 reantur,
377 2256 465 2296 llas
491 2262 580 2307 per
599 2260 747 2296 totam
774 2257 966 2296 chartae
993 2268 1127 2296 oram
1155 2257 1488 2297 annotationes
1521 2256 1761 2308 apposuit:

139 2328 270 2367 Coos
298 2328 642 2377 (coucz'onatur)
659 2327 707 2366 P.
731 2328 782 2367 L.
804 2351 851 2354 —
869 2327 966 2368 Stu.
991 2328 1065 2367 ad.
1095 2328 1364 2377 (studiosus
1384 2327 1692 2377 adolescens).
1712 2350 1761 2354 -

140 2397 303 2438 Enodu
320 2396 408 2437 Ph:
432 2398 541 2437 deli:
558 2421 609 2425 —
625 2396 834 2437 Declam.
854 2398 903 2437 P.
923 2397 1006 2437 Ar.
1026 2421 1073 2425 —
1087 2398 1206 2437 Abb.
1230 2421 1277 2425 —
1295 2398 1460 2439 Pastor
1477 2399 1519 2438 b.
1540 2398 1614 2438 aff.
1635 2399 1763 2448 (bene

139 2468 385 2517 affectus).
407 2491 454 2495 —-
471 2468 584 2508 Lou.
603 2480 647 2519 p.
672 2468 1050 2519 (proficiscitur).
1073 2491 1120 2495 -—
1136 2468 1257 2508 Gras
1280 2480 1354 2520 ag.
1378 2468 1426 2508 P.

201 2603 209 2621 ¹
250 2602 351 2630 “Cum
367 2603 566 2631 facultatem
580 2605 610 2631 ei
627 2604 673 2636 ;P.
689 2603 867 2631 Leonardo
885 2604 1012 2636 Kessel)
1028 2604 1175 2631 misisset
1192 2604 1226 2631 P.
1241 2604 1395 2638 Ignatius
1409 2604 1653 2638 professionem
1673 2605 1769 2640 emit-

142 2650 231 2676 tendi
248 2654 281 2677 et
296 2655 429 2684 patrem
444 2651 586 2678 haberet
601 2652 829 2685 superstitem,
846 2651 989 2678 contulit
1004 2658 1038 2677 se
1059 2651 1091 2677 in
1113 2651 1307 2678 inferiorem
1328 2651 1548 2679 Germaniam
1564 2655 1599 2678 ut
1614 2659 1648 2678 se
1664 2659 1684 2679 a
1698 2652 1769 2678 suis

142 2698 242 2724 rebus
258 2698 442 2732 expediret;
459 2706 518 2725 nec
534 2699 567 2726 in
581 2699 702 2726 itinere
718 2698 908 2725 Lovanium
923 2706 1077 2725 versus...
1096 2698 1287 2732 Pormcus,
1305 2699 1325 2725 l.
1341 2706 1367 2726 c.
1382 2706 1412 2725 n.
1427 2699 1490 2726 393.
