1987 3260
129 219 178 256 54
638 218 865 256 LITTERAE
892 229 1250 262 QUADR1MEsiRizs

874 670 928 723 X
939 670 1031 724 [Π

208 879 256 916 Ρ.
278 879 511 926 Sylvester
529 879 754 917 Landinus

255 944 376 982 Patri
394 945 527 982 Petro
548 943 752 983 Codacio.

303 1010 556 1058 Margrato‚
577 1009 601 1048 8
619 1009 890 1057 Septembris
912 1010 1002 1048 1547
1021 1010 1045 1045 ¹.

950 1164 957 1180 1

950 1188 957 1216 l

218 1309 372 1350 'Padre
393 1310 485 1350 mio
505 1311 580 1350 nel
601 1309 819 1361 Signore:

221 1380 309 1421 Gia
330 1393 452 1421 nove
473 1381 634 1421 lettere
655 1380 715 1420 ho
737 1381 898 1420 scritto
919 1380 966 1419 in
985 1380 1133 1420 honor
1151 1379 1257 1419 delli
1274 1378 1383 1418 novi
1400 1377 1532 1418 chori
1548 1378 1766 1429 angelici,

138 1456 195 1491 ne
217 1452 318 1492 sino
340 1453 507 1492 adesso
529 1463 614 1492 son
634 1458 708 1492 sta
728 1451 879 1502 degno
894 1450 940 1490 di
956 1450 1179 1501 risposta3
1204 1462 1277 1489 ma
1299 1450 1510 1500 piacesse
1531 1449 1575 1488 al
1595 1447 1767 1499 Signor

140 1523 290 1563 chela
317 1524 388 1563 x.a
408 1522 422 1541 ²
442 1523 699 1574 riportasse
729 1523 774 1562 la
802 1522 1020 1562 smarrita
1050 1532 1222 1573 pecora
1254 1521 1296 1560 31
1326 1531 1410 1559 5110
1439 1524 1595 1559 amato
1627 1519 1767 1569 ovile,

140 1598 190 1634 nt
213 1595 374 1645 majus
395 1593 656 1645 gandium,
683 1599 787 1643 etc.‚
818 1599 862 1633 et
889 1593 1019 1632 accio
1048 1592 1136 1642 sia,
1168 1591 1376 1642 supplico
1403 1602 1485 1641 per
1515 1601 1646 1629 amor
1667 1590 1710 1629 d’
1737 1591 1765 1629 il

139 1665 310 1705 Nostro
331 1664 529 1716 Signore
550 1665 678 1705 Iddio
706 1676 732 1703 a
759 1664 935 1704 Vostra
955 1663 1217 1703 Riverenza
1244 1674 1337 1701 non
1358 1661 1396 1701 si
1417 1660 1581 1712 sdegni
1602 1660 1647 1700 di
1667 1672 1766 1712 pre-

139 1747 248 1786 gar,
286 1742 331 1776 et
364 1737 527 1787 placas
562 1736 606 1774 la
641 1735 795 1785 giusta
829 1735 900 1774 ira
934 1734 1005 1774 del
1039 1739 1199 1773 nostro
1230 1738 1393 1772 sancto
1421 1731 1572 1771 Padre
1602 1736 1767 1771 contra

139 1808 168 1846 l’
199 1807 359 1847 inutile
390 1818 528 1846 servo
556 1817 639 1846 suo
666 1811 710 1845 et
740 1805 1043 1855 inubidiente,
1074 1804 1181 1856 qual
1210 1804 1253 1843 io
1281 1815 1368 1842 son
1409 1808 1531 1842 stato
1566 1813 1765 1853 sempre,

142 1883 441 1929 quantunque
462 1889 555 1917 non
574 1877 741 1916 merito
761 1877 805 1915 13
826 1887 911 1915 5113
933 1881 1096 1915 sancta
1118 1874 1293 1925 gratia,
1322 1877 1380 1912 ne
1407 1874 1450 1912 la
1477 1872 1770 1912 infervorata

142 1948 478 1988 intercessione
499 1947 544 1987 di
564 1947 740 1987 Vostra
760 1946 1050 1995 Riverentia‚
1080 1951 1124 1985 et
1147 1945 1252 1984 delli
1281 1944 1386 1984 altri
1414 1942 1553 1983 Padri
1584 1948 1627 1982 et
1657 1942 1771 1983 Fra-

140 2019 234 2058 telli
257 2030 481 2070 appresso
512 2018 557 2058 di
582 2017 674 2058 Sua
701 2017 997 2057 Reverentia.
1019 2016 1310 2056 Nondimeno
1337 2015 1381 2054 la
1409 2026 1493 2053 sua
1522 2014 1769 2053 clementia

141 2090 304 2129 merita
329 2090 375 2129 di
395 2089 465 2129 far
493 2088 814 2129 misericordia
840 2087 917 2127 alli
945 2087 1152 2135 contriti,
1184 2092 1227 2125 et
1253 2087 1297 2125 la
1325 2091 1487 2124 vostra
1517 2084 1673 2135 ampla
1695 2096 1768 2124 ca-

140 2161 231 2200 rita
252 2160 298 2200 di
318 2160 594 2209 solicitarla;
618 2164 662 2198 et
682 2163 811 2198 tanto
832 2159 912 2209 piu
933 2158 1017 2197 che
1038 2157 1082 2197 io
1103 2168 1197 2196 non
1218 2168 1355 2195 casco
1377 2154 1501 2194 dalla
1521 2165 1771 2205 speranza:

141 2234 283 2270 etlam
305 2230 441 2270 sime
463 2230 712 2280 occideret,
733 2234 976 2280 sperarem
997 2228 1044 2267 iu
1065 2239 1183 2267 enm.

222 2301 314 2341 Tre
335 2302 496 2340 lettere
518 2301 548 2340 il
569 2311 694 2340 mese
721 2305 910 2351 passato
938 2298 1098 2338 scrissi
1125 2310 1151 2336 3
1180 2297 1269 2337 Sua
1301 2295 1603 2345 Reverentia,
1639 2306 1772 2335 come

200 2462 209 2481 ¹
251 2460 524 2495 Autographum,
540 2463 649 2487 totum
664 2467 765 2487 manu
778 2459 892 2487 Patris
906 2458 1062 2491 Landini,
1077 2458 1132 2485 fol.
1148 2466 1177 2484 n.
1193 2458 1254 2484 312.
1274 2457 1327 2484 Ad
1349 2460 1480 2484 rectam
1501 2456 1626 2483 harum
1641 2459 1675 2482 et
1691 2455 1772 2482 alia-

144 2516 217 2535 rum
233 2508 347 2535 Patris
362 2507 529 2542 Sylvestri
545 2507 689 2535 Landini
704 2507 899 2534 litterarum
913 2506 1174 2540 intelligentiam
1189 2508 1323 2539 oportet
1346 2504 1379 2531 in
1395 2503 1593 2530 memoriam
1607 2509 1772 2529 revocare

145 2563 231 2590 quae
247 2556 286 2582 de
302 2563 340 2582 eo
355 2555 473 2581 scribit
489 2554 667 2582 Polancus.
683 2553 783 2581 “Cum
797 2554 957 2581 sacerdos
979 2553 1123 2587 quidam,
1146 2552 1277 2579 nomine
1299 2551 1476 2584 sylvester
1500 2549 1686 2583 Landinus,
1710 2549 1774 2575 Ro-

144 2610 219 2629 mae
235 2602 268 2629 in
284 2602 468 2629 adversam
481 2602 715 2629 valetudinem
727 2601 888 2634 venisset,
910 2604 943 2627 et
958 2601 991 2627 in
1007 2607 1046 2626 ea
1061 2599 1145 2626 satis
1170 2599 1388 2633 impatienter
1404 2601 1436 2624 et
1452 2603 1585 2623 morose
1600 2603 1635 2622 se
1650 2596 1774 2630 gessis-

145 2654 195 2676 set
207 2671 214 2681 ,
231 2649 411 2683 diligenter
426 2649 563 2683 quidem
583 2649 617 2676 P.
630 2648 784 2683 Ignatius
799 2648 933 2675 curavit
949 2651 985 2674 ut
999 2647 1141 2674 sanitati
1164 2646 1416 2677 restitueretur;
1442 2643 1601 2678 quoniam
1614 2650 1697 2669 vero
1719 2650 1776 2676 pa-

146 2704 220 2723 rum
231 2696 487 2731 aedificationis,
501 2704 579 2723 cum
591 2699 801 2730 aegrotaret,
812 2696 917 2722 bonus
934 2695 991 2721 ille
1003 2694 1163 2721 sacerdos
1184 2692 1389 2726 reliquisset,
1413 2695 1449 2718 ut
1465 2691 1600 2717 domum
1620 2697 1717 2717 suam
1740 2698 1774 2716 se

146 2744 316 2770 conferret
325 2743 362 2770 P.
377 2743 529 2777 Ignatius
540 2743 694 2777 injunxit,
707 2749 771 2769 non
783 2742 915 2776 quidem
927 2742 1059 2768 omnino
1071 2749 1090 2768 a
1101 2740 1270 2767 Societate
1284 2739 1450 2766 hominem
1466 2737 1648 2770 dimittens;
1658 2737 1717 2763 sed
1728 2741 1777 2764 ta-

147 2798 221 2817 men
234 2791 301 2823 ille,
314 2790 466 2817 conscius
477 2789 709 2824 impatientiae
722 2796 814 2823 suae,
827 2789 859 2816 id
871 2789 1024 2816 timebat.
1042 2788 1087 2815 Et
1100 2788 1236 2815 tandem
1255 2786 1307 2814 vir
1323 2785 1446 2819 alioqui
1462 2786 1579 2819 bonus,
1596 2785 1778 2811 correctio-

146 2845 222 2864 nem
232 2837 343 2864 Patris
354 2837 549 2871 admittens,
561 2836 768 2870 Malgratum
779 2835 1000 2863 Sarzanensis
1015 2835 1187 2868 dioecesis,
1200 2841 1284 2868 quae
1299 2833 1412 2867 patria
1426 2832 1489 2866 ipsi
1501 2836 1587 2865 erat,
1601 2830 1777 2858 confirma—

147 2890 244 2912 turus
257 2884 394 2911 interim
408 2882 640 2910 valetudinem
654 2890 689 2910 se
705 2882 864 2916 contulit,
881 2882 1000 2909 dubius
1021 2881 1124 2908 animi
1147 2888 1190 2908 an
1205 2887 1279 2907 eum
1301 2879 1337 2906 P.
1352 2878 1505 2913 Ignatius
1520 2877 1554 2906 in
1568 2877 1779 2906 Societatem

147 2934 372 2958 revocaturus
387 2934 494 2964 esset;
513 2937 576 2964 quo
593 2930 626 2957 in
640 2929 750 2963 dubio,
766 2929 848 2956 data
863 2936 984 2963 opera,
1002 2927 1221 2955 correctionis
1237 2926 1362 2961 gratia,
1378 2926 1518 2953 relictus
1533 2929 1638 2959 eran„
1654 2925 1776 2952 Chron.

149 2978 222 3005 Soc.
235 2977 318 3013 ses„
335 2981 359 3004 t.
375 2985 395 3011 1,
413 2984 490 3011 pag.
507 2976 573 3009 232,
588 2984 620 3003 n.
636 2976 697 3003 190.

199 3026 212 3044 2
251 3024 322 3058 ΧΑ,
338 3024 475 3051 decima
491 3023 633 3057 lettera,
657 3023 788 3050 decima
802 3022 955 3057 epistola.
