1987 3260
246 143 315 180 416
754 142 979 179 LITTERAE
1006 152 1362 185 QUADRIMESTRES

245 238 500 289 desperans
521 237 668 289 deque
689 237 777 277 Dei
797 237 1119 277 misericordia
1141 237 1363 288 diffidens,
1390 239 1435 278 in
1456 245 1633 278 tantam
1655 240 1867 290 despera-

247 308 420 348 tionem
440 308 681 358 inciderat,
704 314 753 347 ut
775 320 802 347 a
822 307 978 347 multis
999 307 1233 347 sublevari
1248 320 1342 348 non
1357 310 1526 360 potuit3
1549 322 1728 361 verum,
1754 310 1867 349 invi-

246 378 453 418 sentibus
480 390 585 418 eum
610 378 846 429 Patribus,
879 377 1037 417 divino
1062 378 1226 418 favore
1258 379 1449 430 resipuit
1478 391 1532 419 ac
1560 392 1737 432 paucos
1764 387 1869 431 post

247 449 345 489 dies
368 449 571 488 animam
593 449 780 488 efflavit.

326 519 401 560 Ad
422 519 738 559 confessiones
760 530 1018 559 concursus
1038 531 1131 559 non
1153 525 1222 559 est
1248 520 1545 560 mediocriter
1573 532 1794 572 magnus,
1827 526 1871 560 et

247 591 367 630 inter
388 602 468 630 eos
489 590 567 641 qui
588 589 905 630 confessiones
936 601 991 629 ac
1022 589 1213 629 sanctis.
1244 595 1589 629 sacramentum
1617 591 1868 637 celebrant,

247 661 453 701 maxima
474 672 584 712 pars
606 672 766 700 eorum
788 666 855 700 est
877 660 954 711 qui
975 671 1086 699 vere
1117 665 1311 711 possunt
1332 660 1599 711 spirituales
1631 661 1869 712 appellari,

246 744 355 771 nam
379 731 569 772 Domini
588 731 788 781 vestigia
810 742 990 770 summo
1010 730 1196 770 fervore
1224 737 1580 782 prosequuntur.
1610 731 1670 771 Hi
1697 743 1797 771 sese
1825 732 1871 771 in

247 803 568 854 componenda
589 813 706 853 pace
727 813 833 841 cum
849 801 1078 852 aliquibus
1095 807 1328 852 exercent,
1349 808 1393 842 et
1414 802 1629 842 mulieres
1647 803 1870 853 pernicio-

247 885 348 913 sam
369 874 515 913 vitam
537 878 730 923 agentes
752 872 810 912 ad
829 872 1001 912 bonum
1021 872 1282 912 institutum
1302 873 1525 912 reducere
1553 873 1762 920 student;
1795 873 1872 913 ho-

247 944 432 995 spitalia
454 943 657 983 invisere
678 955 771 983 non
792 943 1181 994 praetermittunt.

326 1015 419 1054 Dat
449 1014 587 1054 Pater
607 1014 889 1054 Paschasius
909 1014 1065 1053 multis
1085 1013 1132 1053 in
1158 1014 1423 1065 praesentia
1450 1014 1711 1065 spiritualia
1741 1025 1870 1054 exer-

246 1086 378 1136 citia,
408 1091 453 1125 et
480 1085 714 1124 nonnullis
741 1084 1055 1124 nobilissimae
1083 1083 1286 1124 familiae
1320 1084 1443 1124 natis
1461 1096 1515 1124 ea
1548 1084 1671 1124 dedit
1702 1084 1870 1133 multis

246 1156 457 1207 proxime
479 1155 648 1207 elapsis
670 1155 845 1205 diebus,
866 1166 1062 1206 quorum
1083 1155 1266 1206 aliquae
1286 1155 1497 1205 virgines
1518 1155 1774 1206 ingressae,
1796 1155 1873 1195 ali-

247 1238 365 1277 quae
386 1227 685 1277 ingressurae
706 1232 813 1266 sunt
835 1226 1086 1276 coenobia,
1119 1232 1162 1265 et
1183 1225 1363 1265 Doctor
1385 1226 1573 1277 quidam
1601 1225 1647 1265 in
1677 1231 1874 1277 utroque

241 1297 358 1349 jure,
382 1298 547 1338 iisdem
569 1297 804 1337 exercitiis
824 1302 1078 1348 promotus,
1100 1297 1159 1336 ad
1174 1297 1297 1336 idem
1312 1297 1645 1348 praestandum
1667 1308 1716 1336 se
1736 1308 1870 1348 para-

248 1375 345 1408 tum
370 1367 508 1408 fateri
534 1379 627 1407 non
662 1368 853 1408 dubitat.
885 1368 945 1407 Hi
972 1367 1256 1419 spirituales,
1287 1367 1342 1407 de
1372 1368 1536 1418 quibus
1563 1367 1700 1407 modo
1728 1367 1873 1407 verba

246 1439 349 1489 feci,
372 1451 465 1479 non
487 1439 609 1478 enim
629 1439 774 1478 multa
795 1437 850 1477 de
874 1439 963 1478 illis
983 1437 1256 1489 praedicare
1278 1438 1523 1488 desistam,
1556 1438 1619 1478 ita
1651 1449 1764 1489 erga
1793 1436 1870 1478 So—

247 1510 463 1550 cietatem
485 1516 591 1549 sunt
613 1509 764 1549 affecti
782 1515 829 1549 ut
845 1520 1099 1560 numquam
1121 1521 1146 1548 a
1164 1514 1323 1548 nostra
1340 1509 1621 1560 praesentia,
1641 1508 1750 1548 dum
1770 1520 1871 1559 pos-

247 1586 369 1629 sunt,
388 1579 606 1620 recedere
627 1581 745 1619 velle
762 1580 1023 1619 videantur.
1043 1580 1187 1619 Immo
1209 1585 1253 1619 et
1271 1579 1484 1630 quamvis
1500 1579 1691 1619 audiant
1712 1578 1874 1618 diebus

246 1651 375 1691 festis
410 1663 544 1691 mane
581 1651 855 1690 concionem
883 1655 926 1690 et
953 1663 979 1690 a
1008 1650 1204 1700 prandio
1235 1650 1500 1701 lectionem,
1532 1661 1714 1690 necnon
1749 1649 1873 1689 dorni

246 1722 506 1762 orationem
536 1733 562 1760 a
595 1721 814 1761 fratribus
854 1721 1080 1771 habitam,
1123 1721 1231 1760 licet
1264 1732 1358 1760 non
1398 1732 1558 1760 omnes
1595 1720 1872 1770 intelligant,

248 1798 403 1833 tamen
424 1804 516 1832 non
538 1792 626 1832 illis
648 1792 835 1842 sufficit,
860 1791 1011 1831 adhuc
1026 1791 1199 1831 Vellent
1222 1803 1248 1830 a
1270 1791 1407 1831 Patre
1437 1790 1691 1831 Paschasio
1723 1791 1877 1842 priva-

250 1870 345 1903 tam
373 1863 770 1913 exhortationem,
800 1868 1063 1902 asserentes
1093 1874 1141 1902 se
1171 1874 1264 1902 non
1291 1861 1416 1902 aliud
1451 1867 1613 1913 optare
1643 1873 1781 1913 quam
1811 1862 1878 1901 sic

249 1940 398 1974 totum
420 1934 540 1973 diem
562 1933 608 1973 in
628 1933 788 1973 divino
810 1933 1001 1973 servitio
1023 1933 1300 1983 transigere.

329 2005 403 2044 Ad
423 2015 509 2044 nos
530 2004 715 2044 deducti
746 2003 895 2054 fuere,
926 2009 1086 2043 nostro
1115 2004 1273 2043 audito
1300 2003 1524 2053 adventu,
1557 2004 1819 2053 complures
1852 2015 1877 2042 a

249 2075 487 2126 spiritibus
521 2074 769 2115 immundis
795 2075 978 2125 vexati;
1009 2086 1205 2126 quorum
1234 2074 1398 2114 mulier
1428 2086 1521 2114 una
1548 2086 1606 2114 ex
1633 2073 1879 2114 duodecim

249 2146 521 2186 milliaribus
549 2151 617 2185 est
645 2157 790 2197 usque
818 2145 1016 2185 deducta
1042 2151 1091 2185 ut
1114 2158 1141 2185 a
1169 2145 1385 2185 Patribus
1413 2150 1534 2185 esset
1560 2145 1772 2184 liberata.
1803 2144 1878 2184 Al-

250 2224 350 2256 tera
385 2216 441 2256 ab
472 2216 635 2256 eodem
668 2216 912 2256 sacerdote
947 2215 1167 2266 deducta,
1197 2216 1275 2266 qui
1303 2227 1406 2255 eam
1437 2216 1553 2255 alias
1580 2227 1605 2254 a
1635 2215 1879 2255 daemonio

251 2288 446 2327 liberare
467 2292 664 2326 conatus
684 2286 858 2337 fuerat,
890 2287 968 2338 qui
989 2285 1174 2337 quidem
1197 2286 1397 2337 quadam
1425 2286 1722 2337 simplicitate
1754 2285 1879 2325 Patri

252 2357 504 2397 Paschasio
526 2357 710 2397 dicebat
732 2357 1006 2397 daemonem
1027 2357 1075 2396 in
1097 2357 1229 2407 digiti
1257 2357 1437 2408 apicem
1464 2368 1512 2396 se
1540 2356 1747 2408 recipere
1779 2359 1878 2396 coe<

251 2428 392 2479 gisse,
411 2428 492 2467 sed
513 2428 782 2479 neutiquam
803 2428 909 2467 inde
926 2427 1170 2467 detrudere
1187 2427 1315 2467 illum
1331 2427 1551 2478 potuisse,
1569 2439 1687 2478 quae
1704 2427 1762 2466 ab
1779 2427 1878 2478 ipso

254 2498 391 2539 Patre
412 2498 668 2538 Paschasio
691 2499 789 2538 sola
812 2497 1106 2538 confessione
1126 2498 1322 2537 liberata
1342 2497 1446 2548 fuit,
1477 2508 1743 2549 paucosque
1773 2502 1880 2547 post

253 2569 351 2609 dies
373 2581 430 2609 ex
451 2569 541 2609 hoc
563 2569 702 2608 exilio
724 2569 783 2608 ad
803 2574 1025 2620 paternas
1045 2567 1179 2609 sedes
1200 2569 1439 2619 migravit.

333 2640 459 2680 Idem
473 2639 612 2679 Pater
632 2639 679 2679 in
696 2639 952 2679 christiana
968 2639 1056 2679 fide
1074 2638 1190 2678 duos
1208 2639 1406 2679 erudivit
1423 2639 1665 2688 hebraeos,
1685 2649 1881 2688 quorum

253 2723 392 2761 unus,
416 2711 493 2750 ubi
515 2710 706 2750 edoctus
726 2710 833 2761 fuit,
857 2721 950 2749 uno
982 2710 1237 2760 eodemque
1269 2710 1342 2749 die
1369 2721 1459 2761 quo
1486 2709 1571 2749 fuit
1601 2708 1877 2759 baptizatus,

254 2782 377 2822 sacri
398 2782 485 2821 olei
506 2781 772 2820 unctionem
794 2781 1014 2832 suscepit,
1035 2791 1089 2820 ac
1107 2781 1166 2820 ad
1187 2791 1382 2831 superos
1399 2779 1683 2820 convolavit.
1704 2778 1880 2819 Recon-

254 2853 430 2892 ciliavit
450 2852 590 2891 etiam
610 2851 711 2891 Deo
733 2851 979 2903 quemdam
1006 2862 1187 2901 eorum,
1218 2851 1295 2902 qui
1325 2851 1433 2890 olim
1460 2851 1507 2890 in
1533 2849 1776 2889 Lusitania
1806 2850 1880 2889 ba-

255 2923 414 2974 ptizati
443 2923 594 2971 fuere,
627 2923 704 2972 qui
733 2921 918 2973 quidem
946 2922 1004 2961 ad
1034 2921 1281 2971 vomitum,
1315 2921 1373 2960 ad
1404 2919 1681 2971 judaeorum
1716 2931 1880 2971 nempe
