1987 3260
206 183 282 220 31⁴2
745 182 968 219 LITTERAE
996 194 1352 225 QUADRIMESTRES

211 294 312 326 tum
334 285 613 336 conscendo,
633 286 875 335 Dominus,
894 296 977 336 pro
995 285 1071 324 illa
1093 297 1273 325 summa
1294 286 1523 326 charitate
1541 299 1630 338 qua
1652 287 1833 328 animas

212 357 529 407 prosequitur,
558 356 671 396 mihi
698 356 910 406 vigorem
936 362 980 395 et
1009 355 1222 406 spiritum
1249 368 1383 396 suum
1420 363 1633 397 sanctum
1665 357 1829 398 reddit.

208 426 306 467 Sed
325 427 567 467 verissime
587 426 811 467 confiteor
832 426 957 477 quod
984 438 1136 477 saepe,
1159 427 1238 466 ubi
1258 433 1397 478 caput
1417 427 1628 478 habeam,
1653 434 1701 467 ut
1723 428 1830 468 dici-

211 504 303 548 tur,
334 499 515 548 ignoro.
548 498 603 537 Et
634 503 791 537 tamen
818 496 1048 537 Dominus
1077 497 1264 536 interim
1291 503 1470 538 tantum
1504 498 1760 538 dulcedinis
1788 505 1832 538 et

208 568 498 608 fortitudinis
530 568 689 608 tribuit
719 574 769 607 ut
800 568 1035 607 auditores
1059 568 1150 607 mei
1179 568 1225 607 in
1254 568 1522 619 lachrymas
1550 569 1741 609 resoluti
1771 569 1832 609 di-

209 645 336 679 cant:
360 640 448 679 Hic
469 644 626 678 noster
647 644 716 678 est
735 638 888 688 Pater,
917 649 1054 689 quem
1083 638 1206 678 misit
1226 639 1360 678 nobis
1380 639 1621 680 Dominus.
1645 641 1702 680 Et
1728 641 1834 680 licet

212 710 424 749 homines
446 710 625 749 feroces
647 709 737 748 sint
755 720 1028 760 semperque
1050 709 1218 748 armati
1239 709 1476 757 incedant,
1501 716 1670 760 tamen,
1695 722 1835 762 quum

210 794 239 819 a
261 781 436 831 pulpito
458 780 705 830 descendo,
730 779 838 819 hinc
855 780 960 819 inde
982 779 1094 819 mihi
1116 780 1336 820 assistunt
1358 786 1416 830 et,
1446 780 1751 831 defatigatum
1769 781 1835 820 vi-

212 851 378 902 dendo,
404 852 598 890 multum
620 850 862 890 charitatis
884 850 996 889 mihi
1026 850 1265 901 exhibent,
1288 863 1374 890 nec
1413 851 1575 890 satiari
1604 851 1694 890 mei
1730 863 1834 890 con-

210 927 374 972 spectu
395 921 626 960 videntur.
651 921 807 960 Multis
834 921 990 971 itaque
1017 920 1166 960 modis
1193 932 1266 960 me
1287 920 1446 961 divina
1466 921 1649 961 bonitas
1675 933 1835 961 conso-

212 994 335 1031 latur
363 997 405 1031 et
436 992 559 1031 mille
588 1003 670 1042 pro
692 1003 782 1030 uno
813 991 1020 1041 exhibet,
1052 997 1095 1031 et
1122 1002 1289 1031 revera
1320 992 1542 1032 laetitiam
1564 992 1703 1032 aliam
1733 992 1835 1032 soli-

210 1063 322 1102 dam
351 1074 441 1102 non
462 1062 643 1113 reperio
665 1073 803 1112 quam
824 1061 1020 1101 fideliter
1041 1061 1141 1101 Deo
1162 1062 1247 1101 sub
1270 1062 1513 1102 obedentia
1535 1063 1726 1103 servire.

293 1133 409 1173 Cum
430 1132 714 1172 Mutinenses
736 1132 976 1183 conquesti
996 1132 1166 1172 fuerint
1186 1132 1309 1183 apud
1325 1133 1606 1183 Episcopum
1624 1133 1748 1184 quod
1764 1145 1836 1173 me

211 1210 348 1244 extra
374 1204 557 1254 urbem,
588 1203 701 1254 ipsis
737 1203 932 1252 relictis,
962 1203 1021 1242 ad
1054 1203 1371 1243 visitationem
1404 1204 1602 1244 aliorum
1627 1205 1838 1244 locorum

212 1275 433 1323 misisset,
453 1285 591 1324 nunc,
616 1273 1044 1313 animadvertentes
1060 1273 1262 1313 fructum
1283 1275 1542 1314 animarum
1565 1275 1834 1323 maximum,

209 1357 350 1396 quem
365 1345 594 1385 Dominus
610 1343 838 1396 producit,
859 1345 1014 1384 dolent
1036 1344 1158 1395 quod
1175 1356 1336 1384 eorum
1354 1357 1494 1385 causa
1513 1352 1693 1386 tantum
1715 1346 1836 1386 labo-

211 1416 276 1455 ris
298 1415 643 1466 assumpserim.

296 1486 435 1526 Aliud
474 1498 566 1526 non
605 1492 746 1525 vacat
785 1486 940 1536 legere
979 1497 1061 1537 per
1099 1486 1458 1536 occupationum
1496 1487 1837 1527 multitudinem

212 1569 354 1609 quam
374 1558 554 1597 litteras
575 1556 844 1606 Societatis3
869 1556 950 1596 sed
971 1556 1109 1595 lectio
1138 1556 1254 1596 haec
1274 1556 1386 1596 mihi
1416 1558 1529 1597 satis
1551 1558 1651 1607 erit,
1680 1558 1778 1597 vim
1797 1557 1836 1597 si

216 1629 326 1668 mihi
348 1628 434 1679 ipsi
456 1627 515 1668 ad
530 1627 804 1667 imitandum
821 1627 1033 1666 intulero.
1054 1625 1200 1677 Spero
1217 1627 1263 1666 in
1279 1627 1480 1667 Domino
1497 1640 1569 1667 me
1587 1627 1836 1679 aliquando

217 1701 536 1750 incoepturum
556 1709 641 1738 nec
663 1698 859 1748 amplius
881 1697 1345 1747 procrastinaturum.
