1987 3260
233 176 303 213 376
744 177 968 213 Ll'rTERAE
995 187 1349 220 QUADRIMESTRES

233 271 454 311 scientiae
493 272 767 312 scrutationi
806 277 851 311 et
895 271 1096 311 orationi
1134 278 1374 313 vacantes.
1416 273 1639 325 Quidam,
1682 275 1853 315 mundo

232 342 418 382 omnino
438 342 614 393 relicto,
638 341 961 382 monachalem
981 342 1068 381 sibi
1088 343 1328 393 elegerunt
1342 343 1503 393 vitam,
1528 356 1642 395 quos
1664 345 1851 396 quidem

231 413 271 453 si
291 413 424 452 nobis
441 412 538 464 jam
559 413 713 464 ampla
733 412 895 452 fuisset
916 412 1093 463 domus,
1118 418 1302 453 constat
1322 413 1369 452 in
1389 413 1668 455 Societatem
1698 416 1852 466 potius

231 495 369 535 quam
397 484 443 523 in
479 485 622 523 ullum
649 484 791 523 alium
819 483 1027 523 ordinem
1056 483 1352 533 ingressuros
1390 484 1546 524 fuisse.
1581 484 1852 536 Spiritualia

230 555 453 594 exercitia
474 555 625 594 fecere
656 554 883 605 nonnulli,
920 554 1058 594 iidem
1091 555 1481 605 praestantissimi
1502 557 1852 608 acutissimique

230 625 418 676 ingenii:
442 626 570 665 multi
593 625 917 665 vacationibus
938 624 1009 664 his
1031 625 1193 665 eadem
1212 625 1366 665 facere
1389 625 1562 666 sitiunt.

309 695 612 747 Presbyteros
633 702 729 735 tres
750 696 796 735 in
817 695 1098 736 Societatem
1114 696 1388 748 recepimus,
1409 708 1606 748 quorum
1623 697 1712 737 duo
1729 698 1850 738 theo-

230 767 367 817 logici
389 767 529 806 studii
550 766 688 806 finem
709 766 925 816 attigere3
951 767 1114 806 tertius
1136 778 1218 817 per
1239 767 1379 806 trium
1401 779 1627 807 annorum
1649 769 1851 808 curricu-

229 838 322 876 lum
343 838 384 876 ei
405 837 598 876 navavit
621 848 831 888 operam;
856 849 914 876 ex
935 837 1102 888 quibus
1123 837 1212 877 duo
1230 836 1542 877 Salmanticae
1560 836 1656 888 jam
1674 839 1853 889 publice

228 908 641 948 concionabantur.
682 907 814 948 Multi
850 908 929 948 alii
959 908 1172 948 doctrina
1198 908 1407 958 insignes
1433 909 1538 959 viri,
1570 920 1675 948 cum
1709 909 1853 949 divini

229 979 401 1018 amoris
431 978 690 1018 certissimo
714 978 870 1029 jaculo
901 979 992 1018 sint
1020 979 1267 1029 vulnerati,
1297 979 1514 1019 addicere
1550 990 1611 1019 se·
1632 979 1852 1019 Societati

228 1061 321 1089 non
361 1061 525 1100 parum
568 1055 805 1100 exoptant.
847 1049 1208 1089 Versutissimus
1247 1055 1403 1089 tamen
1442 1050 1515 1089 ille
1555 1062 1609 1090 ac
1644 1050 1850 1090 lubricus

226 1120 407 1170 anguis,
437 1120 614 1171 primus
641 1120 772 1171 pacis
800 1126 988 1160 nostrae
1015 1121 1251 1171 inimich
1284 1132 1380 1160 non
1408 1121 1575 1160 desinit
1612 1121 1850 1161 obstacula

224 1191 381 1230 nescio
404 1203 522 1242 quae
551 1191 773 1243 objicere3
803 1191 930 1231 Deus
957 1197 1113 1231 tamen
1142 1191 1353 1242 Optimus
1380 1192 1631 1242 Maximus,
1663 1193 1850 1243 qui-hos

224 1261 455 1301 adducere
477 1262 697 1313 dignatus
718 1268 801 1312 est,
825 1262 1029 1314 reliquos
1050 1262 1190 1301 etiam
1212 1262 1403 1302 adferet.

304 1332 510 1372 Veniunt
531 1333 689 1372 itidem
710 1333 917 1372 nonnulli
939 1339 988 1372 ut
1009 1344 1115 1372 cum
1141 1332 1356 1372 Patribus
1378 1333 1433 1373 de
1462 1334 1599 1373 rebus
1626 1334 1714 1384 piis
1743 1345 1846 1373 san-

223 1405 401 1454 ctisque
422 1403 671 1443 familiaria
693 1403 896 1443 excitent
923 1403 1173 1454 colloquia3
1197 1404 1275 1455 qui
1296 1415 1455 1443 omnes
1477 1403 1572 1444 fere
1593 1404 1846 1444 maximam

222 1474 330 1514 inde
368 1480 608 1525 reportant
646 1475 905 1515 utilitatem.
944 1474 1186 1514 Vocamur
1219 1480 1462 1525 praeterea
1498 1475 1662 1514 crebro
1703 1480 1751 1514 ut
1786 1475 1845 1514 ad

222 1546 470 1585 coelestem
492 1546 617 1585 illam
638 1547 839 1597 patriam
860 1547 1159 1597 pervolantes
1181 1545 1469 1597 adjuvemus.
1488 1546 1583 1585 Nec
1601 1546 1751 1585 solum
1767 1546 1845 1596 qui

221 1616 267 1655 id
286 1628 434 1666 genus
454 1617 642 1667 pietatis
664 1622 884 1656 exercent
906 1617 1121 1656 morienti
1143 1628 1278 1667 opem
1298 1616 1467 1666 ferunt,
1486 1628 1650 1656 Verum
1667 1622 1711 1656 et
1734 1617 1841 1656 inci—

219 1687 356 1727 dente
384 1688 630 1727 occasione
658 1688 1015 1727 circumstantes
1043 1693 1228 1727 monent
1257 1699 1311 1727 ac
1341 1688 1588 1727 hortantur
1622 1694 1672 1727 ut
1712 1688 1758 1727 in
1800 1688 1845 1727 id

219 1758 396 1809 seipsos
423 1765 588 1809 parent
619 1759 856 1809 temporis,
889 1759 1223 1798 conscientiam
1252 1758 1308 1798 ab
1341 1759 1466 1798 omni
1496 1759 1717 1798 vitiorum
1741 1759 1844 1798 labe

217 1830 515 1880 mundantes;
539 1836 587 1869 ut
614 1841 762 1880 nuper
784 1829 977 1880 accidit,
1009 1841 1114 1869 cum
1145 1830 1334 1881 quidam
1361 1830 1528 1869 nobilis
1555 1842 1613 1869 eX
1643 1830 1843 1880 proceri-

218 1900 302 1939 bus
323 1900 542 1951 civitatis‚
566 1901 791 1952 proximis
819 1900 994 1951 diebus,
1018 1906 1088 1941 ter
1117 1902 1193 1940 vel
1213 1907 1377 1952 quater
1406 1900 1463 1940 ad
1491 1901 1651 1940 ultima
1679 1912 1842 1951 pervc-

216 1971 374 2010 nisset.
393 1971 443 2010 Ρ.
467 1972 589 2011 enim
612 1971 791 2012 Doctor
810 1971 819 1989 ¹
837 1972 1094 2012 accersitus
1119 1984 1172 2011 eo
1197 1983 1246 2011 se
1264 1972 1469 2021 contulit,
1485 1971 1617 2022 eique
1635 1971 1840 2011 animum

218 2048 265 2081 ut
293 2048 479 2082 strenue
516 2050 746 2094 pugnaret
775 2044 1002 2083 adversus
1032 2043 1203 2082 diaboli
1232 2043 1514 2082 tentationes
1551 2048 1747 2082 conatus
1774 2048 1844 2081 est

217 2112 403 2162 addere,
428 2126 482 2153 ac
504 2125 559 2153 ea
581 2114 681 2165 ipsa
703 2113 790 2164 die,
815 2126 907 2165 qua
935 2115 1138 2154 animam
1165 2114 1417 2163 exhalavit,
1449 2113 1595 2153 adfuit
1622 2124 1728 2153 cum
1751 2114 1842 2153 alio

216 2184 359 2223 fratre
380 2190 554 2224 nostro.
580 2185 790 2224 Aderant
811 2191 855 2225 et
876 2184 1053 2224 nobiles
1074 2185 1280 2235 plerique
1297 2190 1341 2224 et
1356 2185 1607 2224 multorum
1628 2183 1842 2223 ordinum

218 2255 455 2305 monachi,
488 2255 578 2306 qui,
611 2268 715 2295 cum
748 2256 975 2295 admoniti
1009 2256 1065 2294 ab
1093 2256 1197 2294 aliis
1232 2267 1258 2294 a
1292 2266 1508 2295 sermone
1536 2254 1838 2304 destitissent,

218 2331 326 2365 tunc
338 2333 472 2377 pater
485 2326 676 2377 Doctor,
696 2327 840 2366 divini
856 2327 1030 2366 amoris
1042 2327 1151 2377 igne
1162 2327 1383 2377 flagrans,
1399 2326 1671 2365 morientem
1689 2325 1841 2376 coepit

218 2396 470 2447 cohortari,
504 2409 691 2437 monere
726 2397 934 2447 subinde,
973 2397 1223 2437 vociferari
1258 2396 1316 2436 ad
1344 2408 1519 2447 aurem,
1557 2395 1841 2435 christianae

218 2466 322 2506 fidei
344 2468 564 2507 articulos
586 2468 679 2507 alta
702 2479 819 2508 voce
841 2467 1064 2518 proferre,
1088 2479 1219 2506 arma
1248 2466 1475 2506 adversus
1505 2466 1641 2516 ignea
1670 2465 1841 2505 diaboli

217 2538 307 2578 tela
334 2538 573 2589 praebere,
610 2550 732 2578 nunc
766 2539 821 2578 de
854 2540 981 2579 vitae
1016 2539 1277 2589 privatione
1313 2544 1556 2588 aegrotum
1590 2537 1837 2585 consolari,

216 2620 339 2648 nunc
361 2609 717 2648 circumstantes
736 2609 855 2648 illius
872 2610 1092 2660 temporis
1110 2614 1238 2648 tanto
1256 2609 1462 2659 periculo
1484 2614 1674 2658 terrere;
1693 2612 1839 2646 tanto-

217 2690 304 2729 que
332 2679 430 2730 ipse
457 2680 624 2719 ardore
652 2680 990 2730 corripiebatur
1010 2685 1060 2719 ut
1080 2691 1162 2730 per
1184 2680 1386 2730 quinque
1407 2679 1652 2718 continuas
1681 2678 1837 2725 horas,

217 2761 309 2789 non
331 2749 430 2789 sine
452 2751 655 2789 maxima
677 2750 990 2801 praesentium
1013 2749 1334 2800 admiratione,
1360 2749 1423 2789 ita
1444 2748 1710 2788 vociferans
1741 2760 1838 2799 per-

217 2820 460 2871 manserit,
480 2828 529 2860 ut
551 2821 706 2860 multis
727 2827 833 2872 post
855 2820 1017 2860 diebus
1039 2820 1288 2860 raucedine
1309 2825 1538 2871 gravatus
1560 2819 1714 2859 fuerit.

273 2980 281 2998 ¹
322 2979 464 3006 Michael
480 2980 518 3006 de
536 2979 668 3006 Torres.
