1987 3260
237 166 307 202 404
742 166 966 203 LITTERAE
992 178 1346 210 QUADRIMESTRns

239 267 345 301 sunt
364 261 561 312 physici,
585 261 663 300 alii
682 260 844 311 logici,
867 261 1041 312 primas
1065 267 1271 302 tenentes
1288 262 1407 302 inter
1422 263 1598 303 Bursae
1621 264 1710 311 (sic
1731 262 1850 303 Aca-

237 331 437 371 tlemiam
457 331 651 381 vocant)
673 337 860 371 nostrae
879 331 1124 371 studiosos.

316 402 471 441 Bonus
493 402 607 442 odor
627 401 874 442 Societatis
895 402 941 442 in
963 403 1059 442 dies
1078 403 1230 453 magis
1251 403 1471 444 Coloniae
1492 406 1748 456 spargitur:
1773 417 1847 445 ve-

237 479 404 512 nerunt
426 473 548 512 enim
569 472 628 512 ad
649 484 727 512 eos
748 473 886 512 libelli
906 473 1093 523 quidam
1115 474 1329 524 impressi
1355 475 1410 514 de
1437 475 1575 514 rebus
1601 474 1848 516 Societatis

236 550 279 582 ct
314 543 368 582 de
403 543 628 594 martyrio
662 542 815 582 Patris
850 543 1041 582 Antonii
1081 543 1106 592 ¹,
1141 555 1338 595 quorum
1370 545 1566 585 lectione
1599 546 1850 596 plurimum

236 625 396 653 omnes
417 613 738 653 aedificantur.
762 614 861 664 Ego
890 615 1002 653 istos
1032 614 1212 654 libellos
1239 614 1391 654 adhuc
1417 627 1509 655 non
1536 615 1646 655 vidi.
1678 615 1849 656 Omnes

236 685 280 723 in
303 684 400 723 dies
420 684 584 723 melius
605 695 719 734 erga
739 683 1020 724 Societatem
1041 684 1322 725 afficiuntur:
1347 697 1507 725 omnes
1523 686 1683 726 favent
1698 687 1845 726 nobis.

314 754 489 794 Nobilis
511 755 585 794 illa
610 755 798 794 domina
819 754 1069 794 Abbatissa
1091 755 1104 772 ‘²
1127 756 1172 794 in
1194 767 1277 795 suo
1298 756 1418 795 bono
1436 757 1672 807 proposito
1690 757 1736 796 in
1753 756 1849 796 dies

236 826 403 865 crescit
424 826 596 875 magis,
621 826 684 865 ita
705 832 753 865 ut
776 826 987 865 omnibus
1009 826 1067 866 sit
1089 827 1320 877 exemplo:
1345 838 1484 878 saepe
1506 828 1627 867 enim
1649 839 1847 867 commu—

234 896 359 935 nicat
378 897 425 935 in
445 903 605 936 nostra
632 896 772 935 Missa
801 907 973 946 magna
1004 908 1109 936 cum
1136 897 1383 937 devotione
1414 904 1458 937 et
1484 898 1760 949 humilitate3
1793 899 1849 938 de

234 979 325 1017 qua
347 973 390 1006 et
410 967 466 1006 de
487 967 641 1006 multis
663 967 764 1006 aliis
786 968 991 1007 maxima
1012 967 1163 1007 adhuc
1185 968 1416 1019 speranda
1433 976 1553 1008 sunt.

312 1037 440 1077 Haec
463 1045 569 1077 sunt
590 1050 707 1088 quae
728 1050 811 1089 pro
828 1038 916 1077 hoc
937 1045 1143 1089 tempore
1165 1037 1213 1078 P.
1236 1038 1296 1079 V.
1315 1039 1559 1078 scribenda
1583 1047 1845 1090 occurrunt,

234 1108 306 1147 cui
328 1119 412 1147 nos
433 1108 568 1147 unice
587 1108 966 1148 commendamus
987 1121 1092 1148 cum
1112 1115 1209 1148 tota
1231 1115 1392 1149 nostra
1412 1109 1602 1149 familia.

314 1177 614 1218 Reverendos
636 1179 798 1218 Patres
820 1185 863 1218 et
884 1179 1073 1219 Fratres
1094 1180 1139 1219 in
1167 1179 1351 1219 Christo
1380 1181 1554 1220 salutes
1584 1181 1845 1232 plurimum:

236 1260 397 1288 eorum
419 1249 556 1288 etiam
578 1249 863 1289 orationibus
885 1251 1086 1290 maxime
1103 1249 1259 1301 juvari
1280 1251 1506 1302 cupimus.
1534 1251 1686 1291 Etiam
1713 1251 1761 1291 P.
1787 1251 1843 1291 V.

235 1332 283 1359 56
305 1320 631 1359 commendant
652 1320 765 1360 Rev.
789 1320 927 1360 Pater
954 1320 1085 1360 Prior
1113 1321 1410 1372 Carthusiae,
1442 1322 1605 1362 Patres
1637 1322 1776 1362 etiam
1804 1328 1847 1362 et

234 1389 333 1440 cjus
368 1390 583 1430 Vicarius
612 1377 717 1431 611111
745 1391 966 1431 fratribus
993 1393 1223 1443 omnibus,
1255 1399 1299 1432 et
1326 1393 1464 1433 amici
1491 1394 1636 1433 nostri
1671 1404 1846 1433 omnes,

312 1461 395 1501 His
416 1461 531 1501 bene
551 1463 706 1502 valeat
726 1462 772 1502 P.
798 1462 856 1502 V.
881 1463 926 1502 in
948 1462 1132 1503 Christo
1153 1464 1275 1516 Jesu.

314 1533 484 1572 Ultima
505 1532 777 1572 Decembris
803 1533 916 1573 1551.

314 1603 366 1642 R.
390 1604 449 1643 V.
469 1615 634 1643 servus
655 1604 885 1654 indignus.

1130 1748 1408 1788 LEONARous
1440 1748 1635 1787 KESSEL.

311 1959 674 2009 „Sapen-emptio.
699 1959 858 1999 Rev.d0
880 1961 926 1999 in
944 1960 1127 2000 Christo
1145 1959 1285 2010 Patri,
1305 1959 1505 1999 Domino
1523 1959 1701 2010 Ignatio
1720 1971 1745 1998 a
1762 1959 1856 1998 Loe

230 2030 357 2079 ytssa,
382 2030 600 2069 Generali
620 2029 890 2081 Praeposito
913 2030 1303 2083 SocietatisJest1‚

1399 2172 1578 2212 ROMAE.

284 2332 290 2349 ¹
334 2331 368 2356 P.
386 2331 525 2357 Antonii
546 2331 738 2358 Criminalis
754 2332 784 2358 in
800 2332 895 2358 India
910 2332 1021 2359 occisi.

281 2380 293 2396 ’Δ
333 2378 517 2405 Abbaiissa
533 2378 727 2405 monasterii
744 2378 890 2406 Sanctae
906 2378 1046 2406 Ursulae
1064 2379 1283 2406 Coloniensis.
1301 2378 1386 2406 Vide
1402 2386 1513 2413 supra,
1529 2386 1606 2412 pag.
1622 2378 1672 2405 ⁴287
1684 2399 1691 2405 .
