1987 3260
876 170 955 206 Αἵ.
990 171 1078 206 1350
1720 171 1787 208 ‘2131

167 270 275 309 item
297 280 352 307 ne
374 279 454 318 per
476 267 566 307 XV
594 272 671 306 aut
694 266 783 306 XX
804 267 989 318 quidem
1009 278 1239 307 annorum
1266 267 1467 317 spatium
1496 268 1788 318 exomologe-

166 339 253 378 sim
287 337 474 377 fecerat.
513 337 691 377 Horum
726 337 866 387 aliqui
901 336 1170 377 sacerdotes
1210 342 1342 376 erant
1383 338 1670 388 saeculares,
1714 338 1791 377 alii

166 408 386 459 religiosi,
423 418 618 459 quorum
647 407 852 447 omnium
880 408 922 447 in
951 408 1223 448 universum
1256 407 1394 447 saluti
1424 407 1633 447 adhibuit
1671 418 1790 447 sum-

166 489 289 519 mam
311 489 473 518 curam
492 484 541 517 ut
569 478 822 518 morientes
844 479 889 518 in
909 478 1062 529 gratia
1091 476 1385 529 decederent,
1410 484 1455 517 et
1477 478 1792 529 supervicturi

165 549 224 589 ad
250 550 488 589 meliorem
515 560 570 589 ac
597 549 881 589 securiorem
916 549 1041 589 vitae
1076 554 1249 589 statum
1279 560 1328 588 sc
1363 549 1657 599 postmodum
1685 560 1790 589 con-

164 625 415 659 verterent.
448 618 657 659 Tandem
683 619 895 670 pervenit
925 620 1031 659 illuc
1063 624 1276 659 sanctum
1302 618 1564 672 Jubilaeum
1593 631 1619 659 a
1650 619 1709 659 V.
1734 619 1786 659 R.

164 690 377 740 missum,
402 689 525 741 quod
548 701 654 729 cum
681 696 810 730 tanta
838 690 1079 730 alacritate
1111 690 1344 741 animique
1375 690 1626 730 devotione
1657 702 1790 730 exce-

163 766 293 812 ptum
313 767 405 811 est,
435 767 483 800 ut
514 761 634 801 illico
670 762 882 801 certatim
909 761 968 801 ad
995 760 1308 801 confitendum
1338 772 1421 800 sua
1447 766 1642 812 peccata
1668 761 1788 802 festi-

162 839 352 881 narent,
391 838 434 871 et
472 832 744 883 priusquam
778 832 956 872 assultu
991 832 1229 872 civitatem
1262 832 1412 883 ipsam
1446 838 1786 883 oppugnarent,

164 913 427 942 sermonem
458 902 517 942 ad
544 903 669 954 ipsos
696 902 879 952 habuit,
913 913 1002 953 quo
1033 902 1283 953 plurimum
1303 902 1573 941 consolatos
1595 908 1638 942 et
1659 902 1788 942 robo-

163 978 292 1012 ratos
314 972 359 1012 in
380 972 583 1012 Domino
606 985 655 1012 se
676 978 943 1023 senserunt;
967 978 1072 1023 post
1093 978 1411 1024 expugnatam
1428 983 1541 1012 vero
1557 972 1785 1020 Africam,

162 1042 234 1082 bis
270 1051 348 1082 aut
378 1050 448 1083 ter
476 1043 614 1083 etiam
642 1042 874 1094 Pro-regi,
904 1043 1186 1094 reliquisque
1222 1043 1440 1093 ducibus,
1476 1043 1788 1095 militibusque

167 1113 325 1154 itidem
346 1126 439 1154 non
467 1114 641 1165 paucis,
664 1114 711 1153 in
738 1115 908 1165 templo
936 1115 1064 1154 urbis
1086 1114 1312 1164 maximo,
1350 1114 1473 1166 quod
1503 1114 1787 1165 Mesqm·tam

162 1190 357 1234 vocant,
389 1196 570 1224 summo
601 1196 707 1224 cum
734 1185 939 1224 omnium
965 1185 1138 1235 gaudio
1169 1191 1213 1224 et
1243 1184 1567 1225 aedificatione
1588 1191 1658 1225 est
1680 1197 1785 1225 con-

156 1255 385 1294 cionatus.
414 1255 464 1294 Id
491 1255 752 1305 generatim
779 1255 833 1294 de
865 1254 987 1295 dicto
1018 1255 1155 1295 Patre
1187 1256 1405 1295 diximus.
1443 1256 1693 1296 Caeterum
1729 1257 1784 1296 de

156 1325 352 1375 singulis
374 1325 604 1375 exactius,
628 1325 704 1365 ubi
724 1337 943 1365 reversus
964 1325 1125 1375 fuerit,
1150 1325 1228 1366 Ra
1248 1325 1331 1365 V.a
1353 1326 1524 1367 certior
1545 1327 1779 1367 reddetur.

233 1394 355 1436 Ante
378 1396 635 1436 discessum
657 1395 863 1447 ejusdem
884 1396 1037 1436 Patris
1058 1396 1103 1435 in
1124 1395 1352 1447 Africam,
1387 1396 1655 1448 [profectus]
1679 1409 1781 1437 sum

155 1476 244 1516 ego
264 1466 549 1515 Messanam,
581 1467 787 1517 acceptis
815 1479 841 1506 a
858 1478 941 1506 sua
958 1466 1241 1507 Reverentia
1262 1467 1428 1507 litteris
1449 1468 1504 1508 de
1543 1468 1732 1508 creditis
1756 1468 1780 1517 ¹;

156 1542 201 1576 et
223 1536 612 1588 quemadmodum
640 1535 721 1576 Ra
742 1536 826 1577 ΥΡ
856 1537 1100 1587 intellexit,
1132 1537 1401 1578 curavimus
1422 1549 1510 1588 ego
1534 1544 1577 1578 et
1597 1538 1654 1578 D.
1679 1538 1783 1578 Hie-

153 1618 377 1658 ronymus
416 1607 596 1647 Natalis
636 1614 774 1659 atque
809 1607 1046 1648 effecimus
1081 1613 1130 1648 ut
1164 1608 1435 1648 inchoatum
1456 1609 1694 1659 negotium
1727 1609 1783 1649 de

154 1677 389 1718 fundanda
418 1678 585 1718 ibidem
619 1678 937 1719 Universitate
973 1679 1121 1730 deque
1149 1679 1352 1719 dotando
1387 1685 1547 1719 nostro
1576 1680 1782 1731 Collegio

154 1754 362 1799 optatum
397 1747 611 1788 effectum
646 1749 911 1797 sortiretur;
950 1755 1087 1801 atque
1118 1749 1181 1789 ita
1216 1750 1476 1800 decretum,
1512 1758 1561 1790 ut
1595 1756 1639 1790 et
1681 1751 1780 1801 ipsa

152 1818 446 1859 Universitas
474 1819 680 1870 erigatur
711 1825 754 1859 et
784 1819 1043 1871 Collegium
1073 1820 1257 1860 dotetur
1287 1832 1442 1860 annuo
1478 1832 1621 1861 censu
1657 1821 1780 1860 mille

152 1889 513 1940 quingentorum
533 1901 784 1930 aureorum
805 1896 1059 1931 scutorum.

232 1959 543 2011 Posteaquam
573 1966 727 2001 autem
754 1961 843 2001 huc
871 1961 986 2001 redii
1008 1967 1200 2012 propter
1237 1968 1484 2002 consuetas
1524 1962 1775 2002 confessio-

153 2041 236 2070 nes
269 2030 326 2070 D.
358 2031 580 2070 Isabellae
606 2030 620 2048 ‘²
647 2037 690 2070 et
723 2030 927 2071 familiae
957 2043 1091 2082 suae,
1129 2038 1343 2072 curatum
1377 2039 1447 2072 est
1480 2039 1530 2072 ut
1564 2032 1779 2072 foveatur

151 2108 547 2151 conserveturque
569 2100 777 2141 Societas
794 2102 882 2141 ista
897 2103 1121 2142 nobilium
1138 2109 1460 2142 matronarum
1477 2114 1609 2154 quae,
1628 2103 1776 2154 prima

150 2171 396 2212 Dominica
414 2171 742 2223 cujuscumque
760 2173 947 2224 mensis,
972 2174 1135 2213 solitae
1157 2179 1263 2213 sunt
1279 2174 1531 2214 convenire
1553 2173 1612 2214 ad
1633 2174 1777 2224 opitu-

152 2243 341 2282 landum
375 2242 569 2282 infirmis
603 2243 937 2283 incurabilibus
971 2244 1221 2295 largitione
1256 2256 1447 2284 suarum
1481 2245 1776 2285 eleemosina-

150 2324 268 2363 rum,
292 2313 457 2364 quibus
475 2314 601 2352 soleo
618 2324 705 2363 ego
723 2314 993 2354 concionari
1008 2315 1194 2366 quando
1210 2326 1293 2366 per
1305 2315 1636 2366 occupationes
1653 2316 1773 2355 licet.

228 2383 454 2423 Dedimus
474 2384 685 2424 similiter
707 2396 896 2436 operam
916 2391 967 2425 ut
987 2386 1137 2437 primo
1164 2385 1359 2426 sabbato
1389 2385 1631 2437 qu‘uslibet
1652 2398 1775 2426 men-

151 2454 214 2494 sis
235 2454 315 2494 fiat
337 2466 490 2494 sermo
511 2455 781 2495 mulieribus
800 2456 1163 2507 peccatricibus,
1187 2457 1354 2508 quibus
1381 2457 1428 2497 in
1456 2463 1583 2497 certo
1605 2458 1774 2509 templo

148 2526 450 2576 congregatis
481 2525 650 2565 adsunt
679 2526 770 2566 duo
801 2533 880 2566 aut
914 2533 1008 2567 tres
1036 2527 1266 2567 foeminae
1298 2528 1477 2567 nobiles
1511 2540 1569 2567 ex
1598 2528 1774 2579 praeci-

150 2595 252 2645 puis
279 2596 503 2646 civitatis,
533 2602 771 2647 tamquam
792 2597 975 2637 illarum
995 2598 1248 2649 praesides.
1273 2598 1463 2639 Confert
1485 2604 1639 2638 autem
1665 2611 1774 2639 una-

149 2677 359 2718 quaeque
381 2665 394 2684 ⁵
416 2667 601 2706 circiter
623 2667 738 2707 duos
757 2666 896 2718 julios
923 2668 969 2708 in
996 2669 1344 2719 eleemosinam,
1373 2669 1493 2709 unde
1520 2675 1563 2709 et
1589 2670 1773 2710 licentia

203 2776 212 2795 ¹
252 2776 305 2803 Ita
320 2778 461 2804 videtur
476 2779 647 2812 scriptum;
664 2779 721 2805 sed
734 2786 843 2807 sermo
859 2784 909 2806 est
926 2780 964 2806 de
981 2781 1117 2813 litteris,
1136 2788 1219 2814 quae
1234 2780 1406 2814 hispanice
1423 2784 1501 2807 tunc
1517 2781 1716 2808 dicebantur
1731 2781 1773 2807 de

150 2825 321 2855 creencia,
336 2832 394 2858 sc.,
410 2825 593 2852 fiduciariis
610 2826 743 2856 litteris,
758 2827 876 2860 quibus
892 2831 1040 2854 testatur
1055 2828 1176 2861 aliquis
1191 2828 1234 2860 ei,
1250 2835 1310 2862 per
1325 2835 1423 2861 quem
1444 2835 1522 2855 suas
1544 2828 1613 2862 ipse
1636 2828 1772 2855 litteras

149 2870 270 2904 mittit,
288 2871 442 2899 adhiberi
458 2872 555 2899 fidem
571 2876 744 2906 tamquam
758 2873 958 2908 sibimetipsi
973 2881 1069 2908 posse
1087 2879 1119 2901 et
1134 2875 1259 2901 deberi.

201 2918 215 2936 9-
252 2917 397 2945 Isabella
414 2919 452 2945 de
469 2919 566 2953 Vega
582 2941 586 2951 ,
605 2919 777 2953 Pro-regis
792 2919 870 2947 filia.

203 2964 216 2982 5
254 2964 429 2992 Mulierum
445 2967 686 3000 peccatricum.
