1987 3260
269 165 334 209 195
774 164 998 201 LITTERAE
1031 174 1385 207 QUADRmi-:srRsss

347 260 479 311 Quod
510 260 568 300 ad
596 261 913 300 confessiones
941 260 1119 309 attinet,
1155 259 1329 300 diversi
1349 260 1535 311 quidem
1562 271 1647 311 pro
1678 266 1901 312 tempore-

266 338 363 371 tum
384 331 597 382 magistri
618 339 715 371 tum
731 330 997 371 sacerdotes
1019 336 1062 369 et
1079 330 1156 369 alii
1177 330 1414 370 studentes
1431 330 1677 382 accedunt,
1697 331 1777 371 sed
1793 343 1888 371 non

266 402 329 441 ita
351 401 622 441 continuant
643 407 690 441 ut
712 412 798 451 ego
821 400 1157 449 desiderarem;
1182 407 1225 440 et
1246 401 1362 440 tales
1384 407 1489 440 sunt
1507 401 1693 441 circiter
1715 401 1883 442 duode-

265 473 355 512 cim
376 478 454 512 aut
476 472 752 523 quindecim.
785 470 1028 522 Reliquam
1050 477 1231 522 partem
1252 471 1570 511 confitentium
1591 472 1781 523 implent
1802 472 1882 512 lai—

265 544 326 593 ci,
351 550 394 583 et
414 543 662 594 praecipue
694 542 909 581 mulieres
931 540 1230 592 conjugatae,
1255 542 1462 592 Virgines
1491 548 1534 581 et
1561 542 1745 593 viduae,
1779 554 1889 582 cum·

264 614 358 653 suis
378 613 565 653 familiis
587 619 631 653 et
652 613 871 664 prolibus.

341 683 539 724 Pacifice
562 683 810 723 admodum
827 684 901 723 hic
919 683 1144 733 vivimus;
1169 683 1383 734 obloquia
1404 695 1578 734 pauca,
1598 684 1736 724 immo
1758 686 1885 725 nulla

262 755 349 794 nisi
377 766 403 794 a
431 755 625 794 multum
658 755 908 806 perversis
946 755 1006 794 Ut
1035 761 1190 794 31116111
1223 754 1463 794 studentes
1492 754 1675 795 Christo
1710 756 1886 796 lucrari

262 826 453 876 possint,
478 825 628 865 fateor
648 825 831 876 quidem
853 836 1003 865 meam
1024 825 1373 876 negligentiam.
1394 824 1615 865 Attamen
1635 826 1884 877 plurimum

261 897 306 936 in
339 896 539 936 Domino
576 908 813 948 cuperem:
851 902 895 936 et
925 897 1033 936 dum
1069 908 1148 936 eos
1179 895 1387 936 confiteri
1423 897 1542 936 velle
1577 897 1729 947 video,
1768 909 1882 949 prae

261 968 473 1007 omnibus
506 968 608 1007 illos
639 967 847 1017 admitto,
881 973 925 1006 et
950 974 999 1007 ut
1029 967 1170 1007 libere
1197 966 1383 1007 domum
1412 974 1621 1008 nostram
1651 968 1881 1008 accedant

260 1039 419 1078 hortor
437 1039 483 1078 in
498 1038 714 1088 Domino;
735 1038 815 1078 sed
831 1038 939 1089 quid
957 1038 1128 1078 dicam?
1144 1037 1347 1078 Panibus
1365 1037 1617 1089 abundant,
1639 1044 1682 1078 et
1701 1039 1883 1079 utinam

259 1108 493 1149 abundent
514 1115 557 1149 et
578 1109 693 1148 bene
715 1109 976 1149 masticent.

337 1179 452 1220 Sunt
472 1180 545 1219 hic
567 1179 766 1220 Lovanii
793 1179 966 1219 diversi
993 1179 1200 1229 insignes
1222 1179 1310 1218 viri
1332 1186 1376 1218 et
1398 1179 1605 1230 religiosi
1625 1179 1717 1230 qui,
1746 1181 1881 1231 quasi

257 1262 347 1290 uno
369 1251 535 1301 spiritu
556 1256 599 1290 et
629 1250 856 1300 certatim,
881 1250 1097 1289 videntur
1118 1261 1202 1301 pro
1225 1250 1294 1289 sui
1324 1249 1682 1290 mortificatione
1711 1256 1754 1289 et
1785 1251 1880 1290 ani-

256 1333 437 1361 marum
464 1322 610 1361 salute
636 1321 865 1371 laborare,
896 1320 1032 1371 idque
1060 1320 1240 1371 publice
1263 1327 1307 1359 et
1333 1320 1568 1371 privatim,
1601 1320 1812 1360 docendo
1834 1327 1878 1360 et

255 1392 577 1432 concionando
603 1392 870 1442 germanice
902 1398 947 1431 et
980 1392 1136 1431 latine.
1169 1389 1236 1431 Sit
1266 1390 1496 1431 Dominus
1527 1391 1800 1431 benedictus
1832 1399 1875 1432 et

255 1464 329 1502 det
350 1463 439 1503 illis
460 1463 760 1514 multiplicem
779 1462 997 1502 fructum.
1013 1461 1078 1502 Et
1100 1468 1148 1501 ut
1170 1461 1311 1501 libere
1329 1461 1482 1501 dicam
1504 1462 1626 1513 quod
1643 1462 1889 1513 experior,

254 1534 402 1573 solum
423 1545 593 1573 nomen
617 1539 806 1573 nostrae
832 1532 1081 1573 Societatis
1111 1544 1204 1572 non
1232 1543 1397 1583 parum
1425 1543 1504 1571 eos
1535 1532 1593 1571 ad
1622 1532 1711 1572 ista
1740 1533 1876 1572 exsti-

253 1605 410 1655 mulat,
434 1616 517 1644 sua
538 1604 661 1644 6111111
670 1604 821 1644 media
838 1604 975 1643 habet
992 1602 1220 1643 Dominus
1235 1602 1370 1654 Jesus
1386 1613 1467 1653 per
1485 1614 1603 1653 quae
1622 1614 1730 1642 suos
1752 1604 1873 1642 exci—

252 1682 351 1715 tare
372 1676 498 1716 velit.
522 1675 640 1715 Nam
662 1681 768 1715 ante
796 1675 1048 1714 adventum
1068 1672 1315 1714 Societatis
1344 1674 1497 1713 nullus
1527 1673 1704 1713 solebat
1735 1674 1880 1714 latine

251 1747 534 1786 concionari.
554 1746 687 1786 Hanc
706 1746 762 1785 ob
781 1756 972 1785 causam
987 1746 1103 1784 solet
1121 1745 1195 1784 hic
1209 1745 1282 1784 vir
1297 1743 1486 1794 quidam
1503 1754 1705 1794 magnae
1723 1750 1879 1784 aueto—

249 1818 414 1868 ritatis,
438 1817 598 1857 nescio
620 1829 679 1856 an
703 1816 817 1856 satis
839 1816 1191 1867 circumspecte,
1224 1815 1403 1854 dicere:
1428 1815 1480 1865 si,
1506 1815 1673 1866 inquit,
1703 1827 1775 1855 me
1796 1813 1878 1855 So—

250 1888 407 1927 cietati
428 1886 681 1938 adjungere
710 1894 753 1926 et
774 1885 827 1926 R.
851 1886 900 1926 Ρ.
932 1886 1166 1937 Ignatium
1195 1885 1446 1925 convenire
1478 1885 1651 1937 liceret,
1681 1897 1878 1926 conarer

249 1958 337 2009 ipsi
370 1958 653 2009 persuadere
689 1969 746 1996 ne
775 1957 849 1996 hic.
879 1956 1126 2006 collegium
1154 1955 1400 1996 Societatis
1433 1955 1554 1995 serio
1587 1955 1879 2007 fundaretur,

248 2028 328 2068 sed
349 2029 516 2068 vellem
542 2028 767 2079 reliquias
798 2027 1025 2079 quasdam
1046 2038 1251 2074 manere,
1284 2038 1402 2077 quae
1427 2026 1545 2066 alios
1575 2027 1812 2067 attrahere
1832 2033 1877 2066 et

248 2099 482 2151 suscipere
502 2104 706 2150 possent,
730 2105 779 2138 ut
804 2104 1038 2137 nostrates
1060 2097 1287 2148 praedicti
1318 2097 1628 2145 intelligentes
1658 2109 1727 2148 ea,
1757 2109 1875 2149 quae

248 2171 293 2209 in
314 2170 417 2209 aliis
436 2169 646 2221 partibus
666 2181 748 2221 per
768 2168 1051 2209 Societatem
1081 2168 1208 2219 fiunt,
1234 2168 1280 2207 in
1303 2167 1451 2208 officio
1481 2167 1807 2208 contineantur
1829 2175 1874 2208 et

247 2252 429 2291 semper
451 2240 510 2280 ad
531 2241 698 2280 altiora
716 2240 990 2280 excitentur.
1011 2239 1140 2279 Haec
1159 2239 1248 2279 ille.
1270 2238 1390 2289 Quid
1405 2238 1547 2278 refert
1563 2251 1645 2290 per
1663 2250 1778 2290 quos
1795 2240 1873 2279 vel

247 2311 412 2361 quibus
432 2310 622 2351 mediis?
643 2310 871 2350 Dominus
892 2310 1014 2349 enim
1034 2316 1103 2349 est
1125 2310 1203 2360 qui
1224 2316 1443 2360 operatur
1465 2309 1619 2349 omnia
1650 2309 1696 2348 in
1728 2309 1872 2349 omni—

246 2381 331 2420 bus
354 2387 492 2432 prout
513 2382 626 2420 vult.
650 2380 717 2421 Sit
738 2381 835 2432 ipse
856 2381 903 2420 in
924 2380 1136 2420 omnibus
1156 2379 1441 2419 benedictus.

325 2451 395 2491 De
415 2451 493 2491 ,his
519 2451 676 2502 itaque
704 2452 819 2491 satis
848 2450 1022 2491 dictum
1053 2457 1188 2501 puto;
1220 2450 1397 2490 utinam
1432 2457 1587 2490 autem
1615 2456 1711 2490 tam
1740 2450 1870 2489 clare

247 2522 430 2572 singula
451 2527 494 2561 et
516 2527 621 2572 apte
638 2532 823 2572 possem
842 2521 1078 2572 explicare
1099 2520 1235 2560 sicuti
1262 2521 1377 2560 bene
1399 2521 1586 2560 vellem!

325 2592 458 2643 Quod
496 2591 555 2631 ad
585 2590 833 2631 mittendos
861 2590 1033 2630 fratres
1063 2591 1241 2639 attinet,
1278 2590 1511 2631 humiliter
1548 2591 1871 2641 supplicamus

245 2662 292 2702 P.
318 2663 375 2702 V.
399 2669 448 2702 ut
467 2674 546 2702 eos
567 2662 748 2702 mittere
769 2661 984 2712 dignetur
1006 2672 1111 2701 cum
1132 2673 1223 2701 uno
1241 2661 1300 2701 ad
1322 2661 1474 2700 minus
1496 2662 1756 2711 sacerdote,
1792 2661 1871 2711 qui

246 2733 292 2772 in
311 2732 499 2772 Domini
519 2733 657 2772 vinea
679 2743 785 2772 cum
806 2732 951 2783 ipsius
972 2730 1200 2782 adjutorio
1227 2731 1441 2772 laborare
1468 2732 1628 2782 possit,
1664 2731 1875 2771 maxime

247 2803 367 2854 apud
389 2804 578 2843 clerum.

324 2873 508 2924 Incoepi
549 2873 605 2912 ab
645 2884 736 2912 uno
771 2872 843 2912 die
873 2879 951 2912 aut
991 2873 1137 2911 altero
1173 2871 1284 2912 dare
1319 2873 1543 2912 exercitia
1584 2873 1768 2913 cuidam
1795 2873 1866 2913 Li-

248 2943 449 2983 centiato
484 2943 723 2993 theologo,
760 2942 938 2982 decano
973 2941 1207 2982 facultatis
1242 2943 1411 2982 artium
1446 2950 1490 2982 et
1522 2942 1577 2982 R.
1614 2943 1664 2983 P.
1697 2943 1868 2983 Danie—
