1987 3260
0 0 101 9 ‚‚‚‚‚‚‚

877 184 912 220 A
923 195 959 220 x.
993 183 1078 220 1551
1725 184 1796 221 373

249 281 533 331 Collegimus
554 281 780 332 quasdam
801 281 1122 332 eleemosynas
1143 281 1189 320 in
1216 291 1475 331 pauperum
1501 282 1793 321 sustentatio-

167 363 288 401 nem,
303 352 551 403 praecipue
568 363 681 391 vero
699 351 744 391 in
761 352 963 401 gratiam
980 351 1294 391 studiosorum
1309 350 1609 402 Theologiae,
1629 352 1794 402 quibus

169 429 213 462 et
242 423 368 462 vitae
396 429 608 473 sumptus
635 423 680 462 in
716 423 884 462 multos
915 434 1082 472 annos,
1118 421 1218 462 Deo
1251 421 1388 471 duce,
1418 422 1791 473 procuravimus.

170 494 346 533 Verum
367 505 421 533 eo
443 499 636 533 ventum
657 499 725 532 est
747 493 869 544 apud
891 492 1151 533 Germanos
1171 499 1235 542 ut,
1259 505 1316 532 ne
1337 493 1588 544 propositis
1609 493 1795 544 quidem

169 563 427 614 stipendiis,
466 563 524 603 ad
564 575 699 603 sacra
735 563 851 603 haec
885 563 1038 603 studia
1064 568 1428 615 promoveantur
1458 563 1791 603 adolescentes.

168 634 285 673 Tam
307 634 445 673 alieni
474 642 580 674 sunt
612 635 668 673 ab
697 646 751 674 ea
778 633 1087 685 professione,
1118 645 1236 685 quae
1263 645 1385 673 nunc
1412 634 1487 673 vel
1514 634 1716 674 maxime
1746 634 1795 674 fit

167 705 450 755 necessaria,
470 705 547 744 ubi
570 705 718 744 sacris
739 705 795 744 de
817 705 955 744 rebus
977 705 1054 743 vel
1075 704 1218 744 infimi
1239 710 1282 744 et
1300 703 1606 744 indoctissimi
1628 705 1795 756 quique

167 775 342 826 passim
362 774 623 826 disceptant
646 787 700 815 ac
723 775 821 815 sine
843 775 931 815 fine
958 780 1208 825 nugantur.

246 845 378 885 Rmus
399 846 660 897 Episcopus
682 846 1015 896 Eystettensis,
1049 846 1193 886 Ill.¹¹¹u³
1214 846 1444 886 Bavariae
1475 846 1590 896 dux,
1615 852 1659 885 ct
1679 846 1795 886 haec

166 922 263 955 tota
294 917 429 956 simul
461 917 699 956 academia
732 917 1090 967 contenderunt,
1120 928 1269 968 neque
1297 916 1523 956 desistunt
1552 916 1705 957 adhuc
1732 917 1795 956 in-

164 994 307 1035 stare,
333 999 424 1038 quo
447 999 614 1027 munus
636 988 798 1027 obeam
823 987 1115 1027 Cancellarii.
1141 987 1231 1027 Sed
1253 987 1375 1027 hunc
1402 988 1625 1028 honorem
1654 994 1704 1028 ut
1733 988 1796 1027 in-

166 1059 324 1098 stituto
355 1065 514 1098 nostro
544 1059 747 1098 alienum
772 1058 974 1098 refutavi
1002 1058 1248 1109 hactenus,
1279 1070 1522 1109 meamque
1550 1059 1797 1110 indignita-

165 1137 257 1169 tem
279 1136 377 1169 tum
397 1141 479 1181 per
500 1130 693 1178 litteras,
718 1136 815 1169 tum
835 1129 944 1169 viva
967 1141 1084 1169 voce
1106 1135 1297 1169 coactus
1318 1141 1420 1169 sum
1441 1142 1688 1181 exponere.
1708 1130 1796 1170 Ex-

166 1199 372 1240 cusando
414 1206 567 1239 autem
611 1212 665 1239 ac
701 1199 1026 1250 detrectandO,
1067 1200 1182 1239 nihil
1216 1200 1462 1251 impetravi
1497 1200 1621 1240 aliud
1656 1211 1796 1252 quam

165 1271 288 1322 quod
316 1270 539 1321 Princeps
568 1271 665 1321 ipse
692 1269 788 1321 jam
817 1271 1056 1322 scripserit
1082 1271 1136 1310 R.
1167 1271 1214 1311 P.
1245 1271 1297 1311 T.
1328 1278 1377 1311 ut
1405 1272 1682 1312 auctoritate
1716 1278 1795 1312 tua

165 1342 432 1393 compulsus
463 1353 550 1392 ego
580 1341 625 1381 id
659 1342 964 1392 susciperem,
996 1354 1023 1381 a
1057 1354 1147 1393 quo
1182 1348 1306 1382 certe
1342 1343 1561 1383 abhorret
1594 1343 1792 1383 animus.

164 1412 365 1464 Majores
382 1412 557 1452 idcirco
574 1413 755 1462 gratias
773 1412 993 1452 debemus
1012 1413 1118 1452 huic
1134 1413 1348 1464 principi,
1368 1413 1491 1464 quod
1510 1413 1795 1465 adjacienda

165 1484 351 1524 demum
378 1483 681 1523 fundamenta
716 1483 852 1534 hujus
886 1483 1069 1534 collegii
1096 1496 1198 1524 sese
1226 1490 1494 1535 convertat,
1525 1496 1671 1536 eoque
1697 1484 1794 1536 jam

165 1555 353 1606 scripsit
376 1554 434 1594 ad
450 1554 504 1594 R.
524 1554 572 1593 P.
594 1554 645 1594 T.
666 1561 715 1594 ut
731 1566 789 1594 ex
805 1554 929 1594 Urbe
951 1542 1140 1606 quidam
1157 1568 1180 1594 e
1201 1555 1376 1595 nostris
1398 1556 1488 1595 huc
1510 1555 1793 1595 destinaren-

164 1633 254 1675 tur,
280 1625 510 1676 promisso
532 1625 621 1664 illis
643 1625 758 1676 ipsis
784 1625 972 1665 viatico.
1005 1625 1107 1676 Qua
1135 1625 1191 1665 de
1218 1637 1268 1666 re
1293 1625 1390 1677 jam
1416 1637 1690 1677 responsum
1718 1638 1792 1666 ex-

164 1702 429 1747 spectamus
459 1696 684 1747 quotidie,
715 1697 829 1736 nihil
864 1708 978 1736 sane
1012 1697 1244 1736 lubentius
1279 1698 1538 1748 accepturi,
1575 1709 1716 1749 quam
1744 1704 1793 1738 ut

164 1768 341 1807 tamdiu
371 1767 620 1807 desiderati
647 1767 816 1806 fratres
844 1767 1029 1807 demum
1056 1768 1306 1817 accedant,
1340 1774 1385 1808 et
1415 1768 1535 1808 hanc
1561 1769 1792 1809 Bavariae

163 1839 350 1878 vineam
371 1839 526 1878 colant
548 1839 870 1889 illustrentque
894 1838 1069 1879 Christi
1090 1839 1391 1890 benignitate.

243 1910 293 1950 In
314 1910 580 1949 carceribus
601 1921 693 1949 non
717 1909 960 1949 defuerunt
982 1922 1097 1961 quos
1124 1916 1168 1950 et
1194 1910 1351 1950 verbis
1379 1917 1422 1950 et
1450 1911 1686 1950 laboribus
1712 1923 1789 1951 no-

162 1981 271 2021 stris
292 1981 773 2034 consolari·Dominus
793 1981 1006 2020 voluerit.
1025 1982 1199 2021 Eorum
1220 1993 1376 2032 unum,
1400 1988 1505 2032 post
1525 1983 1791 2022 decollatio-

161 2065 282 2103 nem,
307 2059 351 2092 et
372 2064 477 2092 cum
499 2052 684 2093 Christo
706 2059 922 2103 putamus
944 2063 1160 2103 regnare,
1185 2059 1228 2092 et
1246 2064 1381 2092 orare
1399 2053 1535 2092 simul
1551 2065 1635 2104 pro
1657 2053 1790 2093 nobis

164 2123 459 2173 confidimus,
484 2123 873 2174 quemadmodum
895 2124 970 2162 ille
991 2123 1113 2163 bona
1136 2123 1238 2174 fide,
1263 2124 1401 2174 paulo
1424 2130 1673 2175 antequam
1695 2136 1789 2164 mo-

162 2200 356 2244 reretur,
382 2195 494 2234 mihi
514 2194 751 2245 pollicitus
773 2193 872 2234 fuit.

242 2264 437 2316 Scripsit
455 2265 550 2316 jam
578 2267 718 2305 semel
746 2271 883 2316 atque
911 2265 1079 2305 iterum
1106 2266 1165 2306 ad
1195 2277 1279 2305 nos
1305 2266 1562 2317 Episcopus
1593 2266 1789 2317 insignis

163 2335 398 2376 Saxoniae
418 2337 727 2387 proponitque
750 2342 923 2377 statum
943 2349 1054 2377 vere
1076 2338 1387 2377 miserabilem
1403 2337 1642 2377 Ecclesiae
1659 2349 1786 2388 suae,

163 2407 222 2447 ad
249 2419 388 2459 quam
423 2407 777 2447 instaurandam
811 2413 1077 2448 nostrorum
1107 2408 1326 2448 adhibere
1355 2414 1550 2448 conatus
1583 2414 1786 2460 exoptat.

163 2478 549 2518 Commendatum
587 2485 834 2529 utcumque
873 2478 1012 2518 habet
1050 2484 1261 2518 nostrum
1299 2479 1387 2518 hoc
1425 2479 1707 2530 institutum,
1745 2485 1789 2519 et

162 2561 321 2589 coram
344 2560 484 2599 agere
506 2549 747 2589 nobiscum
771 2550 895 2600 cupit
924 2561 1013 2601 quo
1035 2556 1173 2601 pacto
1202 2550 1385 2590 afflictis
1411 2550 1651 2590 Ecclesiae
1678 2563 1789 2590 suae

162 2620 298 2660 rebus
320 2620 568 2660 subvenire
590 2620 749 2671 possit.
768 2619 1020 2671 Speramus
1035 2633 1128 2660 non
1150 2621 1308 2661 inutile
1330 2622 1537 2661 futurum
1557 2622 1679 2661 istud
1700 2622 1788 2661 col·

163 2692 388 2742 loquium,
413 2703 470 2731 ex
491 2703 580 2742 quo
602 2691 801 2731 fortasse
830 2692 1025 2743 reperiri
1055 2692 1241 2743 aliquod
1270 2693 1439 2732 ostium
1467 2699 1606 2744 queat
1637 2691 1788 2732 Socie-

162 2762 269 2811 tati,
294 2769 343 2802 ut
364 2763 423 2802 ad
443 2763 619 2802 fontem
640 2763 806 2802 harum
828 2764 1032 2803 omnium
1054 2763 1301 2803 haeresum
1322 2776 1376 2803 ac
1409 2770 1669 2813 parentem,
1702 2764 1790 2804 hoc

163 2839 246 2883 est,
271 2834 330 2874 ad
352 2834 501 2884 ipsam
523 2845 667 2884 usque
689 2832 945 2874 Saxoniam
967 2840 1198 2885 penetret,
1223 2846 1449 2885 suumque
1470 2834 1583 2885 figat
1612 2835 1705 2874 illic
1725 2840 1788 2874 ta-

161 2904 465 2944 bernaculum
486 2905 533 2944 in
553 2905 742 2944 nomine
762 2905 886 2958 Jesu,
911 2905 988 2945 ubi
1009 2904 1245 2945 Sathanae
1276 2916 1493 2956 regnum,
1522 2912 1567 2945 et
1594 2906 1789 2946 haereti-

163 2986 325 3015 corum
346 2976 529 3026 asylum
554 2987 608 3015 ac
631 2975 915 3016 domicilium
936 2977 1176 3030 proprium
1197 2988 1298 3016 esse
1321 2976 1452 3016 solet.
1477 2976 1671 3028 Aperiat
1698 2980 1790 3020 Do-
