1987 3260
918 165 1001 201 Ax.
1034 165 1120 201 1551
1760 164 1830 200 427

207 263 268 304 tis
287 262 605 313 magnitudine
625 272 793 312 passus
814 260 968 310 fuerit,
992 272 1095 300 cum
1122 260 1218 312 jam
1250 260 1384 300 vobis
1410 266 1570 300 notum
1598 259 1757 310 suerit,
1792 267 1834 298 et

208 333 450 383 Isidorum,
479 332 671 372 fratrem
700 332 745 371 in
774 330 961 371 Christo
984 332 1119 371 nobis
1153 331 1493 381 charissimum,
1529 342 1634 370 cum
1666 340 1837 379 magna

209 403 351 444 animi
376 403 644 443 fortitudine
671 409 715 442 et
742 402 946 442 omniurn
981 402 1301 442 aedificatione
1333 405 1358 450 ¹,
1383 401 1441 441 ad
1475 400 1727 441 Dominum
1759 401 1837 440 mi-

210 485 390 525 grasse.
414 473 530 514 Cum
551 474 706 524 itaque
728 473 774 513 in
804 472 1017 513 Africam
1046 473 1337 524 pervenisset
1366 471 1415 512 Ρ.
1445 471 1646 522 Natalis,
1681 471 1839 510 statim

210 545 363 596 coepit
392 544 601 594 cogitare
629 543 734 594 quid
765 550 946 595 ageret,
977 544 1193 595 quamvis
1216 543 1500 593 defatigatus
1527 548 1573 582 et
1599 541 1737 592 gravi
1765 541 1839 581 illa

213 615 517 666 navigatione
539 615 743 666 agitatus
765 620 901 663 esset3
921 614 1155 654 orationes
1172 614 1313 665 igitur
1331 613 1578 665 persuasit,
1598 612 1766 652 milites
1783 611 1840 650 ad

214 685 545 737 poenitentiam
567 685 842 725 adhortatus
863 690 947 733 est,
972 697 1057 724 nec
1080 685 1168 724 illis
1190 684 1343 724 adhuc
1367 688 1519 723 cessat
1550 682 1840 733 praedicare,

213 768 306 797 non
336 757 435 796 sine
468 757 717 796 multarum
748 756 1010 795 animarum
1039 756 1187 795 salute
1219 761 1263 794 et
1292 753 1629 794 aedificatione.
1667 750 1843 792 Summi

218 828 351 868 ducis
373 833 417 866 et
439 827 661 867 nobilium
681 827 985 878 plurimorum
1007 826 1324 866 consessiones
1345 824 1524 864 audivit
1612 823 1758 863 Erant
1785 822 1844 862 ibi

215 905 312 938 'tum
334 899 507 949 aliquot
529 898 751 948 religiosi,
777 898 855 948 qui
876 898 975 937 sine
997 897 1219 937 facultate
1240 897 1557 948 praelatorum
1578 905 1768 934 suorum
1791 905 1844 932 eo

214 969 568 1016 contenderant,
593 975 636 1008 et
659 969 763 1008 inde
786 968 943 1008 statim
965 968 1142 1008 dimissi
1162 973 1290 1018 sunt,
1322 972 1370 1006 ut
1400 966 1459 1006 ad
1487 976 1623 1005 suum
1654 964 1845 1015 quisque

215 1040 551 1080 monasterium
583 1045 911 1079 reverteretur.
945 1037 1201 1089 Apostatas
1227 1049 1355 1087 vero,
1390 1048 1497 1076 cum
1526 1037 1696 1076 multos
1727 1035 1846 1074 inter

216 1111 384 1150 milites
406 1110 660 1150 invenisset
682 1111 774 1161 qui,
798 1110 1012 1160 neglecta
1039 1109 1287 1160 religione,
1317 1107 1597 1156 militabant,
1628 1107 1691 1146 ita
1724 1117 1845 1145 com-

218 1182 382 1232 movit,
406 1188 455 1221 ut
478 1181 600 1232 quod
621 1180 850 1230 fecerant,
874 1180 1174 1220 vehementer
1195 1191 1276 1219 eos
1300 1179 1579 1230 poeniteret,
1610 1189 1726 1228 quos
1752 1176 1847 1228 jam

218 1253 373 1292 animo
402 1252 628 1292 contritos
658 1252 764 1291 inde
787 1251 971 1291 curavit
992 1250 1304 1300 dimittendos,
1329 1256 1377 1289 ut
1399 1261 1539 1301 quam
1560 1249 1759 1299 primum
1791 1247 1850 1287 ad

221 1334 330 1363 suos
351 1322 561 1374 profecti,
586 1322 673 1361 sibi
695 1322 753 1361 ad
781 1328 1021 1362 aeternam
1049 1322 1247 1360 salutem
1274 1321 1587 1360 consulerent.
1620 1318 1724 1358 Non
1754 1329 1849 1357 ces-

220 1393 342 1434 savit
368 1399 613 1444 praeterea
642 1393 790 1432 donee
825 1391 838 1409 ⁵
867 1392 1095 1443 hospitale
1122 1403 1206 1442 pro
1236 1391 1431 1431 infirmis
1458 1390 1738 1441 erigeretur,
1770 1388 1850 1428 ubi

220 1464 439 1515 quotidie,
463 1469 512 1503 ut
533 1470 601 1503 est
623 1463 852 1503 charitate
874 1463 1052 1514 plenus,
1085 1462 1338 1501 humillime
1367 1461 1525 1501 servit.
1558 1460 1671 1511 Quis
1699 1467 1850 1499 autem

224 1546 328 1575 eum
349 1546 443 1574 non
465 1535 607 1574 amet?
629 1533 776 1584 Quem
799 1533 896 1584 ipse
917 1545 1011 1573 non
1032 1531 1270 1572 aedificat?

303 1605 567 1645 Diaconum
586 1616 700 1644 vero
723 1603 969 1655 quemdam
990 1603 1115 1654 apud
1136 1614 1184 1642 se
1207 1602 1403 1642 detinuit
1426 1601 1563 1653 (quod
1592 1601 1655 1640 ita
1688 1612 1853 1640 conve-

221 1677 323 1716 nire
341 1675 582 1727 judicavit)
604 1674 734 1726 eujus
756 1686 897 1726 opera
919 1686 1013 1714 non
1029 1673 1326 1714 mediocriter
1342 1672 1604 1723 adjuvatur.
1624 1671 1727 1722 Hic,
1749 1683 1853 1711 cum

224 1753 441 1799 apostata
463 1753 599 1796 esset,
619 1752 801 1786 tantum
817 1745 1013 1797 profecit
1033 1744 1427 1785 admonitionibus
1443 1743 1612 1793 Patris,
1632 1748 1855 1794 quantum

223 1818 464 1858 daemonis
486 1817 786 1868 suggestione
809 1829 836 1856 a
857 1817 1028 1867 pietate
1050 1815 1300 1856 defecerat.

305 1888 482 1940 Itaque,
507 1888 579 1928 his
615 1888 789 1936 diebus,
820 1899 926 1927 cum
956 1887 1144 1939 quidam
1176 1899 1234 1926 ex
1261 1885 1443 1937 Africa,
1473 1886 1551 1926 ubi
1577 1885 1859 1936 gravissime

226 1965 575 2010 aegrotaverat,
598 1959 865 1999 Messanam
886 1958 945 1998 ad
967 1969 1076 1998 suos
1098 1958 1319 2008 venisset,
1343 1958 1498 1997 retulit
1521 1968 1592 2007 se,
1617 1955 1858 2006 diligentia

228 2037 272 2070 et
293 2030 446 2070 studio
467 2030 634 2080 Patris,
659 2030 847 2069 sanitati
870 2029 1135 2069 restitutum
1154 2028 1311 2078 fuisse,
1337 2028 1469 2079 cujus
1496 2028 1635 2067 etiam
1663 2026 1859 2066 auctori-

229 2108 324 2141 tate
348 2101 626 2151 obtinuerat,
651 2106 700 2140 ut
721 2100 780 2140 ad
802 2112 913 2139 suos
934 2100 1122 2139 rediret.
1148 2099 1275 2150 Quas
1296 2110 1409 2138 vero
1427 2098 1695 2138 inimicitias
1712 2098 1860 2137 solve-

230 2173 303 2223 rit,
329 2184 443 2224 quos
465 2172 511 2211 in
531 2172 736 2222 gratiam
755 2171 1024 2221 restituerit,
1048 2182 1142 2210 non
1163 2170 1331 2220 scribo;
1355 2169 1487 2209 multi
1507 2169 1629 2208 enim
1659 2168 1859 2216 fuerunt,

231 2244 308 2295 qui
330 2255 436 2282 curn
457 2249 593 2282 antea
616 2242 734 2281 inter
756 2253 805 2281 se
827 2241 931 2281 odio
953 2241 1222 2292 flagrarent,
1248 2252 1371 2280 nunc
1395 2241 1531 2280 simul
1552 2240 1700 2279 amice
1723 2245 1766 2278 et
1787 2239 1860 2278 be-

233 2315 400 2354 nevole
422 2314 601 2354 vivunt.
625 2312 751 2352 Idem
772 2312 911 2352 Pater
930 2323 1054 2352 nunc
1076 2323 1267 2363 operam
1290 2311 1383 2361 dat,
1408 2317 1457 2351 ut
1476 2311 1540 2350 ibi
1569 2311 1757 2350 domum
1785 2310 1862 2349 ha-

233 2386 353 2434 beat,
379 2385 425 2424 in
447 2396 537 2435 qua
556 2384 646 2424 duo
666 2395 724 2423 ex
740 2389 900 2423 nostra
917 2382 1149 2423 Societate
1166 2382 1344 2434 possint
1362 2382 1589 2432 habitare3
1610 2382 1686 2421 ubi
1704 2381 1865 2421 deesse

234 2455 419 2507 quidem
442 2455 530 2494 illis
552 2466 644 2494 non
666 2460 899 2505 poterunt,
924 2454 969 2493 in
992 2453 1159 2505 quibus
1177 2453 1234 2492 ad
1251 2453 1340 2493 Dei
1356 2453 1555 2504 gloriam
1572 2458 1616 2492 et
1633 2452 1863 2504 proximo—

235 2539 337 2567 rum
359 2528 556 2566 salutem
579 2537 626 2565 se
648 2530 913 2575 exerceant;
937 2536 1086 2576 neque
1108 2525 1154 2564 id
1177 2530 1337 2575 ageret
1355 2524 1392 2563 si
1413 2524 1527 2563 nihil
1543 2523 1755 2563 utilitatis
1775 2523 1865 2562 fru-

236 2604 429 2648 ctusque
451 2602 737 2648 expectaret.
764 2595 890 2646 Quos
918 2595 1101 2635 labores
1131 2595 1177 2634 in
1205 2594 1448 2634 audiendis
1476 2594 1864 2643 confessionibus,

236 2669 282 2707 in
304 2667 683 2708 administrandis
705 2666 1032 2715 sacramentis,
1062 2666 1109 2705 in
1134 2665 1411 2716 sepeliendis
1439 2665 1655 2713 mortuis,
1687 2670 1731 2704 et
1764 2664 1867 2703 aliis

292 2827 300 2847 ¹
340 2826 456 2853 Verba
471 2827 566 2853 haee:
583 2834 660 2853 cum
679 2833 807 2859 magna
824 2824 1164 2860 animisortz'tudt'ne
1179 2826 1209 2851 et
1227 2824 1384 2850 omnium
1398 2824 1643 2860 aedificatione
1655 2823 1773 2850 addita
1791 2828 1868 2850 sunt

244 2875 277 2900 in
294 2874 492 2908 apographo
510 2875 628 2908 primo.

292 2921 304 2940 ··'
343 2921 435 2947 Haec
452 2921 556 2948 etiam
571 2928 589 2947 a
607 2920 746 2947 Summi
762 2920 870 2947 Ducis
886 2920 927 2947 ad
945 2919 1084 2946 audivit
1101 2919 1216 2945 addita
1233 2919 1324 2945 fuere
1342 2919 1373 2945 in
1388 2919 1496 2952 primo
1512 2918 1724 2953 apographo.

294 2967 308 2987 Γ·
347 2968 610 3002 Autographum
624 2968 726 2995 habet
744 2968 926 3002 quamdin.
