1987 3260
190 152 262 190 428
698 154 926 191 LITTERAE
952 166 1197 198 QUADRIMES
1203 167 1307 193 TRES

189 250 374 300 pietatis
396 250 677 290 christianae
699 250 859 290 officiis
881 251 1122 301 sustineat,
1145 251 1338 292 libenter
1365 253 1540 304 omitt03
1568 265 1679 294 nam
1707 266 1815 295 cum

189 320 320 360 multi
340 320 431 359 sint
451 326 494 360 et
515 332 702 371 graves,
728 321 867 361 etiam
889 332 1048 361 omnes
1068 333 1162 361 non
1182 323 1413 363 novimus.

268 389 383 430 Cum
404 396 561 431 autem
581 392 776 431 multum
801 391 1003 441 laboret,
1032 392 1169 431 nullis
1197 397 1351 432 tamen
1383 393 1615 444 frangitur
1642 395 1812 435 labori-

188 461 288 510 bus,
311 473 420 501 nam
437 462 516 512 qui
543 462 837 501 occasionem
866 461 1111 501 laborandi
1133 462 1316 512 obtulit,
1345 463 1467 503 idem
1493 464 1810 505 fortitudinem

188 538 410 582 praestat.
434 532 606 572 Fidelis
626 532 854 572 Dominus
870 533 948 583 qui
965 543 1081 572 onus
1098 533 1210 572 nulli
1226 532 1419 584 imponit
1435 535 1546 584 quin
1561 535 1688 576 vires
1704 548 1810 576 con·

187 601 321 652 ferat,
346 602 512 653 quibus
534 603 579 642 id
600 603 779 653 portari
801 609 845 643 et
866 602 1084 642 sustineri
1105 603 1268 653 possit.

265 671 335 712 De
356 673 412 712 iis
438 685 550 712 vero
579 672 587 691 ¹
611 673 688 723 qui
714 673 760 712 in
782 672 918 713 domo
949 673 1237 724 probationis
1264 674 1446 725 vivunt,
1474 675 1636 725 paucis
1663 676 1810 716 absol·

184 754 308 793 vam;
331 743 395 783 ita
416 744 538 783 enim
560 750 781 794 aratrum,
806 744 865 783 ad
886 744 1009 795 quod
1030 755 1209 793 manus,
1239 743 1425 784 Christo
1446 744 1647 793 favente,
1672 746 1810 787 mise-

185 819 306 864 runt,
330 826 489 854 omnes
510 820 681 864 tenent,
706 820 755 854 ut
775 826 1029 866 numquam
1050 820 1176 854 retro
1197 815 1472 866 respiciant,
1503 816 1584 856 sed
1614 817 1813 857 viriliter

183 890 328 934 agunt
350 890 393 924 et
415 885 608 924 ulterius
629 896 811 936 semper
832 885 1210 936 progrediuntur.

261 954 323 994 At
350 955 424 995 hic
454 967 548 995 non
576 955 762 995 Videtur
792 956 1112 1003 omittendum,
1149 956 1271 1007 quod
1300 957 1378 996 uni
1409 968 1571 997 eorum
1597 959 1807 1009 contigit,

183 1026 261 1075 qui
283 1038 388 1065 cum
409 1026 596 1066 domum
619 1027 768 1077 patris
789 1027 860 1066 sui
881 1027 1048 1066 ductus
1069 1026 1252 1077 fuisset,
1284 1033 1333 1066 ut
1363 1039 1505 1068 avum
1532 1040 1708 1075 senem,
1733 1030 1810 1080 qui

181 1097 319 1146 gravi
341 1097 547 1147 quodam
568 1097 729 1137 morbo
753 1097 818 1147 (ut
839 1097 1070 1147 dicebant)
1093 1097 1350 1148 tenebatur,
1375 1098 1561 1149 viseret,
1586 1100 1746 1140 obtulit
1768 1100 1811 1139 ei

183 1173 331 1206 mater
353 1168 676 1219 strophiolum3
703 1174 748 1207 at
770 1180 863 1207 non
884 1168 1011 1218 licet,
1036 1168 1182 1219 inquit
1207 1168 1296 1217 ille,
1326 1174 1488 1208 mater.
1521 1169 1650 1210 Tunc
1673 1169 1809 1221 jussit

180 1237 343 1277 eadem
363 1244 412 1277 ut
432 1238 624 1287 biberet3
649 1250 844 1289 cumque
871 1250 957 1278 nec
984 1239 1030 1278 id
1058 1239 1143 1278 sibi
1169 1239 1308 1279 licere
1335 1239 1551 1290 dixisset,
1576 1241 1810 1280 exclamat

180 1308 271 1348 illa:
294 1320 404 1348 num
425 1321 474 1348 es
496 1308 615 1348 filius
635 1315 684 1348 tu
705 1310 861 1349 meus?
888 1321 998 1349 num
1023 1310 1139 1349 haec
1170 1321 1273 1349 mea
1300 1310 1425 1350 sunt?
1455 1322 1479 1350 a
1511 1316 1657 1350 matre
1688 1322 1809 1359 quae

177 1385 221 1418 te
242 1380 423 1430 genuit,
449 1381 571 1431 quod
599 1380 753 1431 offert,
784 1381 905 1432 quod
935 1381 1153 1431 mandat,
1177 1393 1269 1420 non
1296 1387 1427 1431 potes
1455 1381 1691 1432 accipere?
1720 1381 1805 1422 Cui

178 1455 275 1489 tum
296 1450 371 1490 ille
394 1451 675 1491 verecunde:
698 1463 755 1491 ne
776 1451 981 1502 mireris,
1006 1463 1201 1503 quaeso,
1225 1458 1387 1501 mater;
1411 1464 1467 1492 ne
1484 1453 1689 1503 lapillum
1711 1453 1803 1504 qui-

178 1520 282 1560 dem
304 1527 383 1560 aut
404 1521 634 1561 festucam
657 1522 755 1561 sine
777 1522 1039 1561 obedientia
1059 1534 1249 1574 possum
1271 1523 1506 1573 accipere,
1537 1523 1610 1562 cui
1638 1534 1710 1562 me
1741 1530 1807 1562 to-

177 1598 274 1630 tum
293 1598 485 1642 propter
507 1592 744 1632 Christum
766 1593 894 1642 vovi;
918 1605 1003 1633 nec
1026 1593 1148 1633 enim
1170 1599 1270 1632 erat
1290 1593 1351 1633 ibi
1373 1605 1399 1632 a
1421 1605 1510 1645 quo
1536 1593 1805 1634 facultatem

176 1662 424 1713 acciperet,
450 1674 554 1702 cum
572 1663 650 1713 illi,
676 1675 701 1702 a
724 1664 888 1714 quibus
912 1663 1138 1703 deductus
1159 1664 1325 1714 fuerat,
1350 1665 1396 1704 in
1417 1665 1562 1704 altero
1591 1665 1804 1705 cubiculo

174 1743 278 1771 cum
299 1740 431 1783 patre
454 1734 576 1773 illius
597 1740 765 1783 essent,
790 1734 899 1774 dum
920 1735 995 1774 ille
1019 1746 1159 1774 avum
1181 1735 1370 1784 viseret,
1397 1734 1519 1785 apud
1541 1747 1676 1786 quem
1706 1742 1803 1775 tum

174 1809 321 1843 mater
343 1816 449 1843 cum
469 1805 571 1844 aliis
593 1805 863 1844 mulieribus
886 1811 1002 1844 erat.

251 1872 342 1913 Sed
361 1881 404 1914 et
425 1874 480 1914 de
499 1875 677 1915 duobus
695 1875 784 1915 illis
800 1875 1023 1915 fratribus
1039 1876 1211 1915 nostris
1228 1876 1273 1915 in
1290 1875 1475 1916 Christo
1493 1877 1798 1928 charissimis,

173 1945 251 1994 qui
271 1945 344 1985 his
365 1945 526 1985 diebus
547 1946 606 1986 ad
627 1945 878 1985 Dominum
901 1946 971 1996 (ut
993 1946 1248 1989 credimus)
1278 1947 1562 1997 migrarunt,
1595 1959 1687 1987 non
1714 1955 1798 1997 est,

171 2014 293 2065 quod
315 2021 514 2066 taceam,
538 2028 735 2067 quorum
757 2017 874 2055 alter
895 2028 953 2056 ex
974 2017 1184 2067 collegio,
1209 2017 1326 2056 alter
1343 2029 1400 2056 ex
1418 2017 1552 2056 domo
1570 2018 1799 2068 probatio-

170 2086 240 2125 nis
260 2085 359 2126 suit.
385 2084 501 2126 Cum
522 2087 663 2137 igitur
686 2086 732 2126 Ρ.
757 2086 910 2126 Natali
932 2087 978 2126 in
1000 2087 1211 2126 Africam
1232 2088 1434 2127 eundum
1455 2094 1590 2138 esset,
1610 2094 1654 2128 et
1672 2089 1797 2139 cogi-

170 2162 289 2196 taret
312 2168 448 2208 quem
471 2169 629 2197 secum
652 2159 824 2208 <neque
846 2158 968 2197 enim
993 2159 1118 2197 solus
1138 2157 1204 2197 ire
1225 2158 1434 2209 poterat)
1458 2159 1671 2209 duceret3
1703 2165 1799 2199 tum

170 2226 388 2277 Isidorus,
413 2228 490 2279 qui
511 2228 585 2267 hic
606 2228 787 2279 publice
808 2228 1151 2279 philosophiam
1167 2228 1302 2268 docte
1320 2235 1363 2268 et
1381 2229 1674 2269 laudabiliter
1690 2241 1792 2280 pro-

170 2296 398 2348 fitebatur,
424 2298 593 2338 obnixe
615 2299 802 2349 rogavit
824 2304 872 2338 ut
894 2299 1001 2338 illuc
1023 2299 1120 2350 ipse
1149 2299 1408 2338 duceretur.
1441 2298 1531 2339 Sed
1560 2312 1617 2340 ne
1643 2300 1797 2340 lectio-

168 2379 251 2407 nes
273 2369 566 2419 relinqueret,
582 2369 767 2408 Patrem
786 2369 1034 2418 detinebat,
1051 2370 1297 2419 quominus
1313 2370 1491 2409 socium
1508 2371 1594 2410 sibi
1606 2382 1711 2410 eum
1724 2371 1796 2410 de-

168 2438 348 2488 ligeret.
374 2439 732 2489 Verumtamen,
759 2451 863 2478 cum
885 2451 937 2479 ea
963 2451 1106 2479 causa
1127 2452 1219 2479 non
1236 2440 1430 2480 multum
1455 2441 1593 2480 etiam
1610 2442 1796 2481 obstare

168 2508 422 2560 videretur,
447 2509 569 2560 quod
588 2510 891 2549 vacationum
914 2517 1093 2560 tempus
1115 2510 1313 2560 adesset,
1337 2510 1577 2551 mandavit
1597 2511 1791 2561 duobus,

167 2577 343 2618 Isidoro
364 2591 528 2630 nempe
557 2585 600 2619 et
623 2580 775 2629 alteri,
801 2586 849 2619 ut
871 2592 919 2619 se
942 2580 1000 2619 ad
1028 2580 1379 2630 navigationem
1408 2581 1532 2620 illam
1563 2582 1794 2632 quampri-

167 2660 293 2688 mum
312 2656 547 2700 pararent3
572 2651 847 2689 alterutrum
869 2650 989 2689 enim
1007 2662 1163 2690 secum
1182 2657 1455 2700 assumeret;
1474 2663 1637 2691 verum
1654 2651 1791 2691 Isido—

167 2730 246 2758 rus
267 2731 371 2759 cum
391 2726 605 2770 rogasset
626 2726 673 2759 ut
690 2720 797 2759 hinc
815 2719 1061 2759 duceretur
1078 2721 1124 2759 in
1140 2720 1366 2770 Africam,
1387 2721 1614 2771 cogitavit
1634 2733 1791 2761 secum

168 2789 239 2838 (ne
261 2790 480 2841 deceptus
501 2803 527 2830 a
545 2791 785 2840 daemone,
806 2791 882 2841 qui
899 2791 945 2830 in
962 2792 1179 2841 angelum
1195 2791 1310 2830 lucis
1327 2803 1428 2831 sese
1448 2791 1702 2832 transferre
1720 2804 1789 2831 so-

221 2902 226 2919 1
269 2901 392 2928 Verbis
409 2902 459 2928 De
474 2902 529 2928 his
544 2910 637 2933 vero„
651 2903 825 2930 substituit
841 2903 925 2929 haec
942 2902 1118 2929 Polancus:
1140 2902 1178 2929 U!
1194 2905 1311 2929 autem
1329 2903 1375 2929 ad
1387 2904 1523 2929 nostros
1538 2903 1788 2931 Messanenses

167 2948 323 2974 redeam.
