1987 3260
853 188 935 226 AN.
967 188 1052 226 1551
1693 189 1758 227 281

141 291 226 326 set.
250 285 363 326 Illud
384 285 497 324 satis
519 291 713 329 constat,
739 296 928 335 operam
956 283 1108 324 Patris
1135 283 1270 323 huius
1298 283 1344 322 in
1373 282 1583 323 Comitiis
1610 285 1761 334 proxi-

142 357 250 406 mis,
288 362 336 396 ut
364 357 480 396 alias
506 356 876 407 perscripsimus,
900 367 1048 406 neque
1072 366 1258 406 parum,
1288 365 1437 405 neque
1464 355 1626 405 paucis
1660 366 1760 405 pro-

141 427 304 477 fuisse,
329 427 427 467 sive
449 426 754 466 confessionis
776 431 1121 466 sacramentum
1142 431 1417 476 spectemUS,
1442 425 1488 464 in
1509 436 1599 476 quo
1622 425 1762 465 admi-

143 497 384 537 nistrando
403 508 542 547 saepe
563 498 847 548 multumque
868 502 1084 536 versatus
1106 501 1189 546 est,
1208 496 1484 547 praesertim
1501 495 1559 535 ob
1576 507 1761 535 conces-

141 579 245 607 sum
267 568 399 607 aulae
421 567 680 607 Caesareae
706 567 986 619 jubilaeum,
1011 567 1111 606 sive
1131 566 1494 606 familiaritatem
1516 566 1638 606 illius
1658 578 1763 606 cum

143 638 438 689 Principibus
473 638 680 678 habitam
715 638 1076 678 consideremus.
1112 638 1169 677 Et
1195 649 1280 688 pro
1308 643 1469 677 nostra
1496 637 1681 688 quidem
1708 648 1763 677 ac

140 709 251 761 Jesu
271 707 502 749 Societate
524 710 570 748 in
599 709 674 748 illo
703 708 969 759 Principum
995 714 1133 759 atque
1160 707 1501 748 Germanorum
1532 713 1765 747 conventu

142 786 322 819 tantum
344 779 598 830 praestitit,
629 774 853 830 quantum
878 791 1013 819 nemo
1041 779 1159 818 alius
1187 790 1392 830 unquam
1418 779 1466 818 in
1494 778 1764 818 Germania:

144 850 209 889 sic
232 862 420 900 nomen,
445 850 692 901 originem,
717 860 1006 900 successum,
1031 860 1334 901 progressum
1356 848 1603 889 Societatis
1625 849 1765 900 expli-

142 922 260 969 cuit,
291 922 357 961 sic
387 921 534 961 infixit
564 921 811 962 Germanis
846 921 1034 971 animis,
1071 927 1121 961 ut
1154 921 1487 961 authoritatem
1520 920 1692 960 nostris
1723 926 1765 960 et

142 991 277 1031 fidem
298 992 543 1038 invenerit.
565 1005 682 1043 quae
704 993 762 1032 ad
782 993 904 1033 hanc
924 992 1111 1032 vineam
1132 991 1317 1032 Christo
1339 991 1645 1031 excolendam
1665 996 1766 1031 erat

142 1063 491 1112 pernecessaria
526 1062 550 1102 ¹.
589 1063 762 1113 Magna
795 1063 842 1103 in
868 1063 944 1102 illo
975 1063 1249 1113 dexteritas,
1282 1074 1373 1114 qua
1407 1073 1510 1102 sese
1548 1067 1764 1113 attempe-

140 1143 246 1171 rare
281 1132 294 1151 ²
329 1134 444 1173 solet
479 1133 710 1181 omnibus,
747 1140 843 1173 tam
881 1133 1073 1173 summis
1113 1145 1251 1184 quam
1284 1133 1473 1173 infimis:
1509 1143 1681 1183 magna
1721 1133 1767 1172 in

142 1203 324 1253 agendo
353 1203 620 1255 prudentia,
650 1210 699 1244 ut
732 1205 1004 1255 quorumvis
1039 1204 1220 1244 animos
1247 1209 1472 1255 tractare,
1510 1203 1687 1254 sibique
1722 1203 1768 1242 in

142 1273 344 1314 Domino
380 1275 624 1314 conciliari
657 1275 794 1324 norit,
824 1275 940 1314 adeo
968 1282 1016 1314 ut
1058 1275 1226 1314 mirum
1260 1286 1399 1325 saepe
1425 1274 1581 1314 multis
1614 1274 1769 1313 visum

143 1345 201 1384 sit
230 1356 319 1396 quo
349 1350 486 1396 pacto
515 1345 788 1395 simplicitas
818 1350 863 1384 et
893 1345 1119 1385 modestia
1147 1345 1225 1384 illa
1252 1345 1405 1385 Patris
1433 1356 1536 1384 cum
1568 1344 1769 1384 authori-

141 1422 236 1456 tate
259 1422 303 1455 et
324 1416 461 1455 laude
480 1416 665 1466 publica
686 1414 1060 1466 conjungeretur,
1083 1422 1133 1455 ut
1154 1415 1268 1455 nihil
1298 1427 1391 1455 non
1418 1416 1668 1466 impetrare
1695 1415 1770 1454 vel

142 1485 335 1527 ridendo
356 1498 493 1538 posse
514 1486 732 1526 videatur
755 1485 783 1523 ⁵.
807 1485 897 1526 Sed
917 1486 1107 1537 spiritus
1128 1486 1216 1526 Dei
1237 1498 1373 1537 quem
1401 1486 1544 1526 semel
1574 1497 1770 1536 occupa-

142 1558 221 1607 rit,
246 1569 352 1597 eum
373 1557 529 1597 multis
551 1563 685 1597 ornat
706 1557 910 1608 dotibus,
939 1557 1215 1609 praesertim
1235 1557 1312 1597 ubi
1333 1556 1592 1597 communis
1623 1556 1668 1596 id
1695 1567 1770 1595 ex-

142 1628 292 1679 poscit
313 1628 488 1668 utilitas
510 1634 554 1667 et
575 1628 727 1678 gloria
749 1628 938 1668 Christi.
960 1628 1091 1668 Unus
1111 1639 1205 1668 non
1227 1627 1482 1668 Catholicis
1502 1627 1639 1667 modo
1667 1638 1769 1677 per·

142 1705 329 1749 gratus.
356 1705 400 1738 et
422 1699 481 1738 ad
503 1699 904 1739 confirmationem
932 1698 1039 1739 fidei
1068 1698 1341 1739 commodus
1367 1698 1642 1738 adhortator
1668 1697 1770 1747 fuit,

143 1768 225 1808 sed
246 1770 387 1809 etiam
408 1770 695 1820 praecipuis,
728 1770 805 1820 qui
831 1775 942 1809 tunc
972 1769 1181 1819 aderant,
1218 1770 1594 1809 Lutheranorum
1623 1768 1772 1808 consi-

143 1840 308 1889 liariis,
346 1841 424 1891 qui
457 1841 585 1880 illum
620 1841 675 1880 de
703 1840 791 1880 fide
821 1841 1126 1881 disserentem
1156 1840 1407 1880 audiebant
1438 1839 1774 1889 lubentissime,

143 1910 383 1950 satisfecit.
421 1910 669 1961 Rogabant
705 1912 834 1951 illum
868 1912 923 1951 de
958 1912 1176 1952 maximis
1211 1911 1545 1951 controversiis
1580 1910 1626 1950 in
1659 1909 1776 1949 Reli-

143 1982 303 2033 gione,
334 1982 631 2033 proferebant
669 1989 945 2033 argumenta
966 1995 1073 2033 sua,
1096 1983 1373 2033 praesertim
1394 1982 1450 2021 de
1478 1981 1675 2021 materia
1702 1980 1774 2033 Ju-

142 2053 438 2093 stificationis
466 2054 606 2093 etiam
638 2054 961 2105 praesentibus
996 2053 1272 2104 quibusdam
1300 2052 1559 2104 Episcopis.
1594 2052 1693 2101 Ille,
1729 2056 1779 2090 ut

143 2124 290 2163 mirus
312 2130 380 2164 est
402 2124 573 2164 artifex
595 2125 641 2164 in
662 2124 999 2175 perspiciendis
1021 2130 1065 2164 et
1090 2124 1350 2164 tractandis
1381 2122 1567 2172 animis,
1597 2133 1779 2161 summa

144 2206 251 2234 cum
272 2195 500 2234 modestia
521 2185 853 2246 respondebat,
878 2195 1116 2246 aperiebat
1137 2195 1306 2245 nodos,
1332 2193 1565 2234 eximebat
1586 2203 1774 2243 scrupu-

147 2265 230 2310 los,
256 2265 470 2305 veritatis
492 2277 683 2305 causam
703 2265 985 2316 illustrabat,
1009 2271 1059 2306 ut
1085 2266 1247 2306 mirari
1279 2272 1377 2305 tum
1404 2263 1652 2313 Catholici,
1681 2250 1778 2303 tum

146 2335 370 2375 haeretici
391 2343 595 2387 possent.
621 2336 798 2387 Quare,
827 2336 904 2387 qui
930 2342 1088 2387 partes
1117 2336 1321 2386 agebant
1350 2335 1584 2375 Saxoniae
1614 2333 1774 2383 Ducis,

144 2406 267 2446 illius
318 2407 474 2446 verbis
512 2407 861 2458 rationibusque
892 2407 1109 2457 permoti,
1148 2406 1208 2446 ad
1242 2399 1543 2446 concordiam
1569 2405 1625 2444 de
1659 2403 1775 2444 Reli-

146 2477 284 2527 gione
307 2477 556 2517 ineundam
579 2478 914 2518 convertebant
935 2489 1061 2528 sese,
1085 2477 1275 2517 adibant
1296 2487 1502 2517 summos
1522 2475 1772 2527 principes,

146 2548 536 2588 commendabant
557 2547 606 2587 P.
632 2548 891 2599 Claudium,
916 2548 962 2588 id
982 2548 1183 2588 maxime
1204 2553 1446 2599 roganteS,
1470 2547 1630 2586 liceret
1646 2546 1774 2586 Patri

148 2618 194 2658 in
216 2618 471 2659 Saxoniam
491 2619 744 2670 proficisci,
768 2631 824 2659 ac
852 2619 908 2659 de
929 2620 1067 2659 rebus
1096 2619 1202 2659 fidei
1231 2631 1335 2658 cum
1361 2618 1575 2669 Philippo
1607 2616 1776 2656 Melan-

256 2755 412 2783 Canisius
427 2757 623 2790 scripserat:
641 2756 690 2782 ⁸⁴...
707 2760 739 2783 et
758 2755 855 2782 fidem
870 2755 1038 2782 invenerit
1054 2755 1095 2782 ad
1112 2755 1199 2782 hane
1221 2755 1358 2781 vineam
1381 2754 1517 2781 Christo
1534 2754 1779 2786 excolendam„

147 2802 240 2830 Haec
256 2803 421 2830 Polancus
438 2803 631 2830 emendavit
649 2804 710 2829 hoc
726 2803 822 2830 modo
837 2804 887 2830 “et
904 2802 1001 2830 fidem
1017 2809 1105 2836 quae
1130 2802 1171 2829 ad
1197 2802 1284 2828 hanc
1307 2802 1443 2828 vineam
1462 2800 1598 2827 Christo
1623 2801 1764 2827 excolen

147 2849 223 2876 dam
245 2852 319 2876 erat
338 2851 638 2884 pernecessaria...

199 2897 212 2915 2
251 2897 499 2931 Attemperare
514 2898 647 2931 scripsit
667 2897 833 2924 Polaticus
846 2897 902 2924 ubi
922 2897 1105 2932 applicare
1121 2896 1307 2930 scripserat
1323 2894 1490 2922 Canisius.

195 2944 209 2963 5
255 2944 444 2972 Vz'deretur
457 2945 593 2978 scripsit
610 2945 702 2978 prius
719 2943 890 2977 Canisius,
908 2945 964 2971 sed
983 2946 1081 2971 retur
1096 2944 1206 2970 deleto
1221 2943 1253 2970 in
1268 2942 1433 2977 principio
1451 2942 1574 2972 lineae,
1591 2942 1622 2968 in
1639 2949 1780 2976 praece-

154 2993 263 3020 dentis
277 2993 384 3020 lineae
401 2992 463 3019 fine
480 2992 608 3019 addidit
625 2994 716 3019 atur.
