1987 3260
839 209 920 246 Ax.
952 210 1038 246 1351
1686 209 1757 246 :385

135 307 469 347 interficiantur
490 312 533 346 ct
553 307 854 346 vulnerentur
872 307 1016 353 multi,
1037 306 1128 357 qui,
1149 305 1326 345 aeterni
1343 303 1502 355 judicii
1524 304 1757 345 immemo-

135 390 229 427 res,
263 389 397 417 omne
427 388 474 416 se
505 377 783 427 supplicium
809 377 1016 417 evasisse
1043 382 1227 427 putant,
1260 376 1300 415 si
1329 374 1521 415 Minium
1550 375 1757 426 fluvium,

135 448 211 500 qui
232 448 469 499 proximus
490 453 578 497 est,
602 453 910 497 transeuntes,
934 447 993 487 ad
1015 447 1137 487 aliud
1159 457 1369 496 regnum,
1394 445 1648 496 Galeciam,
1674 447 1757 486 sci-

134 519 260 564 licet,
284 518 569 567 confugiant.
592 518 800 558 Faventc
822 518 941 568 Deo,
967 525 1063 557 tum
1083 518 1141 557 ab
1162 518 1265 557 aliis
1288 517 1411 557 vitiis
1432 522 1531 556 tum
1557 517 1759 556 maxime

135 590 190 628 ab
213 589 300 628 hoc
323 589 594 639 eripiuntur,
621 589 683 628 ita
705 594 754 628 ut
776 589 959 640 ipsimet
990 588 1207 628 admirati
1235 589 1325 628 alte
1353 587 1509 627 dicant
1541 599 1658 638 quae
1689 588 1761 626 sui

134 660 452 699 immemorem
468 659 603 699 facile
625 658 683 698 ad
704 659 845 699 animi
867 660 1113 699 elationem
1137 659 1435 708 adducerent3
1456 669 1579 708 nam,
1599 664 1647 697 ut
1669 659 1761 697 alia

135 731 360 780 omittam,
385 729 521 770 modo
543 729 653 770 illud
675 737 857 781 tempus
880 731 1159 770 adventasse
1181 730 1353 776 dicunt,
1379 729 1502 780 quod
1523 740 1549 768 a
1580 728 1760 779 majori-

135 801 218 840 bus
240 806 488 840 venturum
510 807 810 852 acceperant,
836 812 925 852 quo
948 801 1116 840 mortui
1139 801 1285 840 vitam
1312 805 1466 839 essent
1489 799 1694 850 optaturi
1714 805 1763 838 ut

136 871 328 911 verbum
351 870 438 910 Dei
459 871 663 911 ostiatim
684 872 915 923 prolatum
937 872 1170 921 audirent,
1196 871 1409 911 viventes
1430 882 1544 910 vero
1565 876 1764 909 mortem

136 943 399 994 appetituri,
420 955 509 993 quo
527 943 597 992 iis,
610 954 726 994 quae
744 943 831 982 sibi
847 943 893 982 in
910 943 1064 982 futura
1081 943 1178 982 Vita
1195 947 1476 993 praeparata
1488 953 1579 981 nun
1588 942 1763 981 ciaren-

137 1022 224 1063 tur,
248 1013 338 1053 frui
359 1014 532 1053 liceret.
558 1013 775 1053 Fratrum
802 1013 993 1064 quisque
1022 1025 1312 1064 summopere
1341 1012 1577 1052 contendit
1604 1024 1630 1051 a
1662 1010 1763 1051 Deo

137 1084 346 1124 obtinere
368 1091 416 1124 ut
438 1083 652 1134 delegata
675 1075 761 1123 sibi
782 1084 978 1124 ecclesia
1000 1096 1151 1123 vacua
1174 1084 1299 1123 omni
1322 1083 1427 1123 odio
1458 1083 1762 1134 relinquatur,

137 1162 274 1206 atque
297 1155 355 1194 ad
376 1155 421 1194 id
437 1166 530 1194 non
547 1155 696 1194 solum
714 1155 986 1204 orationem,
1005 1155 1051 1194 in
1072 1166 1162 1205 qua
1178 1154 1470 1205 potissimum
1490 1153 1583 1193 fixa
1605 1164 1765 1193 eorum

138 1237 243 1277 spes
266 1233 350 1275 est,
374 1226 454 1264 sed
475 1232 520 1264 et
543 1225 633 1264 alia
654 1225 806 1265 media
829 1225 1048 1265 adhibent
1069 1231 1114 1265 et
1136 1225 1349 1265 omnibus
1372 1225 1633 1264 rationibus
1660 1224 1763 1264 cha-

138 1297 322 1336 ritatem
342 1302 644 1347 mutuamque
667 1307 875 1335 amorem
895 1296 941 1335 in
962 1308 1122 1336 eorum
1143 1296 1323 1335 animas
1344 1296 1564 1335 inducere
1595 1307 1764 1335 conan-

139 1374 226 1407 tur.
261 1367 322 1406 Hi
356 1366 586 1417 homines,
623 1367 730 1406 licet
764 1366 948 1406 infimae
977 1367 1253 1407 conditionis
1280 1367 1391 1416 sint,
1423 1367 1489 1406 sic
1518 1378 1566 1405 se
1595 1366 1767 1405 dedunt

140 1438 266 1477 inani
285 1437 483 1488 gloriae,
508 1443 556 1476 ut
577 1437 614 1476 si
635 1437 737 1488 quis
758 1437 817 1476 ad
838 1437 1025 1477 veniam
1044 1437 1371 1488 postulandam
1392 1437 1625 1487 hortetur,
1649 1437 1767 1476 deri-

140 1509 277 1548 deant
309 1514 353 1547 et
384 1508 538 1559 potius
564 1508 688 1547 vitae
715 1520 769 1547 ac
796 1508 863 1547 rei
897 1507 1138 1547 familiaris
1167 1519 1306 1559 quam
1332 1508 1512 1558 gloriae
1535 1506 1769 1558 jacturam

140 1579 294 1619 facere
315 1578 502 1629 eligant.
522 1578 749 1618 Dominus
766 1590 878 1618 vero
905 1579 951 1618 in
971 1590 1026 1617 ea
1047 1590 1097 1618 re
1118 1583 1342 1629 quantum
1363 1577 1460 1629 ejus
1481 1590 1647 1617 manus
1665 1590 1767 1629 pos-

142 1650 220 1700 sit,
252 1649 538 1689 intermediis
571 1649 792 1689 fratribus
819 1650 945 1689 velut
967 1649 1299 1698 instrumentis,
1332 1648 1547 1689 ostendit.
1571 1649 1690 1689 Nam
1720 1655 1769 1688 ut

141 1720 247 1760 hinc
265 1720 498 1771 incipiam,
520 1732 625 1760 cum
640 1719 779 1760 Pater
796 1720 997 1772 quidam,
1017 1720 1201 1760 nomine
1217 1720 1420 1773 Joannes
1439 1719 1649 1769 Gouvea,
1670 1726 1768 1759 toto

141 1793 229 1831 hoc
251 1803 372 1831 anno
394 1790 490 1830 fere
512 1791 759 1830 ecclesiam
779 1791 1048 1842 quamdam,
1073 1803 1191 1842 quae
1213 1791 1451 1830 hominum
1479 1790 1770 1830 multitudine

140 1867 350 1902 caeteras
371 1862 457 1901 has
479 1873 639 1901 omnes
659 1862 818 1912 Vincit,
843 1862 1003 1902 diebus
1026 1861 1271 1901 dominicis
1293 1862 1504 1911 adiisset,
1529 1867 1578 1900 ut
1599 1873 1770 1912 pueros

140 1932 325 1973 doceret
347 1939 390 1972 et
410 1944 745 1984 nonnunquam
765 1938 814 1972 ut
836 1933 1215 1983 concionaretur,
1240 1933 1516 1984 saepiusque
1539 1932 1594 1972 de
1624 1932 1770 1971 inimi-

139 2004 259 2044 citiis
276 2010 320 2043 et
338 2003 468 2053 odiis,
487 2004 525 2043 si
543 2015 659 2055 quae
677 2009 847 2053 essent,
867 2004 1219 2054 interrogasset,
1243 2009 1340 2043 tum
1357 2002 1671 2053 Sacerdotem,
1695 2003 1770 2054 qui

140 2074 186 2114 in
206 2074 391 2113 illarum
413 2073 674 2113 animarum
695 2086 807 2114 cura
828 2074 1072 2124 incumbit,
1097 2080 1194 2113 tum
1215 2074 1357 2113 etiam
1379 2074 1518 2123 alios,
1552 2074 1771 2124 nullaque

141 2156 242 2185 esse
264 2145 619 2196 responderent,
645 2145 855 2184 absoluta
883 2144 1084 2196 quodam
1111 2144 1183 2184 die
1212 2144 1438 2184 concione
1468 2145 1515 2184 in
1542 2145 1630 2184 hac
1661 2156 1770 2195 qua-

141 2216 429 2267 dragesima,
458 2216 654 2266 genibus
681 2215 834 2265 flexiS,
866 2227 970 2255 cum
997 2215 1151 2256 multis
1179 2216 1401 2266 lacrymis
1432 2216 1585 2266 coepit
1620 2216 1770 2255 excla-

141 2297 270 2326 mare
292 2292 335 2325 et
356 2286 534 2325 hortari
554 2291 602 2325 ut
623 2286 729 2326 odia
747 2286 1045 2337 deponerent,
1065 2298 1198 2337 quae,
1222 2286 1404 2326 etiamsi
1425 2287 1597 2325 vellent
1620 2287 1770 2326 occul-

142 2363 262 2407 tare,
286 2369 379 2396 non
400 2363 636 2408 poterant;
668 2368 863 2409 cumque
891 2357 957 2397 sic
983 2369 1155 2408 magno
1186 2357 1329 2397 animi
1356 2356 1542 2397 fervore
1570 2357 1770 2408 totisque

142 2427 319 2467 viribus
342 2427 634 2467 adhortando
657 2427 715 2467 ad
737 2428 967 2468 amicitias
988 2434 1289 2479 mutuumque
1313 2439 1520 2468 amorem
1541 2440 1623 2479 per
1645 2428 1771 2468 dimi-

143 2498 268 2538 dium
289 2499 434 2538 horae
450 2505 814 2550 perseverasset,
834 2505 966 2539 tanta
982 2499 1132 2539 subito
1151 2499 1413 2539 animorum
1429 2499 1555 2538 facta
1573 2511 1772 2539 commo-

143 2569 206 2609 tio
228 2576 317 2620 est,
341 2577 389 2609 ut
409 2569 620 2609 homines
642 2576 686 2609 et
707 2570 938 2621 mulieres,
962 2570 1021 2610 ad
1041 2571 1278 2621 lacrymas
1300 2570 1530 2620 conversi,
1553 2582 1635 2621 per
1658 2570 1773 2609 duas

142 2639 285 2679 horas
307 2640 365 2680 ad
388 2640 537 2691 ipsum
561 2640 857 2691 accedentes,
882 2652 987 2680 cum
1008 2641 1174 2692 quibus
1201 2641 1287 2680 sibi
1316 2641 1588 2680 inimicitiae
1617 2647 1772 2680 essent

143 2717 442 2761 exponerent.
467 2710 595 2750 Tunc
618 2711 730 2761 ipse,
755 2711 873 2751 sicut
895 2718 1018 2761 erat,
1042 2712 1237 2762 genibus
1254 2712 1406 2761 flexis,
1431 2711 1645 2751 inimicos
1663 2712 1773 2750 ami-

144 2792 224 2820 cos
243 2781 446 2820 faciebat
467 2787 526 2824 et.
551 2789 774 2832 quantum
795 2789 998 2833 poterat,
1024 2788 1231 2822 mutuum
1252 2793 1459 2822 amorem
1476 2794 1559 2833 pro
1584 2782 1772 2822 Christo

145 2852 513 2891 commendabat.
539 2851 770 2903 Quoniam
790 2865 902 2892 vero
921 2853 1321 2904 advesperascens
1343 2853 1441 2892 dies
1462 2851 1654 2892 ulterius
1670 2864 1774 2903 pro-

144 2921 274 2971 gredi
298 2922 590 2973 impediebat,
615 2923 737 2973 quod
760 2929 867 2962 tunc
889 2924 1005 2963 effici
1026 2935 1118 2963 non
1138 2924 1308 2975 potuit,
1334 2923 1380 2962 in
1401 2924 1542 2962 alium
1564 2923 1686 2962 diem
1707 2922 1769 2962 fa-

146 2991 359 3032 ciendum
381 2992 678 3043 distulerunt;
703 2992 823 3044 quod
842 3000 1003 3044 postea
1025 2993 1202 3033 duobus
1221 2994 1382 3033 diebus
1400 3005 1646 3045 peragens,
1667 3005 1770 3032 cum

381 3066 432 3104 T.
464 3081 488 3106 1.
1540 3079 1582 3114 25
