1987 3260
232 168 301 204 010
742 166 968 202 LITTERAE
994 176 1350 207 QUADRIMESTRES

233 263 341 302 stris
364 269 515 302 exstat
534 268 577 302 et
599 261 823 301 claritate.
848 261 939 300 Res
966 267 1033 300 est
1056 261 1307 300 dificillima
1328 261 1452 300 dictu
1480 261 1527 300 in
1553 266 1750 312 quantas
1772 273 1830 300 no
1849 286 1852 287 ν

232 340 355 373 strae
390 332 636 373 Societatis
670 331 878 380 laudum,
912 332 1021 370 dum
1056 331 1319 382 frequentes
1354 331 1547 371 haberet
1586 332 1848 379 concioneS,

233 404 437 455 eruperit
456 413 618 451 voces3
648 413 702 441 eo
731 401 851 441 enim
880 402 1113 452 pervenit,
1148 413 1252 441 cum
1282 401 1542 441 uberrimus
1572 407 1616 441 et
1643 401 1767 452 frugi
1797 402 1854 441 de

233 475 442 513 oratione
478 474 667 512 haberet
694 483 978 522 sermonem,
1007 478 1055 511 ut
1086 472 1143 511 ad
1179 473 1357 511 coelum
1392 483 1537 523 usque
1572 471 1852 512 Societatem

231 550 438 584 nostram
466 544 671 582 elaturus
698 541 948 589 videretur,
979 543 1147 593 quippe
1174 542 1250 593 qui
1277 548 1373 582 toto
1401 542 1631 582 clamabat
1662 548 1853 593 pectore

231 614 475 665 quemdam
509 612 709 653 existere
738 613 1044 663 apostolicum
1070 613 1245 663 virum,
1276 613 1350 652 cui
1384 613 1512 652 Deus
1539 613 1741 652 maxime
1776 613 1850 652 bo-

231 696 340 724 num
378 684 540 724 orandi
579 683 766 723 modum
806 683 1093 730 tradidisset,
1141 683 1354 734 huncque
1393 684 1542 734 ipsum
1582 683 1850 731 christiane,

230 755 415 805 copiose
436 761 479 794 et
500 755 755 794 luculenter
776 754 957 793 docere.
982 753 1070 793 Vir
1091 754 1213 792 enim
1235 754 1321 793 iste
1343 753 1644 804 apostolicus,
1678 752 1850 803 ajebat,

229 826 393 865 librum
424 825 590 875 edidit,
629 824 759 876 cujus
789 825 827 864 si
862 824 1041 863 cunctis
1068 824 1199 863 vobis
1229 830 1494 874 suppeteret
1524 824 1681 874 copia,
1715 835 1853 875 quam

229 897 434 948 spatioso
456 902 499 936 et
520 896 677 936 divino
705 907 868 947 campo
896 895 1182 935 frueremini!
1213 895 1357 935 Nemo
1386 895 1527 945 igitur
1556 901 1766 934 vestrum
1798 895 1853 934 de

230 967 329 1018 ipso
351 968 424 1007 vel
451 967 636 1006 sinistre
664 966 947 1017 suspicetur3
972 966 1144 1017 alioqui
1172 966 1231 1005 ad
1252 965 1574 1016 Inquisitores,
1599 972 1646 1005 ut
1674 965 1854 1005 debitas

228 1039 323 1077 luat
344 1050 538 1089 poenas,
572 1036 862 1077 deferendus.
888 1035 1021 1087 Quod
1042 1036 1079 1075 si
1111 1037 1167 1076 sit
1199 1036 1386 1087 aliquis,
1420 1048 1555 1087 quem
1584 1036 1672 1075 hoc
1693 1036 1851 1085 lateat,

229 1107 324 1159 ejus
346 1108 424 1148 filii
446 1114 551 1148 sunt
574 1114 617 1148 et
639 1107 1015 1147 christianissimi
1036 1114 1079 1147 et
1101 1107 1439 1158 religiosissimi
1460 1107 1622 1146 Patres
1645 1105 1848 1146 Societa-

229 1179 286 1218 tis
313 1179 500 1218 Domini
528 1179 661 1231 Jesu,
697 1179 772 1229 qui
796 1177 890 1228 jam
920 1177 1080 1217 divina
1110 1184 1234 1217 sorte
1265 1177 1385 1229 apud
1408 1189 1492 1217 nos
1525 1183 1684 1227 agunt.
1719 1177 1848 1217 Unde

230 1250 364 1289 facile
395 1249 697 1300 contemplari
726 1249 900 1300 poteris
923 1248 1041 1299 quod
1073 1260 1208 1288 nemo
1237 1254 1358 1287 esset
1387 1249 1465 1299 qui
1494 1248 1539 1287 in
1565 1259 1650 1287 nos
1679 1260 1730 1287 os
1758 1260 1850 1287 non

229 1326 535 1360 converteret.
570 1320 746 1359 Tantas
782 1319 951 1370 quippe
979 1319 1214 1370 congessit
1242 1328 1285 1358 et
1318 1319 1643 1358 annumeravit
1669 1318 1847 1366 laudes,

228 1397 276 1430 ut
303 1391 449 1442 digito
478 1391 579 1442 ipso
607 1396 651 1430 et
680 1396 865 1441 aperto,
897 1390 1018 1440 quod
1047 1388 1194 1440 ajunt,
1233 1389 1383 1429 indice
1412 1401 1497 1428 nos
1529 1388 1850 1428 demonstrare

228 1462 509 1501 viderentur.
535 1461 725 1511 Videas,
757 1460 1028 1510 christiane,
1060 1460 1419 1500 Dominicanum
1449 1460 1566 1499 inter
1596 1471 1851 1510 generosos

227 1533 658 1583 generosissimum,
696 1532 814 1571 inter
850 1532 1081 1571 litteratos
1115 1531 1524 1579 litteratissimum,
1568 1531 1645 1581 qui
1681 1542 1733 1570 ea
1769 1541 1846 1569 no·

228 1609 351 1643 strae
373 1603 619 1643 Societatis
641 1603 823 1654 capitur
845 1602 1111 1651 dilectione,
1136 1608 1183 1641 ut
1204 1603 1328 1641 nullo
1356 1601 1718 1649 vehementiori,
1752 1613 1849 1640 sae-

228 1674 415 1725 pissime
454 1674 529 1713 illo
565 1674 767 1728 dicente,
805 1673 966 1713 ardeat
1007 1672 1249 1722 desiderio,
1294 1683 1431 1723 quam
1471 1680 1519 1711 ut
1560 1672 1606 1711 in
1641 1678 1848 1711 nostram

228 1743 511 1784 Societatem
532 1744 577 1783 in
598 1744 905 1783 ministerium
926 1748 970 1782 et
992 1743 1261 1794 obsequium
1282 1741 1416 1792 hujus
1437 1742 1704 1792 recipiatur3
1729 1742 1849 1782 unde

230 1815 319 1855 hac
341 1827 431 1854 una
453 1815 696 1854 dumtaxat
717 1826 797 1865 spe
821 1826 869 1854 se
891 1814 951 1853 ali
972 1814 1226 1865 profitetur,
1262 1814 1383 1864 quod
1413 1813 1660 1864 aliquando
1692 1813 1848 1853 divina

231 1893 355 1926 sorte
378 1886 443 1925 rei
465 1891 658 1925 eventus
680 1885 1044 1935 correspondeat
1066 1885 1203 1924 votis.

306 1956 442 1999 Pater
464 1956 743 1995 Franciscus
765 1955 820 1995 de
841 1954 978 2005 Borja
998 1955 1159 2005 vigilia
1190 1954 1586 1994 Ressurrectionis
1608 1954 1666 1994 ad
1695 1966 1780 1994 nos
1800 1966 1848 1994 se

227 2027 433 2077 contulit,
458 2025 587 2077 cujus
615 2027 818 2066 adventu
850 2026 1040 2076 cognito
1071 2032 1114 2065 et
1143 2026 1188 2065 in
1218 2026 1387 2076 vulgus
1415 2025 1635 2065 continuo
1666 2036 1845 2076 sparso,

229 2104 553 2150 praeterquam
582 2097 703 2148 quod
731 2097 909 2136 cunctis
936 2097 1067 2136 nobis
1101 2102 1144 2136 et
1174 2097 1393 2147 paschale
1425 2096 1641 2135 solatium
1671 2102 1714 2135 et
1743 2095 1848 2135 dell·

228 2169 324 2208 cias
347 2168 529 2207 animae
551 2167 755 2207 attulerit
777 2173 820 2207 et
843 2167 899 2206 ad
922 2172 1193 2218 perpetuam
1214 2167 1501 2217 spiritualem
1523 2166 1731 2216 vigiliam
1753 2166 1846 2205 ani-

228 2251 326 2278 mos
349 2239 625 2285 incitaverit,
651 2238 856 2289 plerique
878 2237 1098 2288 religiosi,
1124 2244 1383 2288 magnates,
1404 2237 1594 2287 equiteS,
1616 2236 1846 2285 doctores,

228 2316 270 2349 et
292 2309 503 2360 magistri
525 2320 629 2348 eum
646 2309 896 2348 salutatum
919 2315 1158 2357 venerunt,
1183 2307 1227 2347 id
1244 2308 1445 2347 maxime
1463 2307 1782 2346 desiderantes
1800 2313 1848 2347 ut

230 2380 302 2419 vel
322 2379 508 2419 unicam
535 2378 593 2418 ad
624 2390 703 2418 eos
730 2379 921 2418 haberet
954 2378 1240 2418 concionem.
1274 2377 1481 2417 Tandem
1512 2377 1620 2417 dum
1653 2377 1846 2416 celeber-

228 2450 345 2488 rima
380 2448 629 2500 quaedam,
660 2448 907 2488 Dominica
935 2449 980 2487 in
1010 2448 1162 2496 Albis,
1192 2448 1519 2488 Universitatis
1555 2446 1688 2497 hujus
1719 2447 1848 2487 fieret
1877 2470 1883 2473 -

227 2520 515 2569 solemnitas,
539 2519 585 2558 in
612 2519 783 2558 celebri
812 2519 923 2558 Divi
950 2518 1214 2569 Augustini,
1246 2519 1572 2557 florentissima
1602 2524 1696 2557 tam
1725 2519 1845 2569 equi-

226 2596 323 2629 tum
343 2601 482 2640 quam
504 2589 828 2639 religiosorum
856 2596 898 2628 et
921 2589 1305 2628 scholasticorum
1337 2600 1510 2628 corona
1538 2589 1712 2639 pariter
1742 2600 1847 2628 con-

227 2666 439 2710 gregata,
463 2661 753 2710 praeclaram
784 2666 827 2698 et
856 2659 1161 2699 christianam
1190 2659 1350 2698 habuit
1377 2659 1665 2699 concionem.
1696 2659 1846 2698 Tanta

226 2731 266 2768 ei
288 2730 442 2769 divina
466 2730 510 2768 in
533 2730 727 2769 dicendo
749 2729 894 2769 adfuit
922 2729 1154 2779 facundia,
1185 2736 1228 2769 et
1250 2729 1503 2769 christiana
1535 2730 1581 2769 in
1612 2729 1846 2780 operando

225 2800 488 2849 benignitas
519 2806 565 2838 ut
601 2800 798 2849 exprimi
828 2811 921 2839 non
950 2800 1108 2851 possit.
1142 2784 1388 2840 Caeterum
1417 2799 1624 2850 quidam,
1657 2806 1701 2839 et
1736 2811 1845 2839 vere

227 2869 506 2907 christianus
528 2876 570 2908 et
587 2870 752 2908 nobilis
770 2870 1092 2919 scholasticus,
1117 2870 1193 2920 qui
1210 2882 1303 2909 non
1319 2870 1481 2920 paucis
1499 2870 1667 2909 abhinc
1685 2870 1845 2909 diebus

226 2944 411 2977 nostrae
432 2938 733 2979 familiaritati
754 2952 802 2979 se
825 2940 1153 2987 immiscuerat,
1179 2951 1355 2979 summa
1379 2940 1425 2979 vi
1447 2946 1490 2979 et
1512 2952 1596 2990 ope
1620 2940 1754 2980 nixus
1776 2945 1843 2979 est
