1987 3260
219 181 291 218 488
730 181 955 218 LITTERAE
982 191 1337 224 QUADRIMESTRES

220 291 312 318 uno
333 279 666 329 interrogante,
687 279 832 318 altero
853 277 1176 328 respondente,
1198 276 1418 328 quidquid
1435 278 1752 328 superioribus
1768 278 1846 318 do-

221 350 381 400 cuerit,
405 350 659 389 novissima
681 349 878 389 lectione
899 353 1148 400 repetatur.

300 419 372 459 Ac
392 426 441 460 ut
463 420 519 460 de
546 419 889 459 confessionum
917 418 1176 470 frequentia
1203 419 1448 470 fructuque
1478 420 1731 470 uberrimo,
1761 419 1853 460 Re*

220 490 422 530 verende
445 492 491 530 in
512 491 695 530 Christo
718 489 783 539 P„
807 490 1016 529 nonnihil
1036 490 1282 540 intelligas,
1303 501 1500 540 magnus
1523 490 1580 529 ad
1601 501 1687 529 nos
1709 489 1844 530 confi-

220 561 414 601 tentium
434 573 654 601 numerus
670 561 716 600 in
733 560 949 600 Omnium
967 560 1244 601 Sanctorum
1261 561 1565 611 solemnitate,
1585 573 1679 600 non
1694 561 1847 601 minor

221 632 267 671 in
284 631 434 671 Divae
451 632 662 681 Virginis
679 631 1005 682 Conceptione,
1026 631 1257 671 maximus
1273 632 1319 670 in
1335 631 1590 670 Nativitate
1608 631 1844 671 confluxit.

222 701 340 742 Nam
357 703 429 742 die
445 702 713 742 Nativitatis
730 702 923 742 trecenti
942 709 985 741 et
1013 713 1067 741 eo
1089 703 1244 753 plures
1270 701 1471 742 confessi
1499 702 1848 742 sanctissimum

221 773 382 813 altaris
403 772 759 813 Sacramentum
780 779 1107 823 susceperunt,
1139 785 1196 812 ex
1226 773 1391 823 quibus
1420 772 1646 823 plurimae
1677 778 1850 812 matro-

221 855 324 894 nae,
347 844 554 883 nonnulli
575 843 716 883 etiam
736 844 827 883 viri
846 843 1026 882 nobiles
1049 843 1308 883 adfuerunt.
1329 843 1529 893 Quidam
1551 843 1642 893 qui,
1662 843 1852 894 saepius

224 914 326 953 aliis
347 914 666 953 sacerdotibus
689 914 909 964 confessi,
941 926 1034 957 non
1056 914 1242 953 omnino
1265 913 1600 953 conscientiam
1629 924 1742 964 prae
1771 925 1850 964 pu-

225 985 336 1024 dore
352 991 653 1035 peccatorum
678 984 884 1024 faecibus
907 991 1245 1036 expurgarant,
1267 997 1293 1024 a
1315 985 1486 1024 nostris
1509 984 1736 1024 exhausta
1753 996 1851 1024 sen-

226 1056 323 1095 tina
354 1062 661 1095 recesserunt.
692 1056 840 1095 Fuere
869 1056 1131 1107 complures
1159 1056 1237 1107 qui
1269 1068 1295 1095 a
1327 1055 1530 1105 duobus,
1570 1055 1772 1106 quinque
1809 1061 1852 1094 et

227 1132 332 1165 octo
355 1126 509 1174 annis,
532 1126 827 1177 gravissimis
848 1132 1149 1177 peccatorum
1180 1126 1461 1177 ponderibus
1490 1137 1538 1164 se
1565 1137 1659 1164 non
1687 1137 1854 1165 exone-

223 1203 398 1236 rarant.
418 1197 616 1248 Aliquae
638 1198 869 1247 mulieres,
890 1209 1008 1248 quae
1027 1209 1130 1237 cum
1152 1197 1248 1236 suis
1269 1196 1448 1236 maritis
1467 1196 1719 1235 divortium
1736 1196 1859 1235 fece-⁷

223 1274 344 1317 rant,
367 1268 589 1307 beneficio
612 1268 915 1308 confessionis
936 1269 982 1308 in
1003 1268 1205 1318 gratiam
1227 1268 1477 1307 redierunt.

305 1337 521 1378 Nonnulli
556 1350 614 1378 ex
651 1339 956 1378 nobilioribus
991 1345 1257 1378 nostrorum
1296 1338 1485 1377 Patrum
1521 1337 1854 1378 consuetudine

228 1421 321 1448 non
359 1410 655 1450 mediocriter
691 1410 965 1460 afficiuntur,
1003 1421 1174 1461 eosque
1209 1410 1435 1459 singulari
1470 1409 1673 1460 quodam
1703 1408 1854 1448 studio

228 1486 586 1531 prosequuntur,
609 1481 772 1531 quibus
794 1487 1017 1531 quantum
1038 1481 1243 1520 tribuant
1265 1480 1561 1520 authoritatis
1582 1480 1658 1519 vel
1683 1491 1741 1519 ex
1768 1480 1855 1519 hoc

229 1562 320 1590 uno
342 1551 476 1590 facile
504 1551 609 1590 licet
642 1552 928 1602 perspicere,
959 1552 1082 1602 quod
1111 1552 1165 1591 de
1193 1551 1332 1590 rebus
1361 1551 1456 1590 suis
1485 1551 1781 1601 gravioribus
1810 1556 1854 1590 et

230 1620 419 1671 majoris
441 1622 660 1662 momenti
681 1623 859 1662 soleant
881 1623 1029 1673 ipsos,
1054 1622 1301 1673 praecipue
1325 1621 1462 1661 Rdum
1482 1621 1669 1660 Patrem
1698 1621 1855 1660 Domi-

231 1703 341 1731 num
361 1692 574 1739 Paulum,
599 1694 864 1743 consulere,
888 1693 1094 1732 consiliis
1116 1704 1302 1743 parere,
1327 1698 1369 1732 et
1392 1698 1629 1742 tamquam
1653 1691 1853 1731 oraculis

232 1763 544 1813 acquiescere.
567 1763 807 1803 Hactenus
827 1763 882 1803 de
905 1763 1289 1803 confessionibus.

310 1833 443 1873 Nunc
465 1834 520 1873 de
542 1833 788 1874 Societatis
807 1835 1147 1885 propagatione
1168 1834 1345 1885 paucis,
1369 1833 1467 1873 Rde
1503 1834 1547 1872 in
1576 1832 1761 1872 Christo
1787 1832 1863 1884 P.,⁴

232 1905 404 1955 accipe.
443 1905 480 1944 T
483 1917 681 1955 yronum
715 1912 981 1945 nostrorum
1014 1916 1253 1955 numerus,
1291 1904 1452 1955 paucis
1483 1904 1651 1943 abhinc
1679 1903 1855 1953 diebus,

232 1976 333 2015 aliis
364 1976 410 2015 in
438 1975 718 2016 Societatem
751 1977 899 2016 tribus
933 1976 1163 2027 cooptatis
1199 1974 1505 2027 amplificatus
1541 1980 1631 2023 est,
1662 1985 1856 2025 quorum

231 2058 351 2086 unus
372 2047 528 2095 nobili,
552 2059 641 2086 non
666 2048 819 2087 minus
841 2047 1063 2097 religione
1084 2058 1223 2097 quam
1244 2046 1486 2096 sanguine,
1511 2051 1647 2084 natus
1664 2044 1863 2095 familia,

233 2123 477 2168 parentum
498 2119 659 2158 virtuti
680 2130 953 2169 morumque
983 2118 1203 2169 probitati
1229 2118 1413 2156 videtur
1444 2117 1644 2166 ingenue
1671 2127 1859 2166 respon-

234 2190 356 2229 dere.
393 2190 612 2241 Reliquos
640 2191 756 2229 duos
783 2190 1013 2240 quaedam
1039 2189 1301 2240 synceritas
1329 2194 1373 2227 et
1401 2187 1675 2227 admiranda
1705 2186 1860 2237 (quam

234 2272 347 2310 prae
375 2272 423 2300 se
450 2261 639 2311 ferunt),
678 2261 877 2311 puritas,
914 2260 1065 2310 magis
1099 2271 1237 2311 quam
1274 2259 1488 2309 sanguis,
1530 2257 1796 2302 illustravit:
1836 2268 1867 2295 e·

235 2331 401 2381 quibus
422 2332 539 2370 alter
558 2332 605 2370 in
626 2332 846 2382 hospitali
867 2330 1033 2382 majori
1055 2330 1234 2370 duobus
1255 2330 1492 2369 mensibus
1513 2340 1617 2368 cum
1637 2333 1767 2367 tanta
1797 2327 1859 2366 in-

237 2402 431 2441 servivit
459 2402 759 2450 obedientiae,
791 2401 1034 2441 charitatis
1063 2407 1107 2440 et
1137 2400 1410 2440 humilitatis
1441 2398 1778 2447 testificatione,
1812 2403 1860 2437 ut

239 2484 398 2511 omnes
419 2472 465 2511 in
486 2472 557 2511 sui
578 2472 934 2512 admirationem
962 2471 1216 2521 induxerit3
1247 2472 1363 2510 alter
1391 2469 1694 2521 quotidianis,
1727 2479 1857 2519 quas,

240 2542 349 2581 dum
375 2543 443 2582 rei
470 2554 632 2582 sacrae
659 2544 733 2582 vel
764 2543 1066 2582 concionibus
1093 2543 1357 2591 interesset,
1392 2539 1674 2589 effundebat,
1712 2539 1859 2588 lacry-

245 2613 353 2663 mis,
389 2624 501 2652 suae
538 2613 798 2653 devotionis
825 2619 868 2652 et
897 2613 1083 2663 pietatis
1110 2612 1265 2652 multis
1300 2610 1423 2650 dedit
1458 2610 1692 2649 mensibus
1727 2619 1864 2659 argu—

239 2689 458 2734 mentum;
475 2684 640 2734 quibus
657 2683 703 2722 in
719 2683 966 2722 virtutibus
988 2694 1148 2722 omnes
1169 2693 1444 2721 excrescere
1465 2680 1616 2730 magis
1639 2691 1693 2719 ac
1710 2679 1862 2729 magis

241 2753 288 2792 in
309 2753 405 2793 dies
427 2754 678 2793 enituntur.
702 2753 877 2802 Plures,
901 2765 994 2792 non
1025 2754 1172 2792 solum
1195 2751 1402 2802 juniores
1431 2751 1510 2790 sed
1543 2756 1696 2789 aetate
1727 2749 1863 2788 simul

242 2830 285 2862 et
306 2824 563 2863 eruditione
584 2824 923 2874 provectiores,
950 2823 1150 2862 assiduis
1175 2822 1349 2862 instant
1377 2821 1590 2872 precibus
1620 2826 1671 2859 ut
1703 2819 1863 2858 admit·

244 2899 414 2943 tantur,
440 2894 558 2933 inter
585 2905 700 2944 quos
728 2893 915 2944 quidam
942 2893 1246 2944 paedagogus
1274 2893 1446 2943 gallus,
1476 2891 1590 2930 satis
1626 2891 1671 2930 in
1698 2889 1868 2929 litteris-

243 2964 592 3003 humanioribus
613 2964 916 3013 exercitatus,
941 2964 1017 3014 qui
1038 2963 1268 3013 Lutetiae,
1292 2968 1452 3001 nostro
1475 2962 1615 3001 etiam
1635 2967 1864 3010 tempore,
