1987 3260
891 203 973 240 Ax.
1006 201 1096 239 1552
1735 201 1805 239 485

257 300 543 351 lugolstadii,
568 300 788 351 postridie
811 298 1193 340 Circumcisionis
1214 297 1402 345 Christi,
1427 308 1548 336 anno
1575 297 1801 337 Nativita-

178 373 237 412 tis
258 370 463 422 ejusdem
487 370 600 410 1552.

259 442 401 482 Filius
422 448 465 481 et
487 452 651 482 servus
672 441 869 486 infimus,

1185 582 1366 621 PETRUS
1398 580 1433 621 C
1438 593 1627 620 Alems.

882 1007 1104 1060 CXVII

238 1235 432 1281 joannes
452 1234 673 1281 Rogerius

286 1300 405 1336 Patri
425 1299 593 1346 Ignatio
614 1299 667 1335 de
687 1298 870 1345 Loyola.

331 1364 570 1407 Panormo,
592 1364 615 1400 2
632 1364 843 1410 januarii,
865 1363 955 1399 1552
977 1363 999 1397 ³.

926 1536 1024 1611 nfis

248 1714 411 1755 Gratia
435 1721 478 1755 et
500 1728 592 1767 pax
615 1715 802 1755 Domini
822 1714 983 1755 Nostri
1004 1715 1114 1768 Jesu
1145 1715 1317 1755 Christi
1344 1716 1402 1754 sit
1424 1727 1606 1766 semper
1627 1715 1675 1755 in
1695 1727 1792 1755 cor-

167 1786 302 1826 dibus
321 1787 508 1826 nostris.
532 1786 699 1827 Amen.

243 1856 417 1897 Sancta
456 1857 569 1897 mihi
608 1858 836 1910 praecipit
872 1859 1154 1908 obedientia,
1187 1857 1287 1898 Rde
1322 1858 1367 1898 in
1403 1858 1590 1898 Christo
1627 1858 1704 1909 P.,
1741 1864 1792 1897 ut

163 1939 324 1968 eorum
341 1939 458 1979 quae
475 1929 686 1979 proxime
704 1929 901 1969 decurso
919 1929 1251 1980 quadrimestri
1266 1929 1394 1969 Deus
1412 1929 1625 1980 Optimus
1646 1928 1792 1968 Maxi-

162 2010 263 2039 mus
284 2010 366 2050 per
385 1998 548 2039 Patres
569 2005 614 2039 et
634 1999 824 2047 fratres,
849 2000 926 2052 qui
953 2001 1028 2040 hic
1049 2006 1177 2050 sunt,
1208 2000 1252 2040 in
1281 2000 1466 2040 Christo
1489 2000 1792 2039 charissimos

161 2068 380 2121 dignatus
401 2075 470 2109 est
501 2070 707 2121 operari,
739 2071 969 2110 rationem
998 2070 1261 2121 redderem,
1286 2070 1455 2122 quippe
1486 2070 1563 2120 qui
1592 2071 1791 2110 virtutes

162 2140 360 2179 aliorum
381 2146 617 2191 spectator
637 2141 787 2180 solum
813 2153 1071 2192 parumque
1101 2141 1146 2181 in
1177 2141 1315 2180 rebus
1343 2141 1514 2191 agendi
1535 2146 1791 2192 occupatus

161 2211 249 2251 hoc
271 2211 425 2251 subire
447 2211 653 2251 muneris
674 2211 856 2251 facilius
880 2223 1067 2263 possem
1089 2223 1230 2263 quam
1251 2212 1438 2252 caeteri.

241 2281 301 2322 Ut
324 2294 350 2321 a
371 2283 543 2322 nostris
570 2282 710 2333 igitur
740 2283 904 2323 studiis
934 2283 1232 2334 incipiamus,
1266 2282 1313 2322 18
1343 2283 1564 2323 calendas
1590 2282 1789 2322 Novem-

162 2352 278 2402 bris,
316 2351 646 2404 discipulorum
688 2353 927 2404 profectus
967 2359 1011 2393 et
1050 2354 1356 2405 promotionis
1394 2354 1551 2393 habita
1591 2354 1787 2403 ratione,

161 2429 429 2463 nostrorum
455 2424 715 2463 studiorum
743 2436 951 2474 cursum,
985 2424 1095 2464 Divi
1124 2424 1280 2464 Lucae
1308 2424 1520 2464 felicibus
1551 2424 1787 2475 auspiciis,

161 2494 509 2544 renovavimus3
528 2506 618 2546 quo
637 2495 708 2534 die
726 2494 782 2535 D.
802 2494 968 2535 Petrus
985 2495 1040 2535 de
1058 2494 1373 2535 Rivadeneira
1390 2507 1550 2535 coram
1566 2495 1678 2534 ΗΜΘ
1696 2495 1784 2534 Do-

160 2563 284 2604 mino
319 2563 614 2616 Inquisitore,
646 2565 888 2605 Praefecto
931 2566 1155 2615 civitatis,
1188 2565 1409 2606 Praetore
1430 2565 1464 2614 ²,
1497 2566 1789 2617 caeterisque

212 2721 222 2742 ¹
262 2722 510 2757 Autographae
528 2724 665 2757 Rogerii
680 2725 818 2752 litterae
843 2730 919 2752 sunt
946 2726 976 2752 in
1002 2725 1079 2751 solio
1105 2726 1240 2759 dupiici,
1264 2734 1316 2752 nn.
1341 2726 1421 2753 olim
1441 2726 1494 2753 352
1518 2729 1550 2753 et
1573 2726 1635 2757 353,
1653 2733 1738 2753 nunc
1754 2726 1789 2752 98

158 2773 190 2794 et
205 2768 448 2797 99.—Cernitur
462 2771 495 2797 in
510 2771 561 2798 his
576 2771 714 2798 Polanci
729 2779 848 2799 manus
863 2773 978 2806 aliqua
992 2773 1069 2799 iicet
1085 2773 1261 2799 levissima
1273 2773 1678 2800 emendans.—Habemus
1690 2780 1788 2807 prae-

158 2821 252 2843 terea
274 2818 484 2851 exemplaria
504 2819 704 2852 apographa
729 2819 807 2846 bina
830 2821 966 2846 saeculo
983 2827 1040 2846 xvx
1056 2820 1220 2852 consecta;
1245 2820 1399 2854 primum,
1423 2821 1509 2854 quod
1532 2821 1564 2847 in
1587 2820 1788 2855 Hispaniam

156 2863 247 2890 misit
262 2863 438 2896 Polaticus,
454 2865 486 2892 in
502 2865 662 2892 Historia
677 2867 793 2897 varia,
808 2868 875 2893 vol.
891 2874 912 2894 1.
931 2867 985 2894 fol,
1000 2868 1062 2901 ἰὲῑνῖς
1084 2868 1231 2894 alterum
1246 2868 1278 2894 in
1294 2867 1373 2894 Cod.
1391 2869 1467 2901 1551,
1486 2868 1540 2895 sol.
1557 2868 1602 2895 39.

210 2910 224 2929 2
261 2910 376 2938 Verbo
392 2911 576 2947 Praefecto
599 2914 759 2940 civitatis
780 2914 950 2947 designari
973 2915 1024 2941 hic
1051 2922 1069 2941 a
1094 2914 1240 2948 Rogerio
1265 2916 1400 2942 videtur
1425 2916 1451 2942 is
1477 2916 1542 2950 qui,
1566 2916 1790 2943 Gubernator

157 2955 268 2984 dietus
283 2962 315 2985 et
331 2966 350 2985 a
367 2958 526 2993 Pro-rege
541 2961 738 2994 plerumque
753 2961 974 2994 constitutus,
991 2962 1162 2995 Pro-regis
1184 2962 1274 2988 vices
1300 2962 1331 2989 in
1355 2963 1497 2990 civitate
1519 2965 1672 2997 gerebat.
1692 2964 1786 2992 Voce

156 3011 240 3031 vcro
255 3005 436 3037 Praetore,
451 3007 581 3034 consilii
598 3007 750 3034 civitatis
766 3012 867 3042 caput
883 3016 941 3035 seu
956 3016 1104 3042 praese&
1121 3016 1140 3035 a
1156 3008 1280 3036 civium
1297 3010 1500 3044 primoribus
1515 3011 1653 3038 electus.
