1987 3260
235 185 310 222 262
752 182 974 219 LITTERAE
1000 192 1356 224 QUADRIMESTRES

234 292 394 331 quum,
431 286 636 331 tempore
670 278 995 327 nundinarum,
1033 288 1087 316 eo
1123 289 1376 317 concursus
1410 277 1489 318 fiat
1520 289 1543 317 e
1577 283 1645 317 tot
1674 283 1863 329 tamque

236 351 505 402 longinquis
524 348 807 400 regionibus.
831 347 1079 388 Pollicetur
1105 359 1154 387 se
1181 347 1395 388 daturum
1418 348 1625 398 domum,
1658 355 1860 388 caetera-

239 434 328 473 que
349 422 502 462 omnia
517 420 575 460 ad
596 420 772 459 victum
792 418 1058 458 necessaria
1078 418 1492 470 suppeditaturum,
1515 419 1638 469 quod
1659 424 1703 458 et
1723 430 1862 469 quon-

241 493 347 533 dam
388 492 548 532 obtulit
583 490 711 530 Patri
745 489 922 536 Fabro,
961 489 1033 529 cui
1069 488 1246 528 solebat
1283 488 1506 529 confiteri.
1542 489 1761 540 Largitus
1796 495 1865 529 est

234 563 373 603 nobis
393 563 464 602 his
486 562 646 601 diebus
667 566 843 600 certam
863 558 1088 611 pecuni'ae
1115 570 1344 599 summam
1373 559 1432 599 ad
1459 559 1678 600 emendos
1705 560 1861 609 libros,

237 634 396 685 aitque
425 645 474 672 se
504 632 622 671 velle
650 631 909 682 sumptibus
940 631 1035 670 suis
1066 631 1189 670 alere
1221 629 1484 670 scholarem
1510 629 1757 671 Societatis
1783 642 1866 671 no-

239 711 364 744 strae
395 704 441 743 in
468 702 786 743 Universitate
814 701 1178 741 salmanticensi.
1208 700 1336 740 Haec
1358 706 1478 751 sunt,
1502 712 1619 751 quae
1640 701 1866 742 hactenus

234 774 561 826 >cognovimus,
595 773 651 813 de
682 773 738 812 iis
766 783 884 823 quae
919 778 1053 822 gesta
1086 777 1194 811 sunt
1229 772 1276 812 in
1306 771 1474 822 oppido
1507 772 1864 823 methymnensi.

236 846 430 885 Praeter
450 844 566 884 haec
588 850 743 883 tamen
764 843 939 891 omnia,
971 843 1267 882 scribendum
1297 849 1441 883 restat
1469 843 1584 883 duos
1613 854 1713 882 esse
1740 841 1867 893 juve—

236 928 320 955 nes
350 920 649 964 mercatoreS,
673 915 925 953 multarum
952 913 1316 964 possessionum,
1341 920 1532 964 paratos
1554 913 1707 953 omnia
1733 914 1868 953 relin-

234 998 378 1037 quere
401 992 590 1037 propter
619 984 856 1025 Christum
883 990 926 1024 et
952 983 1136 1034 ingredi
1164 983 1435 1034 religionem
1465 990 1687 1024 nostram.
1717 983 1764 1024 Si
1792 983 1867 1024 ad·

237 1058 495 1107 mittantur,
521 1056 801 1096 arbitramur
822 1067 902 1095 eos
923 1056 1011 1095 huc
1033 1061 1256 1095 Venturos
1278 1061 1382 1106 post
1403 1055 1648 1106 nundinas,
1673 1062 1721 1095 ut
1743 1055 1867 1095 domi

235 1134 427 1168 nostrae
449 1127 610 1167 diebus
631 1127 804 1177 aliquot
825 1126 871 1165 in
894 1126 1209 1177 spiritualibus
1230 1132 1551 1166 exerceantur.
1575 1126 1681 1166 Duo
1710 1126 1868 1166 itidem

238 1198 507 1239 sacerdotes
529 1196 928 1248 methymnenses,
953 1208 1058 1236 cum
1078 1196 1279 1248 primum
1300 1208 1354 1236 eo
1376 1196 1666 1237 advenerunt
1687 1196 1865 1247 Patres,

237 1275 361 1309 totos
381 1280 430 1308 se
452 1267 676 1308 Societati
698 1267 987 1316 dedicarunt;
1011 1274 1055 1306 et
1076 1267 1183 1307 licet
1213 1279 1293 1307 eos
1323 1267 1384 1307 ibi
1411 1267 1616 1307 detinere
1644 1279 1866 1308 conaren-

238 1345 314 1380 tur
329 1340 476 1379 donec
493 1338 825 1379 Salmanticam
850 1338 1069 1388 redirent,
1095 1338 1213 1378 alter
1236 1343 1406 1387 tamen,
1425 1350 1584 1378 morae
1605 1339 1865 1390 impatiens,

237 1411 362 1451 illico
392 1411 451 1450 ad
480 1421 566 1449 nos
599 1409 740 1450 venit.
779 1409 833 1448 Ei
866 1420 988 1448 nunc
1024 1408 1271 1448 traduntur
1304 1409 1550 1449 exercitia:
1583 1408 1766 1460 juvenis
1799 1414 1868 1448 est

237 1488 377 1522 natus
399 1492 547 1521 annos
568 1480 752 1520 circiter
773 1480 838 1529 27,
859 1480 1007 1519 bonae
1029 1486 1077 1519 ut
1098 1485 1292 1530 apparet
1310 1479 1476 1519 indolis
1497 1491 1504 1519 :
1529 1480 1615 1519 etsi
1636 1490 1868 1530 gramma-

237 1553 381 1592 ticam
398 1552 641 1591 dumtaxat
659 1550 885 1600 didicerit,
906 1550 987 1590 sed
1004 1549 1222 1600 studiose,
1244 1549 1365 1601 quod
1387 1562 1490 1590 eam
1510 1556 1671 1601 postea
1693 1551 1865 1590 docuit.

238 1623 364 1663 Nihil
384 1622 509 1662 aliud
530 1622 576 1661 in
596 1621 863 1673 praesentia
884 1620 1180 1660 scribendum
1202 1621 1405 1660 occurrit
1427 1632 1565 1671 quam
1587 1621 1709 1671 quod
1740 1632 1869 1660 exer-

238 1693 350 1733 citia
373 1692 657 1743 quotidiana,
679 1697 727 1731 ut
746 1698 856 1742 puta
879 1691 1210 1741 confessiones,
1231 1690 1581 1730 communiones
1603 1696 1647 1730 et
1669 1701 1868 1730 commu-

235 1764 497 1803 nicationes
519 1767 796 1813 caeteraque
817 1761 1100 1813 hujusmodi,
1126 1762 1170 1800 in
1193 1761 1310 1809 dies,
1334 1767 1527 1801 auctore
1548 1761 1663 1810 Deo,
1688 1772 1869 1812 promo-

240 1840 408 1874 ventur
441 1834 487 1873 in
518 1833 694 1873 melius.
728 1832 895 1872 Paucis
929 1832 1090 1872 diebus
1120 1838 1226 1871 ante
1254 1831 1467 1871 Natalem
1494 1830 1685 1871 Domini
1712 1837 1869 1871 tantus

238 1905 324 1944 fuit
346 1915 602 1945 concursus
623 1903 682 1943 ad
703 1903 1039 1952 confessiones,
1064 1908 1112 1942 ut
1144 1914 1237 1942 non
1264 1902 1466 1952 potuerit
1494 1902 1706 1942 omnibus
1738 1902 1869 1941 satis-

238 1976 360 2026 fieri,
390 1975 511 2015 unde
542 1980 586 2014 et
612 1974 798 2026 plurimi
825 1973 981 2013 tristes
1009 1985 1063 2012 ac
1100 1973 1295 2013 desolati
1332 1973 1422 2013 alio
1457 1973 1523 2012 ire
1560 1973 1713 2012 coacti
1747 1978 1867 2012 sunt.

240 2047 290 2085 P.
310 2046 488 2086 Doctor
505 2046 578 2085 die
595 2044 875 2085 Sanctorum
892 2044 1212 2084 Innocentium
1228 2043 1463 2096 profectus
1486 2049 1555 2083 est
1572 2043 1631 2083 ad
1652 2043 1871 2094 oppidum

242 2118 364 2168 quod
386 2117 554 2157 dicitur
576 2116 800 2167 Oropesa,
821 2116 866 2155 id
888 2115 1197 2155 contendente
1215 2115 1392 2155 Comite
1414 2114 1470 2154 de
1488 2113 1698 2165 Oropesa
1720 2120 1764 2154 et
1781 2113 1871 2154 Do-

241 2189 367 2228 mino
402 2187 608 2227 Antonio
644 2187 700 2226 de
735 2186 977 2236 Corduba,
1014 2186 1091 2237 qui
1122 2185 1219 2237 jam
1253 2191 1322 2225 est
1357 2197 1463 2225 cum
1496 2185 1688 2225 Comite.
1727 2183 1873 2224 Offert

243 2259 411 2298 Comes
432 2259 620 2298 domurn
641 2257 876 2297 Societati:
900 2257 946 2296 in
968 2257 1146 2296 duobus
1168 2256 1271 2296 aliis
1290 2256 1406 2295 locis
1428 2256 1549 2295 idem
1570 2255 1774 2295 offertur.
1797 2255 1866 2294 In-

237 2330 392 2380 junxit
413 2329 461 2368 P.
486 2328 663 2368 Doctor
694 2334 742 2367 ut
770 2327 905 2378 hujus
932 2328 998 2367 rei
1028 2326 1077 2366 P.
1110 2327 1161 2366 T.
1192 2327 1438 2367 certiorem
1465 2326 1744 2375 faceremus,
1782 2336 1872 2376 quo

245 2410 587 2450 cognoscamus
608 2399 718 2450 quid
738 2398 787 2437 P.
812 2399 862 2438 T.
888 2399 976 2438 hac
997 2398 1043 2437 in
1063 2410 1113 2437 re
1134 2398 1233 2437 fieri
1258 2397 1531 2448 praecipiat.
1563 2396 1610 2436 Si
1637 2396 1773 2435 isthic
1802 2407 1871 2435 su-

245 2475 485 2521 peressent
521 2470 597 2520 qui
633 2470 722 2509 huc
753 2469 1067 2519 mitterentur,
1100 2469 1288 2509 minime
1323 2468 1457 2508 otiosi
1484 2467 1636 2507 forent
1663 2467 1710 2506 in
1735 2466 1873 2505 vinea

246 2540 457 2591 Domini,
480 2551 617 2591 quem
638 2552 805 2591 precor
826 2546 875 2579 ut
895 2539 1076 2579 mittere
1098 2539 1313 2589 dignetur
1335 2538 1575 2590 operarios
1603 2538 1649 2576 in
1676 2548 1875 2576 messem

247 2623 396 2651 suam.
419 2610 585 2651 Amen.

328 2680 657 2731 Salmanticae,
680 2681 815 2721 nonis
833 2681 1043 2734 Januarii
1065 2681 1180 2721 anni?
1201 2680 1313 2720 1551.

328 2751 546 2791 Minimus
566 2751 686 2791 filius
706 2752 753 2791 P.
779 2758 885 2791 tuae

1061 2821 1407 2862 MAXIMILIANUS
1439 2835 1467 2860 Α
1499 2820 1735 2861 CAPELLA.

331 2892 696 2943 Superscrt'ptz'o.
729 2892 958 2944 Perquam
978 2891 1078 2932 R.d0
1110 2893 1156 2932 in
1178 2892 1363 2932 Christo
1380 2891 1520 2941 Patri,
1542 2891 1589 2930 P.
1613 2889 1795 2941 Ignatio
1819 2888 1874 2927 de

250 2963 443 3013 Loyola,
468 2963 738 3014 Praeposito
759 2962 977 3002 Generali
999 2962 1246 3003 Societatis
1265 2962 1388 3015 Jesu.
1414 2962 1603 3001 Romae.
