1987 3260
940 230 1023 267 AN.
1054 230 1145 267 1547
1805 232 1852 268 55

225 339 306 368 cra
344 327 554 367 risanato
594 338 677 378 per
714 327 759 366 la
796 326 1117 367 misericordia
1151 326 1225 367 del
1258 325 1429 367 Nostro
1464 325 1684 378 Signore3
1721 339 1851 368 come

225 397 378 450 quella
397 396 460 437 mi
480 397 731 448 comando,
755 397 801 437 di
826 409 982 437 nuovo
1009 396 1228 437 raffermo
1256 408 1384 437 esser
1411 408 1548 448 sano;
1572 409 1648 437 ma
1677 403 1850 448 quanto

225 469 299 508 all’
330 468 522 509 interior
552 468 723 508 huomo
749 480 843 509 non
869 479 921 508 so
948 469 984 508 s'
1016 472 1040 508 ὸ
1076 468 1282 508 curabile
1312 479 1451 508 senza
1483 466 1513 507 il
1543 468 1773 518 consiglio
1808 474 1851 508 et

224 540 461 591 presentia
490 539 537 579 di
566 538 659 580 Sua
689 538 992 590 Reverentia,
1031 539 1138 590 qual
1173 550 1311 590 spero
1341 538 1555 589 asseguir
1584 550 1668 590 per
1695 549 1851 578 mezzo

223 610 268 651 di
289 611 465 651 Vostra
487 609 784 660 Reverentia,
808 611 917 661 qual
940 615 1078 661 puote
1107 610 1178 650 cio
1206 609 1292 650 che
1317 609 1455 650 vuole
1484 620 1572 650 con
1593 607 1686 649 Sua
1707 608 1850 649 Reve-

224 682 388 722 rentia.

302 752 406 793 Non
437 752 611 793 accade
639 752 710 792 ch’
742 752 786 792 io
815 751 970 792 scriva
996 752 1077 803 piu
1107 752 1138 791 il
1163 751 1314 792 frutto
1335 751 1420 792 che
1449 751 1488 791 si
1514 750 1581 802 fa,
1617 749 1696 802 gia
1725 755 1852 790 tante

223 825 348 864 volte
376 823 558 874 scritto,
588 824 706 863 nelle
735 823 909 874 anime,
945 824 1020 863 nel
1053 822 1294 875 frequente
1327 821 1544 874 predicar
1575 821 1660 862 che
1693 821 1758 866 mi
1789 821 1850 861 bi-

224 906 372 945 sogna
404 894 518 946 fare,
546 895 717 946 perche
747 906 862 934 sono
890 894 1112 934 richiesto
1133 894 1192 934 da
1226 894 1305 945 piu
1325 893 1371 933 di
1400 893 1528 933 venti
1554 898 1698 942 terre3
1728 892 1850 932 vado

224 977 298 1005 mo
320 966 367 1005 in
387 971 550 1017 questa
571 977 646 1005 mo
666 966 714 1005 in
734 965 905 1016 quella;
929 971 974 1004 et
1001 964 1221 1004 similiter
1248 965 1321 1004 del
1349 963 1589 1015 frequente
1610 963 1851 1003 confessar

221 1043 265 1076 et
286 1036 605 1077 communicar
627 1037 738 1087 ogni
758 1036 1002 1076 domenica
1031 1042 1075 1076 et
1105 1037 1267 1087 legger
1290 1034 1475 1087 publice
1501 1035 1546 1075 la
1572 1046 1752 1075 somma
1773 1047 1848 1074 an-

218 1108 369 1158 gelica
395 1106 403 1125 ¹
426 1119 453 1147 a
474 1107 708 1147 sacerdoti
729 1112 773 1147 et
793 1107 914 1146 laici.
938 1107 973 1146 Il
995 1106 1188 1147 Vicario
1204 1106 1400 1147 vecchio
1423 1117 1505 1146 ora
1527 1105 1589 1146 mi
1605 1105 1666 1146 ha
1687 1106 1849 1146 scritto

220 1178 305 1217 che
326 1177 370 1217 io
391 1177 557 1218 debbia
578 1177 726 1217 andar
747 1189 775 1217 a
794 1177 1012 1229 predicar
1043 1178 1165 1217 nella
1196 1189 1280 1217 sua
1310 1182 1436 1217 terra
1463 1182 1508 1217 et
1535 1177 1607 1217 ch’
1639 1177 1683 1217 io
1712 1183 1848 1229 porto

218 1259 352 1288 meco
372 1248 415 1287 16
437 1248 759 1288 constitutioni
781 1248 865 1288 che
887 1247 980 1288 Sua
1002 1247 1219 1299 Signoria
1241 1248 1303 1287 mi
1324 1247 1488 1288 ordino
1509 1248 1581 1287 ch’
1604 1247 1648 1287 io
1669 1247 1850 1288 facesse

219 1325 263 1358 et
285 1319 341 1358 de
363 1330 608 1359 commune
631 1330 859 1359 consenso
881 1319 927 1359 di
948 1320 1055 1359 tutti
1074 1319 1107 1359 li
1127 1318 1378 1369 sacerdoti,
1396 1330 1480 1370 per
1495 1318 1778 1370 riformarsi‚
1802 1319 1847 1358 io

217 1390 312 1429 l'ho
334 1388 469 1440 fatte,
493 1401 569 1429 ma
590 1401 705 1429 sono
726 1390 862 1430 facile
882 1402 964 1441 per
986 1391 1031 1429 la
1050 1391 1202 1442 prima
1223 1390 1368 1430 volta.

297 1460 433 1501 Circa
454 1460 485 1500 il
504 1460 723 1512 disponer
745 1460 861 1500 delle
882 1466 1040 1501 nostre
1070 1460 1296 1500 facultadi
1321 1460 1586 1512 temporali,
1614 1472 1711 1500 non
1731 1472 1847 1500 sono

219 1532 445 1583 inspirato
473 1535 531 1571 ne
561 1531 639 1571 alli
665 1531 773 1571 miei
801 1535 858 1571 ne
885 1532 962 1571 alli
982 1531 1108 1582 altri,
1133 1543 1280 1571 senon
1302 1532 1387 1571 che
1408 1532 1566 1571 vorrei
1587 1531 1617 1571 il
1643 1543 1783 1582 parer
1803 1537 1847 1571 et

218 1601 605 1643 comandamento
627 1602 673 1641 di
692 1601 786 1642 Sua
808 1602 1110 1653 Reverentia,
1134 1608 1435 1654 quantunque
1451 1602 1621 1642 habbia
1637 1601 1753 1643 fatto
1773 1602 1846 1642 far

219 1673 419 1713 orationi
441 1685 468 1713 a
488 1672 628 1713 Padri
649 1673 696 1713 di
716 1672 810 1713 San
836 1672 1104 1713 Francesco
1135 1673 1401 1713 ossei-vanti
1421 1679 1466 1713 et
1486 1673 1517 1712 li
1536 1673 1706 1713 habbia
1727 1673 1846 1714 ordi·

217 1750 328 1784 nata
357 1744 402 1784 la
431 1744 711 1784 eleemosina
742 1755 882 1795 sopra
914 1744 1007 1793 cio,
1038 1743 1169 1783 accio
1198 1744 1229 1783 il
1256 1742 1454 1794 Signore
1482 1744 1646 1795 inspiri
1675 1744 1841 1795 quello,

218 1814 303 1854 che
332 1813 433 1866 [sia]
461 1827 489 1855 a
518 1826 602 1854 sua
630 1815 845 1865 maggior
875 1815 1046 1865 gloria3
1078 1826 1166 1866 pur
1195 1826 1289 1854 non
1318 1820 1450 1854 sento
1481 1815 1633 1871 quie-te
1659 1815 1734 1854 nel
1764 1826 1844 1855 cor

216 1885 307 1925 mio
331 1885 431 1925 sino
448 1885 533 1925 che
550 1898 642 1925 non
659 1891 791 1925 sento
809 1886 839 1925 il
858 1886 1088 1936 consiglio
1104 1885 1178 1925 del
1193 1884 1364 1927 Nostro
1382 1886 1532 1926 Padre
1550 1885 1842 1937 Reverendo,

215 1956 420 1996 Maestro
440 1956 637 2006 Ignatio.
660 1956 715 1996 Li
735 1957 843 1996 miei
864 1968 978 1996 sono
1005 1957 1266 2007 bisognosi‚
1291 1968 1367 1996 ma
1393 1957 1472 2008 piu
1500 1957 1547 1997 di
1578 1956 1841 2008 devotione,

213 2027 385 2078 perche
406 2027 468 2066 mi
500 2033 795 2078 promettono
824 2027 869 2067 di
897 2028 1263 2067 communicarsi
1290 2028 1401 2077 ogni
1434 2028 1679 2068 domenica
1701 2033 1745 2068 et
1764 2029 1843 2080 poi

215 2103 382 2138 stanno
403 2097 607 2149 quindici
628 2098 673 2137 di
695 2104 738 2137 et
759 2110 851 2137 uno
873 2109 998 2137 mese
1026 2098 1085 2137 da
1111 2109 1204 2137 una
1233 2099 1361 2137 volta
1388 2104 1433 2137 et
1458 2098 1486 2137 l'
1521 2099 1653 2138 altra.
1678 2098 1726 2138 Io
1746 2110 1842 2139 non

214 2169 277 2208 mi
298 2168 537 2208 satisfacio
559 2175 746 2220 troppo,
769 2169 955 2220 quando
983 2180 1214 2209 mancano
1236 2170 1327 2208 alla
1358 2180 1443 2208 sua
1470 2180 1712 2220 promessa
1733 2175 1777 2209 et
1798 2170 1843 2209 al

214 2239 304 2279 ben
332 2251 432 2279 suo.
462 2239 538 2279 Ma
574 2251 622 2279 se
656 2240 695 2279 si
730 2240 963 2279 volessino
992 2239 1174 2290 obligar
1196 2240 1307 2290 ogni
1333 2245 1431 2279 otto
1461 2240 1506 2279 di
1533 2251 1560 2279 a
1589 2241 1841 2280 communi-

215 2310 354 2360 carsi‚
372 2310 580 2361 parendo
596 2311 712 2350 bene
730 2322 757 2350 a
773 2309 866 2351 Sua
883 2309 1179 2361 Reverentia,
1198 2322 1291 2350 non
1305 2322 1378 2350 me
1393 2322 1451 2350 ne
1470 2310 1590 2350 faria
1607 2312 1839 2363 scropolo,

215 2380 385 2431 perche
408 2392 661 2431 comprono
683 2382 817 2432 quasi
838 2382 948 2432 ogni
969 2392 1091 2420 anno
1119 2393 1239 2432 pane
1269 2387 1313 2420 et
1337 2381 1463 2421 vino.
1492 2380 1668 2421 Vostra
1696 2381 1843 2422 Reve-

214 2451 364 2491 rentia
391 2451 454 2491 mi
480 2451 694 2491 comandi
725 2453 830 2503 quel
864 2452 948 2492 che
974 2452 1108 2503 piace
1141 2464 1168 2491 a
1201 2451 1294 2492 Sua
1316 2451 1597 2492 Reverentia
1631 2459 1676 2492 et
1709 2458 1841 2493 tanto

213 2520 339 2572 faro;
371 2534 398 2561 a
426 2522 501 2561 cui
523 2533 611 2561 con
632 2522 692 2561 lei
713 2528 757 2562 et
776 2528 894 2562 tutta
924 2523 967 2562 la
1001 2534 1112 2562 casa
1142 2522 1204 2562 mi
1230 2522 1545 2562 raccomando
1572 2534 1663 2562 con
1689 2524 1731 2563 16
1757 2536 1840 2564 sue

217 2592 432 2632 orationi.

289 2662 342 2703 In
364 2663 630 2714 Margrat0‚
656 2664 685 2703 il
708 2664 753 2703 di
775 2663 895 2704 della
916 2665 1125 2705 Nativita
1146 2665 1267 2704 della
1289 2664 1548 2714 Madonna‚
1578 2664 1691 2704 1547.

291 2734 342 2774 In
363 2733 485 2785 Xpo.
512 2734 717 2785 indegno
740 2746 901 2783 servo,

1109 2878 1365 2919 SILVESTRO
1395 2879 1622 2918 LANDINO.

271 3033 279 3052 ¹
323 3033 470 3060 Summa
487 3034 660 3068 angelica,
676 3035 714 3061 de
731 3035 865 3062 casibus
876 3036 1115 3070 conscientiae
1133 3042 1272 3064 auctore
1290 3037 1419 3070 Angelo
1431 3037 1471 3063 de
1484 3036 1655 3069 Clavasio,
1671 3034 1707 3062 Ο,
1723 3035 1802 3065 Min.
