1987 3260
858 201 895 237 A
903 212 937 238 N.
970 201 1055 237 1551
1706 203 1776 239 367

147 300 270 340 nullo
292 298 428 338 modo
450 304 557 338 sunt
580 298 810 338 audiendi.
836 297 954 338 Nam
975 297 1077 349 quis
1098 303 1168 337 est
1193 297 1346 345 (modo
1369 297 1564 337 rationis
1585 309 1769 349 capax),

144 371 222 421 qui
243 369 379 420 hujus
399 369 547 408 nostri
566 368 726 408 fratris
748 369 1061 409 obedientiam
1086 368 1544 419 simplicitatemque,
1570 369 1774 409 ethnico-

147 452 246 480 rum
287 440 494 479 omnium
532 440 697 489 gestis,
739 452 857 491 quae
895 440 1024 479 stulti
1062 445 1306 491 tantopere
1341 445 1643 490 venerantur,
1681 451 1775 479 non

145 510 422 561 anteponat?
453 521 535 549 seu
563 511 665 560 quis
692 510 898 550 omnium
914 510 1104 560 ducum,
1128 509 1411 561 principum,
1444 509 1775 560 imperatorum

149 581 489 629 fortitudinem,
509 579 644 631 hujus
673 581 966 620 constantiae
988 580 1253 631 adaequare
1284 591 1426 620 ausus
1447 579 1612 620 fuerit?
1634 580 1710 632 qui
1731 581 1773 620 in

149 652 307 691 ultimo
330 662 480 701 agone
502 663 550 691 se
569 651 631 690 ita
653 651 850 691 viriliter
869 651 1036 702 gessit,
1061 656 1282 702 tantoque
1310 651 1466 690 animo
1488 657 1651 690 contra
1672 650 1775 691 dae-

150 733 309 762 mones
343 722 591 773 pugnavit,
625 728 673 762 ut
709 722 914 762 omnium
946 723 1301 773 imperatorum,
1339 728 1435 761 tam
1477 733 1777 762 romanorum

149 805 287 844 quam
318 804 622 843 graecorum,
651 793 970 833 fortitudinem
1006 804 1111 833 eum
1145 804 1393 844 superasse
1428 792 1660 833 affirmare
1686 805 1775 833 non

150 864 474 903 dubitaverim.
500 863 669 903 Multas
690 864 828 914 enim,
847 870 891 904 et
912 864 1014 903 illas
1036 863 1221 915 quidem
1241 874 1429 914 graves,
1454 875 1559 903 cum
1582 864 1640 903 ad
1662 875 1778 903 mor-

150 942 243 974 tem
263 935 495 985 tenderet,
519 946 686 985 passus
708 941 777 975 est
798 935 1101 985 tentationes,
1132 934 1214 974 sed
1241 946 1421 985 omnes,
1445 934 1546 974 Deo
1574 934 1777 979 favente,

151 1006 405 1057 superavit:
431 1012 821 1057 oppugnaverunt
843 1006 994 1057 ipsum
1015 1005 1288 1056 daemones,
1311 1006 1540 1057 gravique
1562 1005 1778 1045 conflictu

152 1077 307 1116 anima
331 1075 429 1127 ejus
450 1077 589 1127 potiri
622 1077 777 1116 conati
798 1083 925 1127 sunt3
956 1077 1037 1117 sed
1064 1076 1246 1116 fortiter
1276 1082 1637 1128 constanterque
1664 1076 1778 1116 obsi-

156 1148 341 1197 stendo,
366 1147 613 1187 victoriam
642 1148 916 1198 reportavit:
940 1149 1220 1199 vigilarunt,
1245 1147 1326 1187 sed
1348 1153 1579 1187 armatum
1599 1147 1780 1198 refuge-

152 1224 270 1257 runt:
292 1218 564 1257 territarunt
585 1218 891 1269 timoremque
914 1219 1122 1259 incutere
1139 1231 1233 1259 non
1255 1219 1545 1270 destiterunt3
1569 1219 1651 1259 sed
1672 1219 1779 1270 quid

156 1288 217 1327 illi
257 1288 450 1327 terroris
485 1287 653 1327 afferre
688 1295 925 1339 poterant,
967 1290 1045 1341 qui
1081 1290 1234 1330 crucis
1270 1290 1441 1330 vexillo
1475 1296 1624 1330 tectus
1663 1295 1777 1334 erat,

153 1359 303 1409 ibique
324 1364 562 1409 tamquam
579 1359 625 1398 in
642 1360 773 1410 asylo
792 1360 1081 1410 quiescebat?
1097 1360 1359 1412 Utcumque
1375 1367 1532 1401 tamen
1549 1361 1779 1400 conaban>

152 1436 240 1469 tur.
265 1428 384 1469 Nam
405 1441 510 1469 cum
530 1430 719 1479 saepius
740 1429 787 1469 in
809 1430 1076 1470 infirmitate
1104 1437 1310 1471 tentatus
1337 1431 1498 1482 fuerit,
1527 1438 1624 1471 tum
1652 1443 1779 1482 prae-

151 1501 311 1540 sertim
334 1500 472 1540 biduo
494 1507 746 1552 antequam
766 1512 825 1541 ex
845 1502 935 1542 hae
957 1503 1056 1542 vita
1076 1503 1124 1542 in
1154 1504 1336 1543 coelum
1367 1503 1432 1553 (ut
1460 1503 1619 1543 divina
1648 1503 1781 1543 mise—

151 1571 353 1611 ricordia
382 1571 545 1611 confisi
580 1575 838 1623 speramus>
868 1573 1166 1624 emigrasset,
1197 1574 1253 1614 de
1286 1574 1358 1614 his
1387 1586 1506 1625 quae
1536 1574 1643 1614 fidei
1676 1582 1781 1614 sunt

150 1649 356 1682 tentatus
377 1649 461 1682 est.
484 1643 586 1694 Ipse
607 1655 721 1683 vero
745 1644 810 1693 (ut
831 1644 993 1684 solitus
1015 1645 1131 1695 erat)
1154 1645 1436 1685 tentationes
1462 1645 1516 1685 R.
1540 1645 1590 1685 P.
1614 1645 1781 1686 Corne<

154 1714 216 1753 lio
245 1714 441 1765 aperuit.
473 1712 612 1753 Pater
640 1720 795 1754 autem
832 1714 1077 1756 Cornelius
1106 1715 1242 1767 jussit
1268 1722 1317 1756 ut
1344 1728 1450 1756 cum
1479 1716 1782 1756 daemonibus

151 1784 264 1823 nihil
285 1784 564 1835 disputaret,
588 1785 670 1825 sed
691 1785 750 1825 ad
771 1798 820 1826 se
842 1798 1002 1826 omnes
1024 1787 1242 1827 mitteret.
1266 1787 1421 1839 Atque
1442 1788 1525 1837 ita,
1557 1794 1782 1839 quotquot

152 1866 253 1895 sese
284 1856 350 1895 illi
382 1855 638 1896 offerebant
672 1856 944 1907 daemoneS,
975 1857 1035 1897 ad
1061 1857 1249 1898 Patrem
1276 1859 1555 1899 remittebat.
1588 1859 1711 1910 Quin
1740 1866 1782 1899 et

153 1927 264 1965 illud
284 1938 377 1966 non
399 1927 865 1976 praetermittendum
886 1940 1075 1979 censeo,
1109 1929 1247 1980 quod,
1279 1929 1459 1970 duabus
1486 1930 1630 1970 ferme
1656 1930 1784 1970 horis

153 2004 403 2048 antequam
430 1997 644 2048 spiritum
678 1998 966 2049 exhalasset,
1003 2000 1285 2050 gravissime
1309 2012 1336 2040 a
1357 2000 1540 2040 diabolo
1562 2006 1781 2050 tentatus,

152 2079 257 2107 cum
285 2069 367 2108 vix
401 2068 525 2119 loqui
558 2075 736 2119 posset,
767 2071 970 2110 extensis
998 2071 1057 2110 ad
1079 2083 1266 2111 crucem
1292 2072 1519 2122 manibus,
1544 2072 1781 2112 clamavit:

153 2139 349 2190 decipiet
370 2150 457 2187 me,
482 2139 680 2190 decipiet
700 2152 787 2180 me.
808 2140 927 2181 Tum
947 2141 1001 2181 R.
1021 2141 1070 2181 P.
1091 2141 1350 2183 Cornelius:
1372 2142 1610 2194 praecipio
1632 2142 1780 2191 vobis,

153 2211 418 2260 daemones,
438 2222 495 2250 ne
517 2211 642 2261 quod
658 2210 879 2252 damnum
896 2212 1003 2252 huic
1020 2213 1204 2253 animae
1220 2212 1449 2254 inferatis:
1469 2214 1593 2265 quod
1609 2214 1649 2253 si
1665 2213 1783 2253 forte

154 2281 326 2332 aliquid
346 2281 503 2331 vultiS,
527 2281 573 2321 id
595 2294 621 2321 a
643 2293 714 2322 me
739 2283 980 2334 requirite:
1004 2284 1159 2324 omnia
1182 2284 1305 2324 enim
1326 2283 1423 2335 ejus
1443 2284 1611 2324 delicta
1632 2285 1679 2324 in
1710 2296 1783 2325 me

153 2351 344 2402 recipio.
364 2351 460 2391 Vix
480 2352 598 2391 haec
614 2352 678 2392 ita
700 2352 903 2404 dixerat,
928 2366 1033 2394 cum
1054 2355 1206 2406 ipsum
1226 2355 1275 2395 P.
1306 2354 1572 2395 Cornelium
1600 2355 1783 2396 daemo-

153 2434 255 2473 nes,
279 2423 442 2462 relicto
471 2428 686 2473 aegroto,
725 2425 859 2475 quasi
890 2431 1141 2477 praecepto
1169 2426 1438 2467 obedientes
1472 2427 1784 2467 circumstete—

154 2500 284 2544 runt,
320 2494 383 2533 ita
405 2500 454 2533 ut
481 2500 525 2533 et
552 2500 779 2534 terrorem
810 2501 854 2535 et
883 2496 1131 2537 horrorem
1156 2497 1390 2537 afferrent.
1422 2497 1479 2537 Et
1509 2497 1573 2537 illi
1600 2497 1785 2548 quidem

155 2563 383 2615 conjurati
405 2564 632 2604 abierunt.
657 2565 895 2616 Aegrotus
916 2572 1070 2608 autem
1099 2579 1204 2608 cum
1225 2574 1372 2608 totam
1400 2574 1584 2608 noctem
1611 2568 1785 2608 Christi

154 2635 420 2685 passionem
448 2637 768 2687 contemplans
805 2639 868 2685 (ut
903 2638 1157 2689 credimus,
1195 2639 1302 2690 quia
1337 2639 1400 2678 ita
1436 2650 1462 2678 a
1489 2638 1539 2678 P.
1569 2639 1784 2679 Cornelio

156 2706 361 2745 monitus
376 2706 559 2756 fuerat),
580 2707 626 2746 in
643 2708 814 2758 agonia
832 2709 1178 2760 pertransisset,
1191 2721 1342 2760 mane,
1362 2710 1479 2749 hora
1497 2709 1680 2749 decima
1696 2709 1786 2749 diei

157 2776 354 2826 veneris,
368 2777 617 2827 expiravit.
633 2777 786 2829 Atque
800 2779 874 2819 die
889 2779 1178 2820 Inventionis
1195 2779 1398 2820 Sanctae
1416 2779 1580 2820 Crucis
1597 2780 1785 2820 domum

159 2847 410 2897 ingressus,
435 2847 573 2887 simul
595 2860 701 2888 cum
722 2861 860 2889 cruce
883 2852 948 2897 (ut
964 2850 1063 2902 ipse
1079 2851 1287 2891 futurum
1303 2850 1636 2903 praedixerat),
1656 2850 1783 2902 spiri-

156 2924 252 2956 tum
279 2916 378 2957 Deo
414 2918 626 2958 reddidit.
658 2918 963 2961 Praedixerat
985 2921 1122 2972 enim,
1156 2933 1247 2961 uno
1279 2928 1358 2961 aut
1390 2922 1536 2961 altero
1558 2921 1632 2961 die
1661 2929 1784 2962 ante-

157 2999 294 3036 quam
311 2995 585 3035 moreretur,
609 2989 682 3029 die
703 2991 890 3030 veneris
912 2991 1019 3031 hinc
1040 3004 1090 3032 se
1111 2992 1437 3042 migraturum,
1456 2998 1520 3042 ut,
1541 2993 1660 3032 sicut
1681 3005 1785 3032 cum
