1987 3260
845 177 928 214 Ax.
962 177 1050 215 1550
1695 183 1767 219 ⁴219

138 276 225 319 tas,
246 269 361 309 adeo
379 269 595 322 frequens
612 278 680 312 est
699 272 937 313 hominum
958 280 1231 324 conventUS,
1257 279 1304 314 ut
1325 286 1469 326 prope
1491 287 1674 328 semper
1695 290 1760 318 re-

136 340 315 390 pleatur
338 342 560 391 templum
582 348 625 381 et
647 343 776 382 multi
799 343 980 395 ingredi
1000 355 1094 384 non
1110 345 1320 384 valentes
1338 345 1576 386 discedere
1594 360 1763 396 cogan-

136 416 222 450 tur.
242 409 489 451 Praeterea
508 412 660 462 coepit
678 419 784 453 ante
802 413 920 454 duos
936 425 1134 464 menses,
1154 415 1355 466 quolibet
1373 415 1445 455 die
1461 416 1592 469 Jovis
1610 430 1761 467 mane,

135 487 178 520 et
199 480 358 520 diebus
379 481 508 521 festis
536 494 562 522 a
590 483 801 535 prandio,
826 485 872 524 in
893 485 1056 525 eodem
1082 486 1250 536 templo
1279 492 1438 526 nostro
1466 489 1636 538 exponi
1666 489 1764 529 vita

132 550 243 602 Jesu
263 551 387 603 Xpi.,
407 564 465 592 ex
487 560 686 603 quatuor
704 554 975 606 Evangeliis
995 556 1283 607 deprompta,
1310 556 1355 596 in
1377 568 1553 598 morem
1574 559 1762 600 medita-

133 621 285 662 tionis.
319 623 459 673 Apud
481 624 644 664 aedem
665 637 777 665 vero
800 625 1116 666 cathedralem
1136 626 1381 667 dominicis
1407 634 1513 679 post
1539 641 1764 681 vesperas

131 700 410 734 enarrantur
432 694 623 746 Psalmi;
648 696 768 737 unde
791 697 1052 737 aedificatio
1074 703 1118 737 et
1138 697 1318 738 fructus
1338 699 1565 749 plurimus
1586 701 1763 753 percipi

130 764 342 805 refertur.
372 764 526 805 Antea
557 768 809 817 praelectio
836 767 975 808 fiebat
1009 779 1068 808 ex
1102 768 1225 809 Divo
1261 768 1406 809 Paulo
1441 775 1485 809 et
1519 770 1761 812 doctrinae

130 835 326 888 Xpanae
347 838 591 888 expositio.
615 837 750 878 Alius
771 838 912 878 etiam
938 838 1116 879 fructus
1139 840 1390 891 colligitur;
1420 841 1541 892 quod
1564 840 1762 892 juvenes

129 908 274 954 multi,
299 907 357 947 ad
381 908 500 948 hanc
522 915 732 948 nostram
753 908 1033 949 Societatem
1053 910 1205 950 minus
1223 911 1416 951 idoneos
1433 923 1535 952 sese
1549 912 1759 963 judican-

129 984 211 1025 tes,
237 978 339 1018 aliis
368 979 670 1028 religionibus
701 990 749 1019 se
776 979 1010 1029 addicant,
1036 986 1194 1031 utpote
1217 980 1626 1033 Capputiatorum,
1651 983 1761 1024 Divi

129 1049 379 1098 Benedicti,
400 1050 648 1100 Dominici,
672 1056 777 1100 eto,
802 1061 908 1090 cum
924 1062 1095 1102 magna
1112 1052 1269 1103 populi
1287 1053 1622 1094 aedificatione.
1650 1055 1760 1095 Ani·

130 1131 233 1160 mae
268 1121 455 1171 insuper
491 1121 858 1172 quamplurimae
889 1120 1114 1172 juvantur
1148 1134 1207 1162 ex
1245 1130 1406 1164 nostra
1447 1126 1512 1173 (ut
1547 1125 1761 1176 dicimus)

126 1191 384 1241 piscatione
406 1192 463 1230 ab
487 1191 829 1231 ambulantibus
845 1193 1019 1232 nostris
1039 1204 1121 1243 per
1137 1194 1379 1235 civitatem
1396 1202 1439 1235 et
1457 1196 1759 1237 occasionem

126 1261 350 1301 salutiferi
385 1262 547 1302 auxilii
576 1262 952 1313 disquirentibus.
983 1263 1228 1304 Proficitur
1257 1277 1438 1316 quoque
1465 1278 1559 1306 non
1593 1279 1761 1318 parum

125 1333 172 1372 in
191 1333 487 1373 monasteriis
508 1333 740 1373 nonnullis
763 1334 1045 1385 monialium,
1073 1335 1238 1386 quibus
1260 1336 1486 1377 instanter
1509 1338 1758 1379 obsecran-

125 1403 261 1454 tibus,
284 1404 533 1444 conciones
556 1404 739 1456 aliquae
761 1403 1067 1455 destinantur,
1090 1406 1198 1446 licet
1227 1407 1474 1458 pauciores
1496 1421 1635 1460 quam
1666 1411 1758 1449 vel-

125 1475 284 1522 lemus,
303 1481 496 1526 propter
513 1475 774 1524 continuas,
791 1486 896 1515 cum
913 1476 1110 1515 aliarum
1128 1488 1283 1516 rerum
1296 1483 1392 1517 tum
1409 1479 1756 1520 confessionum

124 1545 169 1584 in
190 1551 350 1585 nostro
368 1546 541 1596 templo
564 1544 922 1595 audiendarum,
947 1547 1292 1597 occupationes.

201 1615 252 1655 In
273 1616 445 1656 scholis
467 1616 588 1656 idem
610 1617 739 1666 ordo,
764 1616 820 1656 de
842 1628 932 1668 quo
954 1617 1228 1669 scripsimus
1249 1631 1406 1660 mense
1428 1619 1560 1671 maji,
1596 1621 1751 1661 obser-

124 1692 262 1726 vatus
283 1694 365 1727 est.
390 1686 512 1727 Cura
534 1693 578 1727 et
599 1687 838 1738 diligentia
864 1688 1063 1739 plurima
1090 1696 1358 1740 praestatur
1388 1692 1435 1731 in
1463 1691 1755 1732 auditoribus

123 1757 449 1808 provehendis,
470 1758 547 1809 qui
569 1758 763 1809 singulis
780 1759 1016 1799 mensibus
1033 1760 1244 1800 confiteri
1265 1768 1480 1812 pergunt,
1500 1768 1544 1802 et
1566 1775 1754 1803 moven-

124 1834 199 1868 tur
218 1840 314 1868 non
334 1829 473 1879 pauci
494 1835 543 1868 ut
571 1830 808 1870 saeculum
834 1830 1121 1882 relinquant3
1155 1843 1210 1871 ac
1238 1832 1327 1871 nisi
1355 1833 1440 1872 sub
1468 1833 1557 1873 hoc
1584 1835 1756 1885 princi-

124 1899 249 1950 pium
271 1899 437 1939 domus
458 1900 764 1951 probationis,
790 1901 934 1941 satius
954 1901 1054 1941 fore
1074 1902 1227 1942 visum
1248 1910 1370 1943 esset
1392 1915 1568 1955 paucos
1592 1905 1756 1945 admit-

123 1976 234 2017 tere,
254 1970 351 2022 jam
374 1971 613 2021 ingressus
636 1977 757 2011 esset
780 1972 1054 2012 immodicus
1076 1984 1312 2013 numerus.

201 2041 329 2081 Intra
349 2042 596 2092 collegium
613 2054 671 2082 ex
687 2042 775 2082 Dei
795 2043 950 2093 gratia
968 2043 1279 2083 obedientiam
1299 2055 1491 2090 servare
1514 2045 1753 2086 studemus

122 2112 382 2163 diligenter,
407 2124 512 2152 cum
534 2113 736 2164 quadam
757 2112 1018 2153 intellectus
1038 2114 1216 2165 proprii
1238 2115 1465 2155 caecitate
1487 2122 1530 2155 et
1553 2116 1752 2167 abnega-

121 2183 244 2223 tione
263 2190 430 2223 exacta
448 2184 718 2233 voluntatis,
738 2190 788 2224 ut
806 2185 853 2224 in
867 2196 984 2235 puro
1001 2185 1167 2236 spiritu
1184 2184 1431 2226 Societatis
1450 2187 1754 2236 ambulemus;

121 2260 165 2293 et
184 2265 346 2305 nuper,
371 2253 563 2305 majoris
584 2254 820 2306 profectus
840 2267 999 2305 causa,
1024 2256 1287 2296 cubiculum
1308 2268 1451 2297 unum
1472 2257 1529 2297 ab
1560 2258 1663 2298 aliis
1685 2269 1752 2298 re-

122 2331 297 2364 motum
319 2325 687 2375 assignavimus,
711 2325 788 2366 ubi
808 2326 993 2377 flagella
1013 2332 1057 2367 et
1079 2327 1229 2367 cilicia
1251 2334 1555 2379 reponuntur,
1589 2329 1755 2380 quibus

119 2396 435 2447 unusquisque
458 2396 532 2445 (ex
553 2395 816 2447 Superioris
837 2403 994 2437 tamen
1014 2398 1260 2449 permissui
1279 2431 1286 2448 ,
1320 2399 1358 2438 si
1380 2399 1669 2440 conducibile
1689 2400 1753 2440 vi-

120 2465 298 2516 deatur,
321 2467 469 2518 possit
491 2467 783 2517 aliquantum
805 2479 994 2508 carnem
1021 2479 1155 2508 suam
1186 2470 1366 2510 occulte
1394 2469 1600 2521 affligere
1633 2477 1677 2511 et
1707 2471 1754 2511 in

120 2537 392 2577 servitutem
409 2537 597 2588 spiritus
616 2537 845 2589 redigere;
865 2538 1177 2579 conficiendos
1195 2540 1335 2580 etiam
1351 2541 1621 2581 curavimus
1637 2541 1754 2582 duos

121 2613 199 2646 aut
219 2614 313 2647 tres
335 2620 500 2648 saccos
521 2619 579 2647 ex
600 2619 769 2658 grossa
791 2609 989 2660 canabe,
1014 2616 1063 2649 ut
1083 2622 1202 2650 unus
1233 2610 1436 2662 quotidie
1467 2612 1534 2651 sic
1566 2611 1753 2652 indutus

120 2688 200 2728 per
220 2678 348 2718 vices
375 2679 533 2718 abluat
561 2678 743 2718 culinae
774 2691 912 2729 vasa,
949 2691 1063 2721 coco
1091 2680 1352 2721 inserviens
1381 2682 1496 2721 hora
1525 2694 1618 2722 una
1646 2689 1752 2734 post

119 2748 273 2788 cibum
304 2755 557 2789 transacta.
595 2749 904 2790 Decrevimus
938 2751 1126 2803 insuper
1161 2752 1322 2791 diebus
1356 2753 1613 2803 universis,
1647 2760 1751 2805 post

120 2820 330 2870 corporis
347 2819 666 2868 refectionem,
687 2820 900 2861 conferre
920 2821 1040 2861 inter
1062 2833 1148 2861 nos
1169 2823 1415 2862 materiam
1438 2824 1642 2874 aliquam
1663 2824 1750 2875 spi-

119 2888 330 2929 ritualem
350 2891 656 2941 propositam,
677 2890 732 2930 de
750 2902 840 2942 qua
860 2893 1176 2944 unusquisque
1193 2892 1348 2933 dicere
1366 2894 1531 2934 debeat
1555 2906 1613 2934 ex
1634 2901 1748 2934 tem—

118 2970 230 3009 pore
251 2960 360 3011 quid
382 2961 574 3011 sentiat,
600 2961 644 3000 id
666 2961 789 3012 quod
811 2962 943 3003 brevi
964 2974 1208 3014 speramus
1231 2965 1276 3004 in
1293 2966 1478 3016 praxim
1501 2965 1745 3005 deducere.
