1987 3260
297 234 366 270 420
806 234 1033 270 Ll'sTERAE
1060 246 1417 277 QUADRIMESTREs

295 329 568 369 confitentes
595 329 738 369 auditi
764 330 949 369 fuerunt
971 330 1134 380 paucis
1154 329 1255 369 istis
1283 330 1457 381 diebus,
1488 331 1545 371 ad
1567 333 1689 372 mille
1710 333 1813 384 plus
1832 333 1911 372 mi-

294 413 381 440 nus
398 401 610 441 accessit.
630 401 700 440 Ex
717 400 882 451 quibus
899 401 1044 451 multi,
1064 401 1160 440 suis
1177 400 1367 451 flagitiis
1382 403 1591 443 tenacius
1604 403 1912 444 adhaerentes

294 483 433 522 quam
462 472 623 511 salutis
645 470 764 510 ratio
784 471 1061 521 postularet,
1084 471 1238 522 plures
1261 483 1408 511 annos
1429 483 1456 511 a
1477 473 1782 513 saluberrimo
1805 486 1910 514 con-

297 543 509 582 fessionis
536 547 830 582 sacramento
850 541 897 581 in
919 553 1074 581 seram
1094 542 1344 582 commissa
1365 542 1548 593 piacula
1569 550 1765 584 mortem
1788 545 1910 585 diffe-

292 619 461 661 rentes,
482 613 838 662 abhorruerant,
857 623 1052 663 eamque
1069 624 1185 652 cane
1201 611 1333 663 pejus
1353 618 1398 652 et
1415 624 1569 664 angue
1586 614 1795 667 oderant,
1815 628 1909 656 cre-

292 685 388 724 bris
416 683 808 724 admonitionibus
836 683 999 733 illecti,
1038 683 1312 734 resipiscere
1342 690 1594 734 coeperunt
1627 690 1671 724 et
1696 685 1840 726 Vitam
1865 687 1911 726 in

291 755 454 795 melius
476 760 835 794 commutarunt.

370 826 609 877 Quaedam
625 825 861 875 meretrix,
881 826 1049 865 multos
1068 837 1216 865 annos
1233 837 1378 866 coeno
1395 827 1697 878 spurcissimo
1710 827 1911 868 libidinis

292 898 522 945 involuta,
551 896 739 936 tandem
766 897 989 936 beneficio
1016 896 1322 936 confessionis
1350 898 1556 945 emersit,
1582 909 1727 949 eoque
1747 910 1822 938 res
1843 911 1909 938 re-

288 969 370 1008 diit
397 974 468 1017 ut,
501 979 616 1019 quas
638 968 905 1018 amplexata
927 967 1093 1017 fuerat,
1115 968 1270 1007 carnis
1296 969 1575 1019 voluptates,
1606 975 1651 1008 et
1671 974 1831 1020 turpes
1852 981 1910 1009 ex

290 1039 613 1091 prostitutione
645 1039 855 1090 corporis
885 1044 1104 1089 quaestus
1132 1038 1440 1078 detestaretur
1476 1045 1520 1079 et
1547 1039 1908 1089 abominaretur,

288 1111 492 1161 nihilque
514 1109 638 1149 aliud
660 1109 706 1148 in
727 1109 851 1149 votis
872 1109 1065 1149 haberet
1094 1121 1234 1160 quam
1261 1110 1307 1149 in
1328 1110 1552 1160 religione
1573 1121 1622 1149 se
1643 1115 1789 1150 totam
1810 1110 1910 1150 Deo

287 1192 579 1221 consecrare.

366 1252 439 1292 Ad
460 1251 590 1301 haec,
613 1251 739 1290 circa
756 1251 877 1290 diem
897 1250 1064 1290 festum
1086 1251 1433 1302 Assumptionis
1448 1251 1682 1302 gloriosae
1698 1251 1911 1302 Virginis

286 1323 476 1372 Mariae,
500 1322 828 1373 quamplurimi
845 1321 976 1361 nobis
994 1327 1101 1361 sunt
1118 1322 1319 1361 confessi
1340 1328 1384 1361 et
1405 1322 1634 1373 spirituali
1655 1322 1772 1372 cib0,
1797 1334 1910 1362 Vero

285 1394 361 1433 illo
396 1393 669 1443 angelorum
703 1403 843 1442 pane,
882 1391 1003 1441 pasti
1037 1397 1155 1438 sunt;
1195 1404 1252 1432 ex
1288 1392 1452 1443 quibus
1479 1392 1686 1432 nonnulli
1716 1392 1911 1443 singulis

284 1464 540 1515 quibusque
564 1462 813 1508 mensibus,
837 1474 930 1501 non
951 1462 1088 1513 pauci
1110 1468 1278 1502 octavo
1300 1473 1480 1513 quoque
1502 1462 1589 1512 die,
1615 1468 1712 1502 tum
1734 1463 1907 1502 confes-

284 1535 447 1584 sioniS,
471 1540 569 1573 tum
596 1533 771 1582 altaris,
803 1545 895 1572 non
922 1533 1020 1572 sine
1050 1534 1192 1572 multo
1223 1533 1409 1572 fervore
1437 1539 1481 1573 et
1502 1533 1690 1584 spiritus
1712 1534 1907 1573 oblecta-

283 1607 430 1656 tione,
461 1610 758 1645 sacramenta
792 1603 1109 1654 frequentant,
1141 1615 1337 1654 quorum
1365 1604 1594 1644 mentibus
1625 1604 1909 1644 inculcatum

286 1682 368 1726 cst,
406 1676 503 1715 sine
531 1675 763 1726 frequenti
789 1675 954 1714 horum
983 1675 1281 1726 perceptione
1308 1687 1401 1714 non
1428 1675 1564 1714 modo
1590 1675 1637 1714 in
1657 1675 1907 1714 virtutibus

287 1754 330 1787 et
352 1747 448 1787 vita
477 1745 705 1797 spirituali
734 1756 1011 1796 progressus
1038 1756 1236 1795 magnos
1262 1757 1355 1785 non
1382 1744 1501 1795 fieri,
1526 1745 1607 1785 sed
1626 1757 1712 1785 nec
1734 1756 1760 1784 a
1781 1746 1907 1785 vitiis

285 1824 328 1857 et
350 1818 556 1868 peccatis
581 1824 659 1856 aut
676 1823 816 1865 certe,
842 1822 920 1855 aut
941 1816 1022 1855 vix
1039 1816 1261 1855 abstineri
1281 1827 1435 1867 posse.

360 1889 553 1939 Insuper
576 1900 602 1927 a
623 1887 869 1938 plerisque,
890 1893 985 1926 tam
1006 1886 1197 1938 plebejis
1218 1893 1261 1926 et
1283 1887 1507 1927 tenuioris
1529 1887 1808 1927 conditionis
1829 1887 1905 1926 ho-

282 1960 493 2007 minibus,
513 1970 652 2009 quam
668 1958 969 1997 nobilioribus
986 1964 1030 1997 et
1048 1958 1384 2009 potentioribus
1401 1958 1617 2008 civitatis,
1639 1957 1697 1998 ad
1719 1958 1903 1997 audien-

283 2031 365 2070 das
386 2029 673 2069 infirmorum
700 2029 1017 2068 confessiones
1043 2029 1229 2079 saepius
1251 2029 1548 2080 accersimur,
1573 2035 1616 2069 et
1637 2028 1684 2068 in
1704 2028 1906 2079 gratiam

282 2100 587 2151 quorumdam
621 2106 808 2139 nostrae
843 2098 1089 2139 Societatis
1119 2099 1391 2150 amicorum,
1424 2100 1603 2150 quibus,
1634 2100 1681 2139 in
1708 2100 1903 2139 honesta

280 2171 555 2222 praesertim
576 2170 812 2221 petitione,
838 2182 929 2209 non
952 2170 1250 2221 acquiescere
1278 2181 1371 2209 non
1397 2170 1652 2221 potuimus,
1678 2169 1905 2221 quaedam

282 2242 615 2281 monacharum
637 2240 859 2280 coenobia
888 2240 1152 2290 invisimUS,
1181 2240 1335 2291 ibique
1365 2241 1693 2280 nonnullarum
1730 2240 1904 2280 confes-

283 2313 437 2351 siones
459 2312 582 2363 (quia
603 2318 891 2360 cunctarum,
911 2322 993 2361 per
1013 2311 1169 2350 varias
1188 2311 1516 2362 occupationes
1538 2311 1702 2362 quibus
1725 2316 1900 2350 aestua-

281 2394 396 2432 mus,
421 2394 512 2422 non
534 2382 718 2431 licebat)
743 2382 1021 2421 audivimus

360 2452 483 2492 Inter
504 2459 691 2492 caetera
710 2452 847 2502 bona,
872 2464 990 2503 quae
1006 2452 1205 2503 plurima
1227 2452 1376 2492 Deum
1394 2451 1628 2503 Optimum
1649 2451 1903 2491 Maximum

282 2535 340 2562 ex
355 2522 725 2562 confessionibus
742 2522 955 2561 elicuisse
972 2523 1110 2572 plane
1128 2523 1449 2573 cognovimus,
1469 2523 1557 2562 hoc
1573 2521 1756 2561 videtur
1772 2533 1902 2572 prae-

283 2594 488 2644 cipuum,
520 2593 643 2644 quod
668 2593 814 2642 multi,
847 2593 923 2643 qui
944 2593 1063 2632 inter
1093 2605 1142 2632 se
1168 2593 1463 2643 gravissimis
1489 2593 1606 2632 odiis
1627 2592 1903 2632 dissidentes

280 2669 636 2713 consenuerant,
661 2663 903 2702 diuturnas
926 2669 970 2702 et
988 2663 1277 2714 perniciosas
1306 2663 1563 2703 simultates
1592 2662 1898 2710 nutriverant,

281 2734 393 2773 inita
416 2745 546 2784 pace,
572 2734 618 2773 in
640 2733 844 2784 gratiam
866 2733 1117 2783 redierunt,
1141 2740 1184 2773 et
1205 2746 1262 2773 ex
1283 2732 1485 2773 Satanae
1505 2733 1623 2782 filiis,
1646 2733 1733 2772 Dei
1750 2732 1901 2772 Patris

281 2805 441 2854 optimi
468 2804 547 2843 filii
577 2804 772 2844 feliciori
806 2804 1105 2855 adoptatione
1141 2803 1254 2844 facti
1287 2809 1415 2853 sunt3
1447 2809 1491 2843 et
1512 2804 1617 2842 licet
1638 2803 1902 2854 hujusmodi

279 2875 437 2924 multa,
462 2886 580 2925 quae
601 2875 765 2914 crebro
787 2874 1057 2924 contingere
1075 2875 1235 2924 solent,
1256 2875 1303 2914 in
1319 2874 1520 2914 medium
1541 2874 1779 2924 sigillatim
1799 2885 1900 2924 pro-

281 2944 399 2983 ferre
419 2956 674 2995 possemus,
699 2951 854 2984 tamen
871 2944 958 2984 hoc
987 2956 1127 2984 unum
1158 2944 1376 2994 sufficiat,
1406 2944 1528 2995 quod
1549 2944 1654 2992 tibi,
1678 2944 1899 2984 colendis—

280 3015 393 3053 >ime
416 3014 567 3061 Pater,
588 3015 809 3066 aperiam.
