1987 3260
835 174 918 211 AN.
950 175 1035 212 1551
1455 190 1461 196 ·
1679 178 1750 216 299

122 270 276 322 genia,
299 270 404 309 huic
424 269 712 321 persuadens
737 271 1018 322 religionum
1044 283 1288 312 numerum
1316 274 1598 323 superfluum
1626 286 1743 324 esse,

124 341 259 381 alteri
280 341 400 380 hanc
422 339 701 381 Societatem
720 341 872 392 magis
893 342 953 382 ad
979 342 1321 383 convertendas
1351 349 1569 383 externas
1600 345 1745 384 natio-

124 424 207 452 nes
245 411 503 451 institutam
536 422 663 461 esse,
698 412 887 463 reliquis
921 425 1034 453 vero
1068 424 1163 453 non
1196 413 1317 453 hanc
1353 418 1547 464 tantum,
1584 426 1748 454 verum

127 494 287 523 omnes
317 482 430 521 alios
457 481 644 521 ordines
671 482 726 521 de
757 482 910 522 medio
941 484 1181 531 tollendos;
1213 483 1277 524 ita
1307 490 1370 532 ut,
1403 496 1510 524 cum
1540 485 1748 536 pluribus

128 564 249 593 nunc
272 553 405 592 nobis
427 558 494 592 est
515 552 864 603 digladiandum
885 566 1024 605 quam
1045 555 1188 606 prius,
1211 554 1520 606 ferendusque
1536 567 1630 595 non
1646 567 1745 606 par-

126 636 212 664 vus
252 624 570 665 molestiarum
613 622 883 676 fasciculus,
922 632 1172 677 antequam
1207 631 1355 666 totum
1389 626 1477 666 hoc
1511 626 1750 677 negotium

126 695 264 735 finem
304 707 438 737 suum
477 699 690 750 accipiat.
733 699 986 751 Speramus
1024 704 1180 738 tamen
1218 697 1316 737 fore
1351 702 1400 737 ut
1434 697 1627 737 consilio
1663 697 1751 737 Dei

130 767 460 818 omnipotentis
498 769 663 809 iterum
698 770 996 810 conculcetur
1030 769 1199 808 sathan
1229 768 1313 808 sub
1340 767 1533 819 pedibus
1560 767 1748 817 nostris3

131 838 351 888 quoniam
372 839 410 878 si
430 840 619 890 proprio
640 840 758 880 Filio
779 851 863 880 suo
879 851 973 879 non
993 839 1215 890 pepercit,
1239 838 1321 878 sed
1341 849 1426 890 pro
1454 838 1587 878 nobis
1609 839 1750 878 omni-

128 908 214 947 bus
234 908 424 949 tradidit
446 910 585 960 illum,
611 911 840 961 quomodo
861 922 954 950 non
974 922 1080 950 cum
1102 910 1178 950 illo
1199 909 1332 959 nobis
1359 909 1514 949 omnia
1543 909 1753 949 donabit?

131 977 258 1018 Haec
280 991 391 1019 sane
413 980 545 1019 nobis
567 981 721 1020 omnia
744 981 931 1020 evenire
953 980 1184 1020 credimus
1213 980 1273 1020 ad
1297 979 1619 1031 probationem
1648 979 1755 1019 fidei

126 1055 314 1089 nostrae
338 1056 382 1089 et
403 1051 675 1101 patientiae,
700 1062 839 1103 quam
862 1052 996 1091 nobis
1018 1062 1099 1102 per
1120 1051 1355 1091 orationes
1377 1056 1561 1090 vestras
1587 1050 1754 1090 donari

124 1120 350 1170 cupimus.

210 1191 270 1231 Ut
292 1192 351 1232 ad
369 1193 671 1243 particularia
692 1192 987 1242 descendam,
1006 1193 1226 1245 juvenem
1247 1193 1360 1233 satis
1389 1194 1564 1243 levem,
1598 1203 1655 1231 ne
1687 1191 1751 1231 di-

129 1273 233 1301 cam
253 1267 491 1302 maternae
510 1263 696 1314 pietatis
717 1264 923 1314 oblitum,
948 1264 1005 1304 ab
1023 1264 1237 1314 ingressu
1258 1264 1499 1315 religionis
1516 1262 1748 1314 prohibui-

127 1343 243 1382 mus;
267 1344 371 1372 cum
392 1333 513 1373 enim
533 1339 731 1374 matrem
751 1335 1119 1385 pauperrimam,
1144 1347 1171 1374 a
1193 1334 1431 1375 sexdecim
1453 1334 1586 1374 annis
1614 1334 1753 1384 gravi

127 1403 290 1442 morbo
311 1403 664 1444 decumbentem
685 1404 731 1444 in
751 1405 886 1455 lecto,
910 1405 956 1444 in
977 1405 1223 1456 pristinam
1239 1405 1555 1445 valetudinem
1570 1416 1664 1444 non
1684 1415 1755 1443 re-

129 1473 331 1513 dituram
353 1474 762 1525 animadverteret,
786 1487 872 1515 nec
893 1487 995 1515 esse
1016 1475 1197 1515 videret
1218 1476 1294 1515 cui
1308 1481 1376 1515 tot
1397 1475 1581 1515 labores
1597 1480 1754 1514 essent

128 1543 309 1584 ferendi
334 1545 423 1584 nisi
451 1545 538 1585 sibi
559 1546 664 1594 soli,
689 1546 844 1586 animo
874 1546 1051 1586 fractus
1080 1552 1125 1586 et
1154 1546 1348 1586 alendae
1376 1546 1540 1586 matris
1568 1545 1754 1585 difficul-

131 1621 226 1655 tate
247 1617 536 1666 perterritus,
561 1617 837 1657 coenobium
857 1616 1038 1667 ingredi
1059 1618 1276 1669 parabat3
1310 1629 1402 1669 qua
1432 1617 1487 1657 de
1515 1628 1565 1656 re
1599 1616 1755 1656 admo-

129 1686 227 1736 niti,
251 1686 493 1727 docuimus
512 1687 640 1727 illum
661 1688 889 1728 naturalis
905 1687 1021 1739 J'uris
1041 1688 1333 1740 praescripta
1354 1688 1514 1738 magni
1535 1698 1637 1727 esse
1661 1698 1756 1726 mo-

120 1757 283 1804 -menti;
307 1757 471 1798 deinde
492 1770 585 1798 non
607 1759 694 1798 hac
716 1760 896 1799 ratione
918 1759 1255 1811 capessendam
1280 1771 1383 1799 esse
1403 1758 1643 1809 religionis
1666 1757 1758 1797 sor-

131 1829 318 1878 mulam,
342 1835 391 1868 ut
412 1829 587 1869 scilicet
604 1829 757 1869 alendi
773 1831 984 1881 corporis
1003 1831 1151 1870 nostri
1172 1831 1247 1871 vel
1264 1830 1462 1870 aliorum
1480 1829 1755 1880 effugiamus

132 1898 336 1949 labores,
374 1899 456 1939 sed
480 1906 660 1940 tantum
695 1906 743 1940 ut
777 1901 993 1941 meliores
1028 1901 1306 1951 evadamus,
1342 1900 1432 1940 hac
1466 1900 1546 1940 via
1579 1900 1757 1940 scilicet

132 1981 217 2009 nos
238 1969 319 2009 X.0
342 1971 702 2011 conformantes.
735 1971 893 2022 quue
914 1972 1108 2012 consilio
1130 1971 1304 2011 factum
1332 1976 1401 2011 est
1431 1982 1489 2010 ne
1518 1970 1757 2022 pauperri-

130 2052 205 2080 ma
234 2047 384 2081 mater
418 2042 708 2082 desereretur
739 2054 765 2081 a
794 2042 903 2091 filio,
937 2054 1055 2082 neve
1082 2042 1227 2091 filius,
1257 2042 1439 2082 ratione
1462 2041 1669 2092 fugiendi
1695 2041 1759 2080 la-

133 2111 258 2151 boris
293 2118 337 2151 et
370 2111 657 2162 abjiciendae
696 2113 864 2163 crucis,
908 2113 1149 2163 religionis
1188 2113 1468 2163 institutum,
1507 2111 1631 2163 quod
1665 2123 1759 2151 non

132 2189 324 2233 propter
345 2181 464 2222 X.¹1m
485 2183 717 2234 capiebat,
742 2190 1023 2234 capesseret.

210 2253 452 2293 Mulierem
472 2254 582 2294 item
603 2254 867 2305 quamdam,
898 2266 1017 2305 quae
1047 2266 1096 2294 se
1126 2267 1152 2294 a
1182 2254 1339 2294 multis
1366 2254 1500 2294 annis
1527 2254 1574 2294 in
1599 2265 1758 2294 mona-

129 2325 324 2364 sterium
358 2325 606 2365 viduarum
638 2324 923 2376 conjecerat,
953 2325 1377 2377 septuagenariam,
1415 2325 1576 2377 egredi
1603 2325 1759 2366 volen-

133 2402 240 2445 tem,
263 2407 320 2435 ne
343 2396 490 2436 exiret
517 2396 908 2447 compescuimus,
940 2397 1160 2436 docentes
1191 2408 1294 2436 eam
1321 2402 1365 2436 et
1392 2395 1614 2436 scandalo
1641 2395 1761 2436 futu-

132 2478 233 2506 ram
250 2467 535 2506 monasterio
552 2479 650 2516 suo,
670 2474 713 2507 et
729 2467 932 2507 familiae
949 2478 1062 2507 suae
1084 2473 1129 2506 et
1146 2467 1232 2507 sibi
1250 2467 1447 2518 ruinam;
1468 2478 1663 2518 cumque
1680 2467 1758 2506 illa

132 2550 158 2576 a
180 2537 428 2589 Superiore
450 2550 534 2578 suo
556 2549 604 2577 se
627 2538 896 2578 facultatem
918 2538 1119 2578 exeundi
1141 2539 1416 2590 impetrasse
1438 2538 1633 2588 diceret,
1666 2550 1760 2578 mo-

132 2609 211 2648 nui
232 2620 319 2659 ego
340 2621 397 2649 ne
416 2610 584 2649 talibus
601 2609 1024 2660 dispensationibus
1039 2609 1216 2660 fideret,
1236 2621 1354 2660 quae
1371 2615 1415 2649 et
1432 2609 1519 2649 sibi
1535 2609 1757 2660 prodesse

133 2685 176 2718 et
197 2691 224 2718 a
244 2680 458 2720 Praelato
480 2692 563 2720 suo
586 2680 772 2720 minime
793 2680 987 2720 concedi
1006 2686 1210 2732 possent3
1231 2681 1341 2732 quin
1357 2680 1526 2731 potius,
1547 2680 1669 2731 quod
1687 2691 1761 2720 su-

114 2757 288 2800 -perest
309 2751 435 2790 vitae
464 2758 507 2791 et
529 2751 741 2801 canitiei,
767 2751 813 2790 in
840 2751 976 2790 domo
1006 2750 1195 2790 Domini
1221 2756 1440 2802 pergeret
1468 2761 1758 2790 consumere.

135 2819 299 2861 Gratia
322 2828 477 2862 autem
498 2821 584 2861 Dei
607 2821 712 2873 Opt.
735 2821 860 2862 Max.
885 2821 1101 2862 effectum
1121 2827 1190 2861 est
1211 2827 1260 2861 ut
1283 2822 1482 2873 amplius
1504 2822 1610 2862 inde
1627 2822 1755 2861 abire

137 2898 334 2932 recuset.

215 2961 300 3002 His
331 2964 646 3004 sacrosanctis
681 2964 1071 3014 quadragesimae
1107 2963 1282 3013 diebus,
1320 2964 1475 3004 multis
1510 2969 1608 3003 turn
1642 2964 1760 3003 viris
