1987 3260
892 170 979 208 ΑΝ.
1010 170 1102 208 1552
1738 171 1816 208 683

179 273 310 307 neste
333 267 544 308 sufficiat.
568 267 688 318 Quid
708 269 891 309 multis?
911 269 998 309 hoc
1019 280 1161 308 unum
1182 267 1353 308 dicam:
1377 267 1503 308 sacta
1524 268 1807 308 fundationis

178 343 423 390 potestate,
446 339 623 390 reliqua
645 339 762 379 citra
783 340 1023 391 pulverem
1044 338 1398 391 suppeditanda.

259 409 412 460 Nunc,
438 415 486 449 ut
508 410 566 449 ad
589 410 653 460 id,
677 410 799 450 unde
829 410 1068 461 digressus
1087 421 1210 458 sum,
1235 416 1446 449 recurrat
1468 409 1631 460 dictio,
1654 409 1808 449 factus

178 487 248 519 est
287 481 421 519 nobis
455 479 630 520 Christi
664 482 891 532 sanguine
923 486 1152 531 cognatus
1187 480 1375 531 quidam
1400 480 1646 532 hispanus,
1680 481 1806 520 claro

177 551 280 589 loco
302 557 455 599 natus,
480 551 770 591 humanioris
790 551 1078 591 litteraturae
1098 550 1288 602 peritus,
1311 551 1468 601 legum
1489 551 1695 591 civilium
1715 557 1806 591 stu-

177 620 357 671 diosus,
396 621 664 662 cultissimis
697 622 1050 673 purissimisque
1080 621 1285 662 moribus
1311 621 1531 672 insignis,
1562 622 1716 661 animo
1747 622 1806 661 ad

176 703 354 742 magna
374 691 563 732 ferenda
585 694 898 745 paratissimo.
917 693 959 733 Is
975 692 1161 744 quidem
1180 693 1315 733 nobis
1329 693 1536 732 nondum
1552 693 1805 743 cohabitat,

174 762 570 813 quemadmodum
592 776 676 804 nec
699 764 926 804 Dominus
947 764 1234 804 Licentiatus
1267 763 1292 815 ¹,
1326 763 1407 804 sed
1434 764 1648 804 sanitatis
1674 774 1804 815 ergo,

174 844 267 873 non
291 835 413 874 enim
434 841 529 875 tam
551 847 747 886 corpore
775 847 915 886 quam
944 834 1099 875 animo
1125 835 1272 875 valuit
1300 835 1549 883 hactenus,
1581 835 1804 875 Leodium

171 905 410 955 profectus
431 913 516 956 est,
541 906 695 946 omnia
716 906 770 946 R.
794 905 843 946 P.
867 906 918 946 T.
943 917 1192 957 capescere
1209 905 1337 957 jussa
1359 905 1746 957 promptissimus.

256 974 482 1027 Quartus,
507 977 595 1017 hoc
617 977 838 1028 temporis
860 977 1113 1027 curriculo,
1136 976 1270 1016 nobis
1290 982 1400 1016 voto
1431 975 1801 1027 conjunctorum,

178 1052 248 1086 est
269 1046 495 1097 Magister
516 1047 702 1088 Artium
719 1047 816 1099 jam
838 1048 896 1088 ab
916 1048 1051 1088 annis
1079 1047 1295 1088 undecim
1325 1053 1404 1088 aut
1430 1048 1697 1097 duodecim,
1725 1060 1801 1087 na-

175 1116 301 1156 tione
321 1118 496 1169 gallus,
521 1117 764 1169 cujusdam
784 1118 1068 1158 cathedralis
1089 1119 1316 1158 ecclesiae
1343 1119 1597 1158 canonicus
1625 1130 1679 1158 ac
1709 1130 1805 1158 mo·

173 1187 367 1228 nialium
392 1189 700 1239 quarumdam
723 1189 1055 1240 confessarius,
1079 1188 1211 1240 cujus
1232 1200 1389 1229 raram
1418 1189 1584 1229 indolis
1614 1189 1800 1240 integri—

173 1264 317 1298 tatem
349 1259 503 1299 omnia
530 1271 615 1299 sua
643 1261 908 1311 loquuntur.
939 1260 983 1300 Is
1010 1260 1172 1300 eodem
1200 1260 1415 1310 consilio,
1451 1272 1542 1311 quo
1577 1259 1804 1310 Magister

176 1328 440 1380 Quintinus,
465 1330 510 1370 in
532 1330 733 1381 patriam
754 1342 972 1371 reversus
991 1337 1075 1381 est,
1099 1337 1224 1382 puta,
1249 1336 1297 1371 ut
1314 1330 1448 1382 juxta
1469 1330 1686 1381 rationis,
1712 1331 1800 1381 spi-

172 1399 263 1440 ritu
288 1400 504 1451 affectae,
535 1401 768 1441 dictamen
796 1402 1119 1452 possessiones
1149 1413 1260 1442 suas
1286 1401 1546 1441 distribuat.
1577 1401 1650 1441 Ab
1678 1401 1800 1441 illius

170 1483 371 1523 namque
402 1471 673 1522 tragoediae
700 1472 852 1523 prima
879 1485 1041 1523 scena,
1074 1473 1360 1523 cubiculum,
1392 1472 1799 1512 exercitandorum

174 1542 278 1582 usui
299 1542 518 1593 dicatum,
538 1554 792 1594 numquam
812 1544 1017 1593 vacavit,
1038 1543 1119 1583 sed
1140 1555 1273 1583 suum
1295 1554 1478 1594 semper
1493 1543 1654 1583 habuit
1675 1543 1797 1583 inco-

172 1613 280 1653 lam.
315 1612 451 1664 Quod
479 1620 523 1653 et
553 1613 608 1653 de
635 1613 861 1654 hodierna
888 1615 990 1654 luce
1016 1626 1128 1654 vere
1155 1614 1367 1654 dixerim.
1396 1613 1634 1665 Siquidem
1660 1613 1799 1654 Pater

171 1683 444 1724 Leonardus
466 1684 566 1736 ipso
595 1685 667 1724 die
698 1685 1004 1725 Ascensionis
1029 1684 1120 1725 huc
1147 1685 1263 1725 duos
1289 1684 1486 1736 juvenes
1512 1685 1659 1735 misit,
1690 1685 1796 1724 alte-

168 1766 272 1795 rum
292 1755 507 1805 fratrem,
531 1755 728 1795 alterum
745 1754 841 1807 jam
863 1756 1122 1807 exercitiis,
1146 1768 1239 1796 non
1263 1756 1362 1796 sine
1384 1768 1564 1796 summa
1584 1762 1796 1796 nostrum

172 1826 380 1865 omnium
401 1838 481 1877 spe
504 1827 588 1875 (est
609 1827 731 1866 enim
752 1827 870 1866 miro
901 1827 1044 1866 animi
1073 1827 1276 1867 candore
1306 1827 1544 1878 multaque
1572 1827 1799 1877 cognitio-

164 1896 235 1935 nis
256 1897 529 1947 supellectili
547 1897 816 1948 praeditus),
838 1909 1029 1948 operam
1046 1898 1248 1937 dantem.
1268 1897 1444 1948 Quibus
1464 1904 1620 1938 autem
1642 1898 1701 1937 ad
1717 1896 1794 1937 So-

164 1967 348 2006 cietatis
369 1967 706 2018 perfectionem
726 1968 934 2008 nondum
954 1968 1082 2008 licuit
1104 1980 1205 2008 esse
1233 1975 1492 2019 promotos,
1527 1969 1599 2007 vel
1630 1968 1676 2008 in
1706 1968 1794 2008 hoc

163 2037 483 2088 profecerunt,
511 2038 633 2089 quod
654 2038 937 2089 quotidianis
959 2039 1172 2079 auctibus
1193 2040 1358 2090 seipsis
1379 2038 1491 2078 fiant
1512 2039 1728 2078 meliores
1748 2045 1794 2078 et

163 2107 223 2147 ad
245 2108 289 2147 id
311 2108 403 2147 imo
424 2108 628 2159 pectoris
652 2109 881 2149 desiderio
906 2109 1137 2159 feruntur,
1163 2109 1412 2160 perfectius
1437 2110 1540 2149 dico
1566 2110 1691 2149 vitae
1715 2121 1792 2160 ge·

162 2189 270 2228 nuS,
295 2190 386 2230 quo
408 2179 594 2230 quidem
617 2186 723 2219 ante
746 2179 871 2219 illam
892 2180 1076 2220 turbam
1103 2180 1217 2220 nihil
1246 2181 1400 2220 minus
1430 2180 1791 2220 meditabantuiz

243 2249 379 2289 Adde
403 2248 622 2300 juvenem
658 2251 806 2300 illum,
838 2250 989 2301 cujus,
1026 2262 1183 2291 rerum
1218 2251 1489 2302 commotio,
1525 2252 1792 2300 occasione,

160 2321 359 2371 sumpsit
381 2320 637 2370 exordium,
658 2322 935 2372 contemptis
956 2327 1201 2372 parentum
1222 2322 1451 2362 illecebris
1472 2322 1791 2373 neglectisque

160 2398 518 2442 praeceptorum
549 2392 1007 2442 comminationibus,
1037 2392 1457 2443 lacrymabundum
1483 2393 1531 2433 P.
1570 2394 1788 2433 accessis-

160 2472 223 2509 se,
248 2462 381 2513 eique
403 2461 668 2501 confessum
690 2473 862 2513 magna
884 2462 1113 2503 undarum
1133 2463 1481 2515 gemituumque
1501 2464 1786 2515 profusione,

160 2531 394 2572 indicasse
415 2544 464 2572 se
484 2533 609 2572 nullo
631 2544 823 2584 prorsus
845 2533 982 2574 modo
1004 2534 1209 2575 animum
1229 2542 1455 2586 mutasse,
1481 2535 1561 2575 sed
1582 2535 1667 2574 sibi
1687 2547 1788 2586 per-

158 2614 351 2643 manere
385 2603 682 2643 simillimum.
714 2603 908 2655 Cogitur
943 2613 1099 2645 tamen
1133 2617 1316 2656 eorum,
1354 2607 1431 2658 qui
1466 2606 1604 2646 amici
1638 2606 1788 2646 videri

156 2674 338 2724 volunt,
370 2674 733 2726 importunitate,
756 2675 923 2715 mentis
944 2676 1181 2716 decretum
1202 2677 1495 2717 dissimulare
1517 2689 1571 2717 ac
1588 2677 1791 2728 flagran-

158 2743 389 2784 tissimum
409 2745 610 2784 numinis
631 2745 787 2796 ignem
819 2752 885 2787 tot
914 2747 1149 2787 mensibus
1176 2749 1342 2788 celare.
1373 2748 1536 2788 Faciat
1562 2747 1691 2788 Deus
1720 2756 1786 2795 ut,

156 2814 196 2853 si
217 2815 402 2854 solvere
423 2827 515 2855 non
546 2816 711 2867 possit,
742 2825 928 2869 rumpat
958 2817 1159 2858 vincula.
1192 2818 1402 2858 Adduxit
1431 2824 1608 2870 autem,
1640 2825 1688 2858 ut
1717 2826 1786 2858 est

214 2974 223 2993 ¹
264 2974 452 3007 Quintinus.
