1987 3260
220 164 290 200 734
730 162 954 200 Lir‘rERAE
982 174 1337 206 QUADRIMESTRES

220 267 264 298 et
285 265 449 310 sponte
471 259 604 299 offert
626 259 672 299 in
688 259 777 298 hoc
794 259 1078 299 absolvendo
1095 260 1314 310 Collegio.
1339 261 1458 300 Etin
1473 261 1695 302 Bohemia
1710 275 1838 314 prae-

220 336 348 369 terea
369 340 471 369 sese
492 335 753 369 erecturam
776 328 1033 380 Collegium
1054 330 1295 380 promittit,
1319 330 1397 370 ubi
1412 329 1540 371 Deus
1557 332 1727 381 Optim.
1745 333 1837 373 Ma-

216 400 328 439 xim.
352 399 674 450 tranquilliora
693 400 833 450 paulo
860 406 1068 451 tempora
1097 401 1393 441 concesserit.
1417 401 1488 441 De
1507 401 1671 442 favore
1700 403 1842 447 etiam

215 471 455 522 praecipui
474 470 759 510 Mecaenatis
779 470 941 520 nostri,
964 470 1106 521 Regis
1132 470 1451 511 Romanorum
1476 473 1834 519 clementissimi,

215 552 402 581 rursum
422 541 586 591 Legati
609 541 866 592 Apostolici
886 547 930 580 et
951 541 1059 581 item
1080 541 1198 581 Rmi.
1221 542 1522 582 Laibacensis
1549 543 1651 583 ideo
1678 544 1752 584 hic
1773 545 1835 584 ni-

218 611 282 650 hil
304 623 421 662 opus
442 617 510 651 est
530 612 713 662 longius
734 623 807 651 me
827 612 1046 662 scribere,
1071 613 1193 663 quod
1214 613 1330 652 alias
1351 613 1516 653 diffuse
1544 614 1589 654 id
1615 626 1834 666 exposue-

219 682 321 721 rim.
353 681 635 722 Ominabant
661 682 847 733 plurimi
872 683 1206 733 benignitatem
1232 683 1411 734 regiam
1444 690 1633 735 propter
1662 685 1835 725 obitum

214 751 306 792 R.0li
328 751 377 791 P.
402 752 583 794 Claudii
606 754 813 793 clausam
835 764 946 803 erga
967 765 1053 793 nos
1074 754 1144 804 iri,
1168 754 1246 804 qui
1274 754 1460 805 quidem
1486 760 1620 795 vates
1647 755 1703 795 ab
1734 757 1836 807 ipso

214 822 342 873 Rege
364 822 580 863 falsitatis
603 824 803 863 convicti
825 831 945 864 sunt.
968 824 1011 864 Is
1038 824 1181 874 enim,
1206 825 1387 864 vocatis
1414 825 1592 865 duobus
1620 825 1836 866 Patribus

213 894 400 944 nostris,
424 906 607 934 omnem
627 894 952 934 liberalitatem
973 895 1356 946 clementiamque
1382 895 1488 935 huic
1516 908 1599 936 suo
1630 896 1835 948 Collegio

212 976 305 1004 non
332 972 525 1016 rogatus
551 966 781 1016 pollicitus
807 973 876 1005 est
901 964 1128 1016 jussitque
1163 967 1385 1006 audacter
1419 966 1479 1006 ad
1511 978 1560 1006 se
1595 968 1833 1017 accedere,

210 1036 591 1087 quotiescumque
620 1036 783 1076 favore
811 1043 855 1076 et
884 1037 1057 1076 auxilio
1085 1049 1168 1077 suo
1195 1037 1472 1088 indigerent.
1501 1037 1669 1077 Paucis
1694 1039 1832 1078 etiam

214 1112 319 1156 post
349 1107 511 1147 diebus
539 1107 658 1147 dono
685 1108 820 1147 nobis
854 1119 1037 1147 rursum
1069 1108 1192 1148 misit
1219 1119 1356 1148 sacra
1382 1108 1676 1148 sacerdotum
1705 1108 1832 1148 indu-

210 1183 365 1217 menta
387 1172 609 1218 unacum
631 1179 868 1218 calicibus.
892 1179 948 1218 Et
971 1186 1019 1218 ut
1039 1190 1130 1218 uno
1150 1180 1294 1219 verbo
1317 1178 1490 1229 dicam,
1514 1179 1553 1218 si
1579 1191 1671 1218 non
1692 1178 1830 1230 majo-

207 1258 322 1297 rem,
349 1249 559 1288 eamdem
588 1256 712 1289 certe
740 1261 878 1300 quam
908 1249 1037 1300 prius
1064 1249 1274 1288 omnibus
1300 1250 1347 1289 in
1375 1250 1511 1289 rebus
1539 1250 1831 1291 clementiam

206 1324 418 1367 praestat
457 1326 500 1359 et
539 1320 741 1360 exhibet.
782 1320 940 1359 Rmus.
982 1321 1027 1359 in
1066 1320 1252 1360 Christo
1286 1321 1515 1370 Legatus‚
1555 1329 1604 1360 ut
1641 1320 1830 1360 vivente

207 1389 256 1429 P.
280 1389 474 1430 Claudio
497 1390 648 1442 (quem
668 1391 802 1430 unice
825 1391 1248 1442 complectebatur),
1271 1391 1350 1441 ita,
1375 1397 1571 1440 mortuo,
1595 1403 1652 1430 ex
1675 1391 1830 1431 animo

208 1460 343 1500 nobis
363 1460 480 1500 bene
500 1462 614 1512 vult,
638 1473 724 1501 nos
744 1468 897 1501 tuetur
920 1469 964 1502 et
985 1468 1243 1512 promovet.
1266 1462 1354 1512 Qui
1371 1462 1509 1502 etiam
1527 1473 1665 1513 saepe
1686 1462 1829 1502 utitur

201 1541 344 1581 opera
364 1538 630 1572 nostrorum
646 1531 836 1572 Patrum
857 1533 903 1572 in
929 1533 1067 1572 rebus
1090 1533 1214 1572 haud
1235 1533 1370 1583 parvi
1391 1533 1626 1572 momenti.
1654 1532 1711 1572 Et
1739 1532 1827 1572 fra-

202 1608 319 1642 trem
337 1614 519 1653 quoque
539 1614 687 1653 suum,
707 1602 764 1642 D.
787 1603 1014 1644 Comitem
1031 1604 1086 1643 de
1102 1603 1412 1654 MartinengO,
1440 1603 1729 1653 moriturum,
1754 1615 1827 1643 cu-=

207 1686 288 1713 rae
310 1674 577 1714 eorumdem
597 1673 788 1714 Patrum
810 1675 1053 1724 commisit,
1078 1674 1168 1725 qui,
1192 1681 1240 1714 ut
1262 1675 1567 1714 christianum
1594 1675 1827 1714 hominem

203 1744 351 1795 decet,
375 1745 588 1794 spiritum
609 1745 809 1785 Domino
826 1745 1037 1785 reddidit.
1062 1745 1132 1785 De
1153 1745 1255 1784 ΗΜ
1278 1745 1597 1796 Laybacensis
1613 1757 1726 1796 erga
1742 1757 1827 1785 nos

205 1815 361 1855 animo
383 1816 495 1855 nihil
516 1827 628 1855 sane
649 1816 840 1866 dignum
869 1827 1035 1867 queam
1065 1816 1240 1856 dicere:
1273 1817 1350 1867 qui
1377 1824 1424 1856 ut
1451 1828 1543 1856 non
1571 1823 1642 1856 sat
1669 1816 1823 1863 habet,

201 1897 295 1925 non
315 1886 528 1937 equidem
544 1898 722 1936 servos,
741 1887 823 1926 sed
840 1887 1029 1937 amicos,
1052 1887 1222 1927 fratres
1238 1892 1282 1926 et
1297 1887 1415 1927 filios
1434 1899 1520 1927 nos
1536 1887 1823 1938 appellitare,

204 1958 270 1997 ita
293 1957 432 1997 etiam
456 1958 581 1997 omni
602 1958 679 1997 illa
698 1969 783 2009 pro
804 1958 939 1998 nobis
960 1958 1267 1997 sollicitudine
1294 1964 1339 1998 et
1359 1958 1659 2008 liberalitate,
1685 1969 1824 2009 quam

204 2028 251 2067 in
273 2028 373 2068 dies
394 2027 490 2068 fere
510 2039 684 2069 novam
705 2029 919 2079 ostendit,
941 2041 1034 2069 non
1055 2029 1141 2068 sibi
1162 2028 1404 2068 satisfacit.
1435 2028 1577 2068 Totus
1608 2034 1733 2068 certe
1754 2040 1823 2068 ar-

204 2099 280 2139 det
301 2105 568 2139 nostrorum
588 2098 817 2139 desiderio
838 2106 881 2139 et
903 2111 1076 2148 amore,
1100 2099 1216 2139 adeo
1236 2105 1286 2139 ut
1302 2111 1540 2150 nunquam
1556 2099 1652 2139 fere
1669 2099 1821 2150 capiat

205 2170 372 2220 cibum,
397 2170 507 2221 quin
529 2171 643 2209 duos
663 2182 846 2221 semper
867 2171 925 2210 ad
947 2170 1215 2210 convivium
1235 2176 1391 2219 vocet,
1415 2181 1529 2220 quos
1551 2169 1609 2209 ad
1630 2170 1821 2209 multam

200 2251 346 2290 usque
367 2247 552 2280 noctem
572 2252 710 2291 saepe
731 2241 853 2292 apud
880 2252 928 2280 se
956 2241 1143 2280 detinet.
1175 2241 1232 2280 Et
1260 2252 1365 2280 cum
1393 2240 1597 2279 omnium
1626 2240 1821 2280 aliorum

200 2311 343 2350 animi
376 2312 579 2351 maxime
606 2312 768 2352 intenti
794 2312 885 2351 sint
909 2312 1053 2362 bello,
1082 2312 1179 2362 ipse
1210 2312 1265 2351 de
1298 2322 1422 2350 novo
1449 2310 1656 2361 Collegio
1688 2310 1823 2350 nobis

199 2381 487 2421 aedificando
509 2382 668 2422 sedulo
696 2383 892 2433 cogitat,
922 2382 1113 2422 fundum
1135 2382 1330 2433 quaerit,
1353 2381 1529 2431 Regem
1550 2381 1660 2420 item
1681 2387 1819 2432 atque

197 2451 307 2491 item
341 2452 617 2503 interpellat.
654 2452 813 2493 Vincit
847 2453 1005 2504 utique
1040 2458 1249 2492 nostram
1278 2452 1550 2492 tenuitatem
1583 2451 1716 2491 R.1¹21¹S
1744 2451 1819 2490 hic

195 2523 403 2572 praesul,
427 2523 542 2562 adeo
564 2529 613 2562 ut
641 2523 864 2564 solvendo
891 2535 1128 2574 nunquam
1156 2534 1256 2563 esse
1285 2523 1531 2574 possimus.
1565 2521 1816 2561 Dominum

195 2592 337 2642 igitur
360 2593 655 2644 precabimur
674 2600 746 2645 ut,
770 2594 891 2645 quod
912 2595 959 2635 in
979 2606 1118 2634 manu
1146 2600 1307 2634 nostra
1335 2605 1427 2633 non
1454 2599 1544 2642 est,
1576 2593 1674 2643 ipse
1704 2593 1815 2632 velit

194 2669 435 2711 praestare
457 2670 501 2703 et
522 2664 630 2704 huic
653 2670 696 2704 et
717 2665 819 2704 aliis
841 2665 1074 2715 omnibus,
1097 2665 1175 2716 qui
1197 2664 1253 2704 de
1272 2665 1406 2704 nobis
1424 2664 1541 2704 bene
1563 2669 1813 2703 merentur.

272 2732 405 2773 Haec
434 2734 595 2785 habui,
623 2733 722 2774 R.de
749 2734 907 2786 Pater,
938 2747 1056 2787 quae
1084 2735 1139 2775 de
1164 2735 1303 2775 rebus
1332 2734 1505 2774 nostris
1535 2734 1593 2773 ad
1621 2739 1665 2773 te
1691 2745 1812 2773 nunc

192 2802 462 2853 scriberem,
486 2815 604 2855 quae
625 2805 732 2856 quia
753 2806 879 2845 nullo
899 2812 1038 2857 pacto
1059 2812 1231 2857 queunt
1252 2804 1455 2845 conferri
1474 2815 1580 2844 curn
1601 2804 1671 2853 iis,
1696 2815 1813 2854 quae

192 2873 295 2912 aliis
316 2873 360 2911 in
384 2873 497 2913 locis
520 2885 547 2913 a
568 2875 740 2915 nostris
767 2882 1011 2926 geruntur,
1042 2882 1288 2927 propterea
1316 2887 1397 2915 oro
1425 2880 1468 2914 et
1497 2874 1727 2914 obstestor
1752 2880 1809 2921 te,

190 2943 253 2981 mi
275 2942 372 2981 Κάρ
401 2943 553 2993 Pater,
576 2950 625 2984 ut
644 2945 752 2984 boni
774 2947 990 2985 consulas
1011 2947 1131 2985 hanc
1148 2945 1313 2985 horum
1330 2945 1529 2985 filiorum
1546 2950 1730 2985 tuorum
1749 2943 1809 2982 in-
