1987 3260
274 197 345 232 390
782 197 1006 234 LITTERAE
1033 209 1390 240 QUADRIMESTRES

991 646 1178 698 XCIX

348 870 394 907 P.
415 869 618 907 Andreas
634 871 686 907 de
706 871 857 908 Frusis

394 935 514 971 Patri
533 936 701 982 Ignatio
722 936 773 973 de
794 936 975 983 Loyola.

441 1000 659 1045 venetiis,
684 1001 699 1037 1
722 1001 990 1048 Septembris
1009 1003 1095 1039 1551
1120 1004 1142 1037 ¹.

1037 1175 1133 1250 niis

358 1350 521 1390 Gratia
542 1356 586 1390 et
607 1363 699 1402 pax
722 1358 808 1391 etc.

357 1422 417 1462 Ut
437 1428 688 1473 praecepto
709 1422 757 1462 P.
782 1422 834 1462 T.
858 1434 942 1473 pro
969 1423 1093 1463 virili
1122 1430 1254 1474 parte
1282 1435 1550 1474 pareamus,
1582 1435 1900 1475 quaecumque

276 1493 394 1532 scitu
416 1492 557 1542 digna
578 1492 648 1531 his
670 1499 870 1544 quatuor
890 1494 1115 1545 proximis
1136 1494 1391 1544 mensibus,
1417 1493 1600 1534 Christo
1624 1494 1895 1545 adjuvante,

277 1563 350 1602 hic
370 1574 452 1614 per
472 1575 558 1602 nos
587 1569 693 1603 acta
723 1570 850 1613 sunt,
881 1576 1020 1615 quam
1048 1564 1322 1604 brevissime
1353 1564 1451 1604 fieri
1480 1565 1673 1616 poterit,
1704 1564 1899 1616 perscri-

276 1634 438 1673 bemus

355 1703 509 1754 Atque
529 1711 578 1744 ut
600 1717 627 1744 a
652 1704 816 1744 studiis
837 1704 1106 1745 domesticis
1128 1705 1380 1754 ordiamur,
1405 1718 1459 1745 ea
1482 1706 1548 1746 sic
1580 1705 1765 1745 habent.
1788 1705 1897 1745 Fra·

277 1780 371 1814 tres
394 1786 584 1826 operam
604 1775 812 1815 sedulam
828 1782 1005 1816 navant
1025 1777 1348 1827 grammaticis
1364 1776 1638 1816 lectionibus
1656 1776 1898 1816 audiendis

276 1852 319 1885 et
341 1846 445 1885 stilo
466 1846 742 1893 exercend03
767 1847 1099 1896 praeleguntur
1121 1847 1190 1897 iis,
1214 1852 1262 1886 ut
1283 1852 1353 1886 est
1370 1846 1592 1898 cujusque
1614 1852 1798 1898 captuS,
1821 1858 1896 1886 ve·

276 1923 398 1956 teres
419 1916 670 1967 scriptores
691 1922 787 1955 tam
803 1927 1003 1966 graecae
1020 1928 1161 1968 quam
1176 1917 1348 1956 latinae
1368 1917 1571 1967 linguae3
1598 1922 1641 1957 et
1659 1917 1901 1968 utriusque

277 1993 528 2027 extraneos
548 1987 785 2026 auditores
810 1987 1049 2027 habemus.

355 2057 488 2108 Quod
510 2057 568 2097 ad
588 2069 839 2108 puerorum
861 2057 1070 2098 scholam
1093 2063 1286 2109 spectat,
1310 2058 1422 2098 illud
1442 2058 1765 2098 tantummodo
1788 2058 1900 2098 scri—

273 2128 473 2168 bendum
494 2128 691 2178 videtur,
717 2128 839 2179 quod
862 2129 927 2168 eis
949 2128 997 2167 P.
1021 2128 1249 2168 Dominus
1271 2128 1446 2169 Caesar
1475 2128 1487 2146 ”²
1516 2129 1622 2168 huic
1652 2128 1816 2178 officio,
1845 2134 1895 2168 ut

273 2199 472 2248 videtur,
497 2199 763 2250 aptissimus
784 2205 982 2249 praeest.
1006 2198 1250 2239 Profectus
1271 2205 1340 2239 est
1361 2205 1459 2239 tum
1474 2199 1520 2238 in
1540 2200 1708 2239 litteris
1731 2205 1829 2239 tum
1850 2199 1897 2238 in

275 2269 407 2309 bonis
447 2275 490 2309 et
525 2270 791 2309 christianis
830 2269 1036 2309 moribus
1080 2282 1173 2309 non
1213 2270 1425 2320 exiguus.
1474 2269 1695 2310 Confiteri
1736 2281 1897 2309 omnes

275 2341 422 2380 solent
444 2351 548 2379 cum
565 2339 795 2391 jubentur;
821 2340 962 2391 aliqui
983 2341 1123 2380 etiam
1144 2340 1330 2391 saepius
1351 2352 1435 2380 sua
1457 2346 1620 2391 sponte
1639 2346 1683 2380 et
1705 2341 1898 2391 cupiunt

276 2418 320 2450 et
354 2416 538 2460 rogant.
574 2411 751 2450 Verum
784 2422 875 2450 non
910 2417 1005 2450 tam
1040 2423 1201 2450 eorum
1230 2410 1457 2451 desiderio
1494 2422 1633 2462 quam
1665 2411 1897 2450 communi

278 2480 588 2520 aedificationi
608 2493 634 2520 a
656 2481 789 2520 nobis
807 2481 1075 2521 consulitur.

354 2551 576 2591 Virorum
598 2557 641 2591 et
663 2552 906 2591 mulierum
928 2552 1061 2591 nobis
1091 2552 1137 2591 in
1164 2552 1363 2591 ecclesia
1389 2558 1552 2591 nostra
1580 2550 1897 2590 confitentium

275 2633 496 2661 numerus
523 2628 591 2661 est
618 2622 730 2661 satis
761 2633 960 2672 magnus
993 2634 1076 2673 pro
1107 2623 1197 2662 loci
1232 2622 1612 2662 incommoditate
1648 2627 1691 2660 et
1726 2622 1897 2662 nostris

277 2692 380 2732 aliis
421 2692 817 2743 occupationibus.
860 2691 1056 2732 Sumunt
1094 2693 1463 2732 sacratissimum
1509 2691 1683 2732 Christi
1731 2703 1903 2743 corpus

278 2763 472 2813 singulis
493 2762 654 2802 diebus
676 2762 919 2802 dominicis
941 2763 1204 2813 complures
1230 2762 1471 2814 utriusque
1501 2773 1657 2801 sexus.
1690 2762 1901 2802 Accersi-

335 2898 343 2917 ¹
383 2897 457 2925 Duo
478 2898 640 2925 habemus
664 2898 785 2925 harum
809 2898 1003 2925 litterarum
1027 2897 1248 2932 exemplaria.
1274 2897 1394 2931 Unum,
1420 2904 1529 2927 manu,
1554 2900 1590 2923 ut
1614 2897 1766 2931 videtur,
1790 2897 1903 2924 Patris

280 2944 421 2972 Oliverii
438 2944 599 2977 Manarei,
615 2945 648 2971 in
664 2945 795 2972 Codicis
811 2945 888 2978 1551,
905 2945 961 2971 fol.
975 2944 1010 2971 50
1024 2945 1086 2978 v.⁰;
1104 2945 1248 2971 alterum
1261 2945 1293 2972 in
1309 2944 1469 2971 Historia
1482 2944 1596 2975 varia,
1608 2944 1673 2971 vol.
1686 2951 1706 2978 1,
1720 2944 1776 2971 fol.
1788 2944 1840 2971 232
1851 2944 1902 2971 v.⁰

337 2992 350 3010 ²
388 2992 424 3018 P.
442 2991 569 3019 Caesar
582 2992 703 3025 Helmi,
720 2992 894 3026 Fulginas.
