1987 3260
899 159 981 196 AN.
1013 160 1103 197 1552
1745 162 1819 198 073

191 258 264 297 die
285 259 552 298 concionari
574 270 665 298 non
688 259 832 310 potui.
856 256 1047 298 Plurimi
1067 263 1283 308 parentes
1304 268 1413 297 suos
1430 257 1542 297 mihi
1560 258 1814 298 offerebant

193 328 328 378 lilios,
354 335 401 368 ut
421 340 603 368 mecum
623 340 702 368 eos
723 328 961 378 ducerem;
985 327 1066 368 sed
1087 328 1194 379 quia
1227 328 1369 379 aliqui
1396 339 1568 367 annum
1593 328 1714 368 llum
1737 334 1815 368 aut

196 399 316 439 15‚um
338 404 516 439 tantum
537 399 758 449 agebant,
783 409 862 439 eos
884 398 1007 449 apud
1034 404 1251 450 parentes
1278 398 1428 439 adhuc
1456 399 1503 438 in
1530 398 1694 439 studiis
1714 400 1816 439 reli—

192 471 284 521 qui.
308 469 397 509 Sed
424 469 570 509 tribus
594 469 963 510 adolescentibus
984 469 1106 509 bona
1135 475 1331 509 naturae
1352 469 1585 520 praesidia
1608 470 1814 510 habenti-

191 541 296 590 bUS,
335 541 440 580 dedi
470 540 705 580 licentiam
739 540 797 580 ad
830 551 916 580 nos
948 540 1166 579 veniendi
1200 540 1326 580 circa
1359 539 1574 580 Natalem
1608 540 1814 584 Domini,

190 611 297 662 quia
320 611 453 650 aliter
474 611 573 651 fieri
594 610 834 651 commode
855 622 946 650 non
963 616 1160 661 poterat.
1179 610 1323 650 Multa
1340 610 1479 650 etiam
1494 622 1600 651 cum
1620 610 1817 651 Pastore

191 681 326 733 hujus
347 682 457 734 pagi
478 682 572 732 egi,
597 682 673 733 qui
694 682 875 733 publice
897 692 1002 721 cum
1022 693 1107 721 sua
1124 681 1383 721 concubina
1400 682 1632 721 manebat.
1655 681 1817 722 Liben-

195 758 265 792 ter
286 764 371 792 nos
393 753 591 803 audivit,
615 752 920 804 promisitque
941 752 1315 791 emendationem
1335 752 1381 791 in
1403 752 1631 791 omnibus.

272 823 380 863 Post
402 823 523 863 diem
546 835 657 863 vero
679 834 820 863 unum
847 829 926 862 aut
957 823 1176 871 alterum,
1208 833 1314 862 cum
1340 834 1443 862 mea
1463 823 1654 873 negotia
1682 835 1816 874 expe—

191 894 433 944 divissem,
471 893 528 933 ad
563 894 803 934 civitatem
838 893 1108 945 quamdam,
1151 893 1269 933 Tielt
1306 891 1315 911 ¹
1351 893 1544 943 dictam,
1581 894 1819 945 profectus

189 976 311 1015 sum,
336 965 412 1004 ubi
439 964 703 1004 humaniter
733 976 758 1004 a
787 964 988 1015 quodam
1015 963 1219 1015 primatu
1251 964 1455 1004 civitatis
1483 970 1705 1015 acceptus
1733 964 1816 1005 sui:

187 1035 264 1086 qui
285 1035 426 1075 filium
448 1040 552 1086 post
573 1046 715 1075 unum
736 1046 908 1074 annum
930 1034 1192 1074 destinabat
1213 1034 1418 1083 mittere,
1442 1041 1486 1074 et
1507 1035 1595 1074 nisi
1612 1034 1820 1075 defectus

187 1117 416 1146 annorum
438 1106 713 1155 obstitisset,
733 1104 828 1156 jam
851 1116 1032 1145 mecum
1060 1104 1297 1156 profectus
1324 1105 1502 1145 fuisset.
1527 1105 1577 1145 In
1598 1106 1687 1145 hac
1708 1106 1818 1145 civi-

185 1183 279 1216 tate
301 1177 431 1216 multi
459 1176 788 1216 desiderabant
817 1177 997 1227 aliquos
1025 1176 1081 1216 de
1108 1174 1340 1216 Societate
1368 1176 1493 1228 Jesu.

265 1247 427 1287 Altera
448 1247 520 1287 die
540 1248 741 1297 negotiis
762 1247 1011 1298 expeditis,
1035 1246 1270 1298 profectus
1296 1246 1660 1297 Noviomagum,
1685 1247 1761 1286 ubi
1789 1259 1815 1286 a

185 1319 386 1370 quodam
407 1318 635 1358 canonico
656 1319 793 1358 valde
825 1319 972 1358 amice
1004 1324 1223 1369 acceptus
1253 1330 1376 1367 sum,
1408 1318 1485 1368 qui
1520 1318 1580 1358 ad
1610 1317 1814 1358 Societa-

186 1397 278 1429 tem
314 1395 382 1429 est
411 1389 548 1428 valde
583 1387 793 1428 affectus.
833 1387 950 1428 Cum
979 1389 1054 1428 hic
1090 1400 1260 1438 essem,
1298 1389 1435 1428 amici
1469 1388 1522 1428 R.
1557 1388 1605 1428 P.
1641 1388 1817 1429 Canisii

187 1461 382 1500 multum
403 1459 624 1509 orabant,
648 1465 697 1499 ut
719 1460 860 1499 semel
881 1459 939 1499 ad
960 1471 1040 1499 eos
1061 1459 1292 1499 venirem:
1323 1459 1404 1499 sed
1431 1459 1538 1510 quia
1559 1459 1723 1499 eodem
1743 1459 1817 1500 die

187 1531 298 1570 mihi
325 1530 710 1582 proficiscendum
744 1536 844 1569 erat
875 1530 1066 1580 navigio
1101 1530 1364 1580 Coloniam,
1394 1541 1488 1570 non
1519 1529 1597 1570 diu
1624 1531 1819 1570 haerere

186 1601 329 1652 potui.
353 1601 468 1642 Cum
485 1600 583 1652 jam
604 1599 661 1639 ad
683 1611 763 1640 eos
789 1601 1045 1650 venissem,
1075 1600 1232 1640 inveni
1259 1600 1451 1640 fratrem
1472 1600 1526 1640 R.
1550 1600 1599 1640 P.
1624 1601 1814 1651 Canisii,

188 1672 265 1724 qui
286 1678 475 1723 propter
494 1671 831 1720 infirmitatem,
856 1670 1031 1710 relictis
1060 1670 1118 1710 ad
1144 1676 1326 1722 tempus
1356 1671 1540 1721 studiis,
1565 1683 1619 1711 eo
1641 1684 1690 1712 se
1713 1684 1818 1711 con-

187 1743 378 1791 tulerat;
411 1743 492 1783 sed
517 1741 613 1793 jam
638 1742 755 1781 bene
785 1741 999 1781 habebat.
1030 1741 1180 1781 Valde
1210 1741 1269 1781 ad
1298 1740 1583 1798 Societatem
1608 1742 1719 1794 Jesu
1748 1750 1819 1784 est

188 1813 396 1854 affectus.
420 1813 674 1865 Postquam
694 1813 815 1853 bona
838 1813 994 1863 aliqua
1014 1813 1134 1852 inter
1158 1824 1245 1853 nos
1272 1814 1650 1864 contulissemus,
1677 1826 1816 1866 quan-

187 1892 283 1925 tum
304 1891 485 1935 tempus
506 1884 790 1935 patiebatur,
815 1884 1002 1923 tandem
1026 1885 1128 1923 vale
1155 1884 1252 1924 dixi
1279 1884 1320 1923 ei
1350 1884 1395 1924 in
1425 1886 1583 1924 osculo
1612 1885 1744 1936 pacis
1773 1892 1817 1925 et

187 1955 449 2005 charitatis,
474 1961 518 1994 et
537 1955 648 2008 Jesu
669 1954 1009 1994 commendavi.
1044 1954 1147 2005 Ipse
1167 1966 1282 1994 vero
1310 1966 1415 1994 cum
1438 1955 1689 2003 canonico,
1713 1967 1817 1995 meo

187 2027 389 2078 hospite,
415 2027 460 2065 in
481 2036 635 2076 genua
656 2026 950 2076 provolutuS,
975 2025 1347 2065 benedictionem
1363 2026 1547 2076 petivit,
1573 2027 1729 2066 tunica
1746 2038 1819 2066 me

188 2106 349 2138 tenens
378 2108 434 2137 ne
463 2096 736 2141 evaderem,
768 2095 823 2135 ob
859 2107 997 2147 quam
1020 2107 1179 2135 eorum
1214 2095 1522 2136 humilitatem
1548 2098 1743 2153 multum
1772 2098 1819 2137 in

188 2181 260 2209 me
297 2168 518 2209 confusus
557 2166 642 2206 fui:
691 2166 878 2206 tandem
923 2171 1099 2205 certam
1138 2166 1251 2217 ipsis
1291 2167 1661 2207 benedictionem
1706 2168 1817 2208 dare

188 2240 340 2280 debui

268 2310 469 2360 Deinde,
499 2309 611 2349 navi
648 2307 891 2348 Coloniam
919 2307 1242 2359 proficiscens,
1275 2308 1627 2349 exhortationes
1659 2309 1819 2357 habui,

188 2382 353 2433 quibus
374 2387 499 2421 certe
520 2379 733 2419 effectum
755 2385 823 2418 est
850 2385 898 2418 ut
928 2379 1071 2418 multa
1099 2378 1369 2418 audirentur
1399 2380 1622 2431 suspiria,
1647 2381 1819 2420 multae

187 2452 490 2492 funderentur
510 2451 749 2501 lacrymae
772 2460 874 2488 cum
896 2449 1102 2489 melioris
1128 2449 1254 2489 vitae
1275 2450 1533 2502 proposito.
1565 2450 1820 2491 Lutherani

188 2528 459 2573 praesentes
481 2533 506 2560 a
532 2520 627 2559 suis
649 2519 893 2559 calumniis
925 2519 1223 2559 desistebant.
1258 2519 1456 2570 Quidam
1483 2522 1625 2560 etiam
1646 2522 1817 2562 studio-

187 2605 265 2633 sus
299 2591 600 2644 promittebat
635 2602 683 2631 se
718 2589 1004 2641 frequentius
1040 2590 1098 2630 ad
1134 2602 1220 2630 nos
1255 2596 1524 2642 venturum,
1566 2591 1814 2632 confitendi

186 2664 354 2713 gratia.

268 2734 506 2773 Habemus
526 2743 701 2772 novum
723 2743 905 2783 cocum,
929 2731 981 2772 24
1001 2744 1252 2782 annorum,
1277 2733 1352 2784 qui
1381 2744 1428 2773 se
1457 2734 1502 2772 in
1535 2734 1750 2774 omnibus
1773 2741 1817 2774 et

187 2805 245 2845 ad
269 2805 424 2844 omnia
448 2802 623 2844 Christi
643 2802 752 2854 Jesu
774 2814 933 2843 amore
956 2803 1196 2854 resignare
1219 2804 1385 2843 studet.

243 2964 250 2983 ¹
296 2963 381 2990 Vide
398 2971 512 2998 supra,
528 2972 606 2998 pag.
622 2964 689 2998 403,
706 2968 774 2991 not.
792 2965 816 2992 1.

424 3022 530 3060 'r.r
1533 3034 1580 3069 43
