1987 3260
890 208 972 246 ΑΝ.
1005 209 1088 245 1ἶ)51
1726 208 1795 243 433

165 314 261 354 quo
284 303 375 342 late
396 302 643 342 undecima
664 302 798 354 hujus
821 303 1001 354 scripsi.
1026 304 1125 354 Ego
1147 315 1239 343 non
1260 303 1459 353 interfui,
1480 303 1585 353 quia
1604 315 1696 343 non
1718 316 1792 343 vo—

169 379 314 412 catus.
339 371 588 412 Conclusio
609 372 693 412 fuit
716 385 764 413 se
785 385 878 413 non
909 374 1166 424 intelligere
1193 385 1341 424 neque
1368 374 1517 413 bullas
1543 385 1691 425 neque
1719 386 1794 413 res

169 442 436 491 Societatis‚
469 454 523 482 ac.
557 443 750 494 proinde
785 455 1060 483 concessum
1095 451 1163 484 est
1195 443 1394 494 Regenti
1429 450 1477 484 ut
1513 450 1675 484 contra
1710 456 1794 483 nos

171 513 294 552 litem
330 513 591 553 institueret
620 512 838 564 juridice,
876 515 1126 565 praecipue
1160 526 1265 554 curn
1294 513 1399 565 jura
1434 514 1635 554 habeant
1671 515 1793 565 quod

170 582 249 623 filii
280 584 371 623 sint
405 584 489 623 sub
525 584 785 623 obedientia
812 590 1057 635 parentum
1084 596 1227 637 usque
1254 585 1313 625 ad
1340 586 1593 624 solemnem
1621 584 1792 636 profes-

169 654 368 704 sionem,
394 660 438 694 et
459 655 660 705 reliqua,
683 666 802 705 quae
823 655 976 705 magis
997 656 1218 706 patebunt
1240 668 1297 696 ex
1325 655 1674 707 quaestionibus
1697 654 1793 706 jam

172 723 521 775 subjungendis.

247 793 424 844 Primo,
465 795 636 846 petitur
671 807 901 846 quaenam
936 796 1027 835 sint
1063 797 1166 836 illae
1204 796 1556 836 constitutiones
1597 807 1794 847 quarum

168 865 317 904 bullae
339 865 475 904 toties
496 866 778 905 mentionem
800 865 976 906 faciunt
1002 865 1026 903 ¹.

244 934 489 986 Quodnam
511 936 568 975 sit
591 936 701 976 illud
718 942 898 988 tempus
914 937 1206 987 probationis
1225 937 1270 977 in
1287 937 1692 977 constitutionibus
1715 950 1793 977 ex-

167 1017 399 1057 pressum,
424 1006 479 1046 de
502 1018 592 1057 quo
615 1007 896 1047 mentionem
917 1007 1027 1047 facit
1048 1008 1173 1047 bulla
1195 1007 1239 1047 S.
1264 1007 1311 1047 P.
1336 1008 1457 1060 Julii.

246 1076 425 1127 Tertio,
448 1077 621 1128 petitur
643 1090 702 1117 an
725 1078 964 1117 scholares
985 1078 1165 1129 possint
1187 1090 1269 1118 sua
1290 1079 1412 1118 bona
1443 1079 1717 1130 temporalia
1747 1086 1791 1118 et

166 1147 388 1187 beneficia
412 1147 547 1198 etjus
577 1148 635 1187 ad
662 1148 782 1188 bona
814 1155 1059 1199 parentum
1087 1160 1301 1198 servare,
1332 1157 1375 1189 et
1403 1150 1479 1189 ubi
1510 1150 1597 1189 hoc
1624 1150 1819 1189 habeat·

166 1218 441 1268 approbatio
463 1216 594 1257 Sedis
617 1219 914 1269 apostolicae.

246 1287 445 1339 Quarto,
482 1288 558 1327 ubi
586 1289 643 1327 ab
673 1289 835 1328 eadem
866 1288 983 1329 Sede
1011 1290 1293 1341 approbetur
1321 1298 1481 1330 votum
1511 1291 1793 1331 studentium

171 1370 250 1398 seu
274 1359 609 1410 incipientium.

245 1428 431 1480 Quin-to,
458 1429 580 1469 istud
598 1436 757 1469 Votum
784 1430 981 1481 simplex
1009 1432 1144 1471 nimis
1175 1432 1359 1472 videtur
1389 1432 1585 1472 arduum
1615 1437 1659 1472 et
1688 1431 1791 1472 ideo

164 1500 347 1539 nonnisi
364 1506 468 1550 post
485 1500 755 1540 diuturnum
775 1507 954 1549 certum
967 1508 1148 1554 tempus
1162 1508 1205 1542 et
1222 1503 1616 1543 cohabitationem
1632 1508 1675 1542 et
1692 1515 1791 1554 pro-

163 1571 398 1611 bationem
415 1571 581 1610 debere
606 1582 834 1622 quemque
857 1571 914 1611 ad
937 1572 1049 1612 illud
1071 1573 1375 1613 emittendum
1393 1573 1588 1624 admitti;
1607 1574 1729 1625 quod
1750 1581 1795 1613 et

163 1642 312 1681 bullae
336 1653 495 1681 omnes
516 1642 756 1682 intendere
774 1643 1005 1683 Videntur.
1027 1643 1160 1694 Quod
1177 1650 1333 1684 autem
1348 1644 1485 1684 nimis
1502 1643 1699 1684 arduum
1719 1645 1792 1691 sit,

167 1713 303 1752 immo
322 1718 366 1752 et
383 1719 547 1752 contra
564 1713 738 1752 bullam
756 1712 800 1753 S.
822 1713 870 1753 P.
890 1713 964 1763 N.,
984 1714 1091 1753 hinc
1108 1714 1318 1765 habetur,
1339 1716 1446 1766 quia
1466 1715 1541 1755 illa
1557 1715 1681 1755 bulla
1697 1717 1795 1755 vult

165 1783 305 1823 etiam
332 1789 494 1823 votum
521 1782 844 1834 coadjutorum
875 1791 919 1825 et
950 1786 1234 1825 scholarium
1261 1798 1353 1825 non
1388 1785 1558 1826 diutius
1588 1786 1795 1837 obligare

167 1866 306 1906 quam
326 1853 567 1905 Superiori
589 1854 809 1895 Generali
830 1856 1028 1906 placeat.
1053 1857 1181 1896 Istud
1202 1868 1315 1896 vero
1338 1857 1535 1907 simplex
1556 1862 1716 1897 votum
1732 1858 1795 1896 vi-

166 1926 299 1965 detur
321 1925 410 1964 duo
432 1931 541 1964 vota
564 1925 816 1977 includere;
842 1927 1041 1966 alterum
1062 1933 1153 1977 est,
1178 1939 1269 1978 quo
1291 1928 1469 1967 scilicet
1491 1934 1632 1968 vovet
1653 1940 1701 1968 se
1718 1927 1795 1968 So-

167 1996 382 2035 cietatem
404 1996 724 2046 ingressurum
745 2004 972 2048 quantum
994 1999 1038 2038 in
1061 2010 1110 2038 se
1127 2005 1210 2038 est.
1231 1998 1443 2038 Alterum
1461 2011 1593 2050 vero,
1614 2011 1702 2050 quo
1720 2011 1797 2039 vo-

171 2074 247 2106 vet
268 2067 356 2106 tria
380 2067 457 2106 illa
480 2074 592 2107 vota
609 2066 741 2118 juxta
762 2069 1117 2109 constitutiones
1138 2069 1406 2120 Societatis‚
1426 2070 1463 2109 si
1480 2070 1624 2121 recipi
1641 2076 1796 2121 potue-

168 2138 243 2177 rit.
267 2137 502 2188 Quantum
531 2138 589 2177 ad
616 2139 818 2189 primum
844 2146 1007 2179 votum
1039 2152 1119 2180 seu
1147 2141 1244 2180 voti
1274 2141 1496 2191 simplicis
1524 2142 1794 2190 clausulam,

172 2219 348 2247 vovens
368 2220 621 2260 numquam
641 2209 825 2250 videtur
846 2222 983 2261 posse
1004 2210 1102 2250 fieri
1131 2211 1245 2250 liber
1270 2223 1356 2251 nec
1384 2223 1587 2262 unquam
1617 2212 1798 2262 quietus

169 2280 214 2318 in
236 2279 376 2318 corde
400 2287 591 2330 propter
613 2281 738 2320 illam
760 2282 1019 2321 clausulam
1041 2286 1270 2332 quantum
1291 2283 1340 2321 in
1357 2294 1427 2322 me
1443 2286 1530 2322 est:
1547 2294 1656 2322 nam
1672 2294 1796 2322 num-

166 2361 306 2401 quam
327 2357 406 2390 aut
427 2351 666 2390 rarissime
690 2351 844 2391 induci
866 2358 1018 2403 potest
1041 2365 1121 2392 cor
1145 2353 1316 2393 humile
1338 2359 1387 2393 ut
1409 2353 1495 2392 sibi
1518 2353 1798 2404 persuadeat

168 2427 248 2460 aut
275 2420 441 2460 fecisse
470 2429 549 2461 aut
576 2421 730 2462 facere
759 2423 883 2473 quod
911 2424 955 2463 in
986 2435 1034 2463 se
1063 2430 1147 2463 est.
1175 2424 1247 2464 Ex
1274 2424 1363 2464 hoc
1393 2424 1549 2475 itaque
1577 2435 1798 2475 magnum

169 2491 424 2542 periculum
456 2493 740 2543 scrupulosis
761 2500 805 2533 et
837 2494 1090 2544 timoratis,
1122 2506 1214 2534 non
1244 2501 1401 2534 tamen
1430 2495 1489 2534 ad
1517 2494 1796 2535 Societatem

167 2570 376 2602 nostram
399 2569 476 2602 aut
498 2575 555 2602 ex
591 2564 1014 2604 immortificatione
1042 2571 1120 2605 aut
1147 2565 1332 2605 aliunde
1360 2566 1564 2605 animum
1592 2566 1795 2606 habenti-

169 2633 270 2683 bus,
304 2645 552 2684 magnum,
585 2635 798 2686 inquam,
830 2635 1087 2686 periculum
1115 2636 1356 2676 imminere
1384 2636 1634 2676 videretur.
1671 2636 1793 2676 Istud

168 2704 320 2754 itaque
342 2710 503 2744 votum
521 2705 731 2756 simpleX,
753 2705 971 2746 nimirum
990 2718 1149 2746 coram
1172 2706 1273 2746 Deo
1297 2707 1492 2746 solemni
1515 2704 1624 2746 voto
1643 2708 1793 2757 aequi-

168 2775 366 2824 pollens,
396 2775 704 2825 periculosius
735 2776 919 2816 videtur
951 2788 1091 2827 quam
1118 2778 1338 2817 solemne.
1368 2777 1456 2816 Hic
1484 2778 1606 2817 enim
1633 2777 1793 2817 haeret

164 2844 329 2884 dubius
351 2846 563 2885 nesciens
586 2847 694 2897 quid
716 2847 803 2886 sibi
824 2847 1059 2898 agendum
1080 2848 1161 2896 sit,
1188 2848 1234 2887 in
1257 2848 1451 2887 solemni
1473 2854 1582 2888 voto
1604 2860 1710 2888 non.

221 2956 231 2976 ¹
270 2957 322 2984 Ad
337 2958 481 2991 paginae
497 2966 591 2985 oram
607 2962 640 2986 et
655 2960 830 2994 suisjuxta
847 2960 997 2993 singulas
1012 2959 1226 2993 quaestiones
1242 2959 1324 2986 locis
1340 2960 1496 2994 apposuit
1512 2960 1683 2987 Adrianus
1698 2961 1791 2987 haec:

167 3003 216 3036 pfl
232 3005 349 3037 petitio
364 3020 377 3024 -
389 3006 684 3033 2.³—3.·‹¹—4.³-5.³
