<?xml version="1.0" encoding="UTF-8"?>
<!DOCTYPE html PUBLIC "-//W3C//DTD XHTML 1.0 Transitional//EN"
    "http://www.w3.org/TR/xhtml1/DTD/xhtml1-transitional.dtd">
<html xmlns="http://www.w3.org/1999/xhtml" xml:lang="en" lang="en">
 <head>
  <title>
</title>
<meta http-equiv="Content-Type" content="text/html;charset=utf-8" />
  <meta name='ocr-system' content='tesseract 3.04.00' />
  <meta name='ocr-capabilities' content='ocr_page ocr_carea ocr_par ocr_line ocrx_word'/>
</head>
<body>
  <div class='ocr_page' id='page_1' title='image "./litteraequadrime1301lain_0367.png"; bbox 0 0 1987 3260; ppageno 0'>
   <div class='ocr_carea' id='block_1_1' title="bbox 888 170 1798 207">
    <p class='ocr_par' dir='ltr' id='par_1_1' title="bbox 888 170 1798 207">
     <span class='ocr_line' id='line_1_1' title="bbox 888 170 1798 207; baseline 0.001 -1"><span class='ocrx_word' id='word_1_1' title='bbox 888 170 968 207; x_wconf 68' lang='lat' dir='ltr'>Ax.</span> <span class='ocrx_word' id='word_1_2' title='bbox 1002 170 1084 206; x_wconf 67' lang='lat'>1551</span> <span class='ocrx_word' id='word_1_3' title='bbox 1735 172 1798 207; x_wconf 67' lang='lat'>:301</span> 
     </span>
    </p>
   </div>
   <div class='ocr_carea' id='block_1_2' title="bbox 918 549 1064 601">
    <p class='ocr_par' dir='ltr' id='par_1_2' title="bbox 918 549 1064 601">
     <span class='ocr_line' id='line_1_2' title="bbox 918 549 1064 601; baseline 0.014 -2"><span class='ocrx_word' id='word_1_4' title='bbox 918 549 1064 601; x_wconf 70' lang='lat' dir='ltr'>XCV</span> 
     </span>
    </p>
   </div>
   <div class='ocr_carea' id='block_1_3' title="bbox 202 735 1320 933">
    <p class='ocr_par' dir='ltr' id='par_1_3' title="bbox 202 735 1320 933">
     <span class='ocr_line' id='line_1_3' title="bbox 202 735 784 794; baseline 0.002 -2"><span class='ocrx_word' id='word_1_5' title='bbox 202 735 229 765; x_wconf 52' lang='lat'>³⁹</span> <span class='ocrx_word' id='word_1_6' title='bbox 246 756 509 793; x_wconf 81' lang='lat' dir='ltr'>Franciscus</span> <span class='ocrx_word' id='word_1_7' title='bbox 530 756 784 794; x_wconf 79' lang='lat' dir='ltr'>Alexander</span> 
     </span>
     <span class='ocr_line' id='line_1_4' title="bbox 294 822 1320 869; baseline 0.003 -12"><span class='ocrx_word' id='word_1_8' title='bbox 294 822 370 857; x_wconf 84' lang='lat' dir='ltr'>llis</span> <span class='ocrx_word' id='word_1_9' title='bbox 389 823 461 868; x_wconf 89' lang='lat' dir='ltr'>qui</span> <span class='ocrx_word' id='word_1_10' title='bbox 482 830 577 858; x_wconf 68' lang='lat' dir='ltr'>sunt</span> <span class='ocrx_word' id='word_1_11' title='bbox 600 823 643 858; x_wconf 92' lang='lat' dir='ltr'>in</span> <span class='ocrx_word' id='word_1_12' title='bbox 663 822 790 859; x_wconf 84' lang='lat' dir='ltr'>domo</span> <span class='ocrx_word' id='word_1_13' title='bbox 811 823 1079 869; x_wconf 82' lang='lat' dir='ltr'>probationis</span> <span class='ocrx_word' id='word_1_14' title='bbox 1102 823 1320 860; x_wconf 79' lang='lat' dir='ltr'>Panormi.</span> 
     </span>
     <span class='ocr_line' id='line_1_5' title="bbox 336 885 986 933; baseline -0.002 -11"><span class='ocrx_word' id='word_1_15' title='bbox 336 885 553 931; x_wconf 80' lang='lat' dir='ltr'>Messana,</span> <span class='ocrx_word' id='word_1_16' title='bbox 578 887 621 922; x_wconf 61' lang='lat'>18</span> <span class='ocrx_word' id='word_1_17' title='bbox 641 886 830 933; x_wconf 73' lang='lat' dir='ltr'>Augusti</span> <span class='ocrx_word' id='word_1_18' title='bbox 853 887 933 922; x_wconf 64' lang='lat'>1331</span> <span class='ocrx_word' id='word_1_19' title='bbox 962 888 986 921; x_wconf 85' lang='lat'>¹.</span> 
     </span>
    </p>
   </div>
   <div class='ocr_carea' id='block_1_4' title="bbox 972 1045 999 1089">
    <p class='ocr_par' dir='ltr' id='par_1_4' title="bbox 972 1045 999 1089">
     <span class='ocr_line' id='line_1_6' title="bbox 972 1045 999 1089; baseline 0 0"><span class='ocrx_word' id='word_1_20' title='bbox 972 1045 999 1089; x_wconf 48' lang='grc' dir='ltr'>ψ</span> 
     </span>
    </p>
   </div>
   <div class='ocr_carea' id='block_1_5' title="bbox 162 1185 1800 2800">
    <p class='ocr_par' dir='ltr' id='par_1_5' title="bbox 169 1185 1800 1437">
     <span class='ocr_line' id='line_1_7' title="bbox 250 1185 1800 1240; baseline 0.001 -15"><span class='ocrx_word' id='word_1_21' title='bbox 250 1186 531 1226; x_wconf 85' lang='lat' dir='ltr'>Franciscus</span> <span class='ocrx_word' id='word_1_22' title='bbox 561 1185 845 1236; x_wconf 83' lang='lat' dir='ltr'>Alexander,</span> <span class='ocrx_word' id='word_1_23' title='bbox 883 1200 906 1226; x_wconf 85' lang='lat' dir='ltr'>c</span> <span class='ocrx_word' id='word_1_24' title='bbox 934 1187 1072 1227; x_wconf 91' lang='lat' dir='ltr'>domo</span> <span class='ocrx_word' id='word_1_25' title='bbox 1100 1187 1389 1238; x_wconf 84' lang='lat' dir='ltr'>probationis</span> <span class='ocrx_word' id='word_1_26' title='bbox 1417 1186 1662 1227; x_wconf 82' lang='lat' dir='ltr'>Societatis</span> <span class='ocrx_word' id='word_1_27' title='bbox 1691 1188 1800 1240; x_wconf 88' lang='lat' dir='ltr'>Jesu</span> 
     </span>
     <span class='ocr_line' id='line_1_8' title="bbox 171 1256 1800 1309; baseline 0.001 -13"><span class='ocrx_word' id='word_1_28' title='bbox 171 1256 429 1307; x_wconf 74' lang='lat' dir='ltr'>Messanae,</span> <span class='ocrx_word' id='word_1_29' title='bbox 453 1257 546 1308; x_wconf 92' lang='lat' dir='ltr'>his,</span> <span class='ocrx_word' id='word_1_30' title='bbox 571 1257 647 1308; x_wconf 89' lang='lat' dir='ltr'>qui</span> <span class='ocrx_word' id='word_1_31' title='bbox 668 1264 774 1297; x_wconf 88' lang='lat' dir='ltr'>sunt</span> <span class='ocrx_word' id='word_1_32' title='bbox 794 1258 841 1297; x_wconf 91' lang='lat' dir='ltr'>in</span> <span class='ocrx_word' id='word_1_33' title='bbox 862 1258 999 1297; x_wconf 90' lang='lat' dir='ltr'>domo</span> <span class='ocrx_word' id='word_1_34' title='bbox 1019 1257 1306 1309; x_wconf 89' lang='lat' dir='ltr'>probationis</span> <span class='ocrx_word' id='word_1_35' title='bbox 1328 1257 1532 1309; x_wconf 89' lang='lat' dir='ltr'>ejusdem</span> <span class='ocrx_word' id='word_1_36' title='bbox 1553 1257 1800 1298; x_wconf 81' lang='lat' dir='ltr'>Societatis</span> 
     </span>
     <span class='ocr_line' id='line_1_9' title="bbox 169 1326 1800 1379; baseline 0.001 -13"><span class='ocrx_word' id='word_1_37' title='bbox 169 1326 407 1378; x_wconf 77' lang='lat' dir='ltr'>Panormi,</span> <span class='ocrx_word' id='word_1_38' title='bbox 431 1327 654 1367; x_wconf 86' lang='lat' dir='ltr'>fratribus</span> <span class='ocrx_word' id='word_1_39' title='bbox 676 1328 721 1367; x_wconf 90' lang='lat' dir='ltr'>in</span> <span class='ocrx_word' id='word_1_40' title='bbox 744 1328 930 1368; x_wconf 88' lang='lat' dir='ltr'>Christo</span> <span class='ocrx_word' id='word_1_41' title='bbox 952 1328 1259 1379; x_wconf 79' lang='lat' dir='ltr'>charissimis,</span> <span class='ocrx_word' id='word_1_42' title='bbox 1291 1329 1488 1369; x_wconf 89' lang='lat' dir='ltr'>salutem</span> <span class='ocrx_word' id='word_1_43' title='bbox 1510 1329 1621 1368; x_wconf 89' lang='lat' dir='ltr'>dicit</span> <span class='ocrx_word' id='word_1_44' title='bbox 1642 1329 1688 1368; x_wconf 91' lang='lat' dir='ltr'>in</span> <span class='ocrx_word' id='word_1_45' title='bbox 1709 1328 1800 1368; x_wconf 91' lang='lat' dir='ltr'>Do-</span> 
     </span>
     <span class='ocr_line' id='line_1_10' title="bbox 171 1398 307 1437; baseline 0.007 -1"><span class='ocrx_word' id='word_1_46' title='bbox 171 1398 307 1437; x_wconf 83' lang='lat' dir='ltr'>mino.</span> 
     </span>
    </p>

    <p class='ocr_par' dir='ltr' id='par_1_6' title="bbox 165 1467 1800 1580">
     <span class='ocr_line' id='line_1_11' title="bbox 247 1467 1800 1521; baseline 0.001 -13"><span class='ocrx_word' id='word_1_47' title='bbox 247 1467 411 1508; x_wconf 79' lang='lat' dir='ltr'>Gratia</span> <span class='ocrx_word' id='word_1_48' title='bbox 433 1468 623 1509; x_wconf 89' lang='lat' dir='ltr'>Domini</span> <span class='ocrx_word' id='word_1_49' title='bbox 642 1467 695 1509; x_wconf 95' lang='lat' dir='ltr'>N.</span> <span class='ocrx_word' id='word_1_50' title='bbox 730 1469 842 1521; x_wconf 90' lang='lat' dir='ltr'>Jesu</span> <span class='ocrx_word' id='word_1_51' title='bbox 870 1468 1041 1509; x_wconf 84' lang='lat' dir='ltr'>Christi</span> <span class='ocrx_word' id='word_1_52' title='bbox 1069 1481 1250 1520; x_wconf 79' lang='lat' dir='ltr'>semper</span> <span class='ocrx_word' id='word_1_53' title='bbox 1282 1469 1483 1510; x_wconf 75' lang='lat' dir='ltr'>abundet</span> <span class='ocrx_word' id='word_1_54' title='bbox 1511 1470 1557 1510; x_wconf 92' lang='lat' dir='ltr'>in</span> <span class='ocrx_word' id='word_1_55' title='bbox 1585 1470 1800 1510; x_wconf 80' lang='lat' dir='ltr'>cordibus</span> 
     </span>
     <span class='ocr_line' id='line_1_12' title="bbox 165 1539 540 1580; baseline -0.003 -2"><span class='ocrx_word' id='word_1_56' title='bbox 165 1539 351 1579; x_wconf 90' lang='lat' dir='ltr'>nostris.</span> <span class='ocrx_word' id='word_1_57' title='bbox 375 1539 540 1580; x_wconf 90' lang='lat' dir='ltr'>Amen.</span> 
     </span>
    </p>

    <p class='ocr_par' dir='ltr' id='par_1_7' title="bbox 162 1610 1798 2800">
     <span class='ocr_line' id='line_1_13' title="bbox 247 1610 1796 1662; baseline 0.001 -12"><span class='ocrx_word' id='word_1_58' title='bbox 247 1610 363 1651; x_wconf 91' lang='lat' dir='ltr'>Cum</span> <span class='ocrx_word' id='word_1_59' title='bbox 389 1623 545 1651; x_wconf 90' lang='lat' dir='ltr'>rerum</span> <span class='ocrx_word' id='word_1_60' title='bbox 572 1611 883 1652; x_wconf 87' lang='lat' dir='ltr'>humanarum</span> <span class='ocrx_word' id='word_1_61' title='bbox 911 1613 1147 1653; x_wconf 89' lang='lat' dir='ltr'>miseriam</span> <span class='ocrx_word' id='word_1_62' title='bbox 1180 1623 1362 1652; x_wconf 91' lang='lat' dir='ltr'>mecum</span> <span class='ocrx_word' id='word_1_63' title='bbox 1396 1612 1550 1651; x_wconf 90' lang='lat' dir='ltr'>animo</span> <span class='ocrx_word' id='word_1_64' title='bbox 1584 1612 1796 1662; x_wconf 77' lang='lat' dir='ltr'>revolvo,</span> 
     </span>
     <span class='ocr_line' id='line_1_14' title="bbox 170 1682 1798 1735; baseline 0.001 -15"><span class='ocrx_word' id='word_1_65' title='bbox 170 1682 336 1721; x_wconf 75' lang='lat' dir='ltr'>tratres</span> <span class='ocrx_word' id='word_1_66' title='bbox 356 1682 402 1721; x_wconf 94' lang='lat' dir='ltr'>in</span> <span class='ocrx_word' id='word_1_67' title='bbox 424 1682 607 1722; x_wconf 89' lang='lat' dir='ltr'>Christo</span> <span class='ocrx_word' id='word_1_68' title='bbox 626 1683 904 1734; x_wconf 79' lang='lat' dir='ltr'>charissimi,</span> <span class='ocrx_word' id='word_1_69' title='bbox 929 1696 1022 1723; x_wconf 87' lang='lat' dir='ltr'>non</span> <span class='ocrx_word' id='word_1_70' title='bbox 1042 1695 1233 1735; x_wconf 90' lang='lat' dir='ltr'>possum</span> <span class='ocrx_word' id='word_1_71' title='bbox 1252 1695 1345 1723; x_wconf 91' lang='lat' dir='ltr'>non</span> <span class='ocrx_word' id='word_1_72' title='bbox 1366 1683 1667 1722; x_wconf 84' lang='lat' dir='ltr'>vehementer</span> <span class='ocrx_word' id='word_1_73' title='bbox 1684 1683 1798 1722; x_wconf 88' lang='lat' dir='ltr'>cele—</span> 
     </span>
     <span class='ocr_line' id='line_1_15' title="bbox 168 1753 1797 1806; baseline 0.001 -15"><span class='ocrx_word' id='word_1_74' title='bbox 168 1753 247 1792; x_wconf 83' lang='lat' dir='ltr'>bre</span> <span class='ocrx_word' id='word_1_75' title='bbox 268 1753 379 1793; x_wconf 91' lang='lat' dir='ltr'>illud</span> <span class='ocrx_word' id='word_1_76' title='bbox 400 1765 455 1793; x_wconf 90' lang='lat' dir='ltr'>ac</span> <span class='ocrx_word' id='word_1_77' title='bbox 475 1754 708 1794; x_wconf 75' lang='lat' dir='ltr'>laudabile</span> <span class='ocrx_word' id='word_1_78' title='bbox 738 1755 961 1806; x_wconf 88' lang='lat' dir='ltr'>sapientis</span> <span class='ocrx_word' id='word_1_79' title='bbox 992 1755 1167 1794; x_wconf 89' lang='lat' dir='ltr'>dictum</span> <span class='ocrx_word' id='word_1_80' title='bbox 1198 1754 1449 1794; x_wconf 88' lang='lat' dir='ltr'>admirari:</span> <span class='ocrx_word' id='word_1_81' title='bbox 1482 1753 1604 1803; x_wconf 71' lang='lat' dir='ltr'>vidi,</span> <span class='ocrx_word' id='word_1_82' title='bbox 1635 1754 1797 1804; x_wconf 88' lang='lat' dir='ltr'>inquit,</span> 
     </span>
     <span class='ocr_line' id='line_1_16' title="bbox 171 1823 1797 1876; baseline 0.001 -15"><span class='ocrx_word' id='word_1_83' title='bbox 171 1823 328 1863; x_wconf 74' lang='lat' dir='ltr'>onmia</span> <span class='ocrx_word' id='word_1_84' title='bbox 350 1835 467 1874; x_wconf 78' lang='lat' dir='ltr'>qnae</span> <span class='ocrx_word' id='word_1_85' title='bbox 486 1825 572 1864; x_wconf 77' lang='lat' dir='ltr'>sub</span> <span class='ocrx_word' id='word_1_86' title='bbox 592 1825 714 1865; x_wconf 80' lang='lat' dir='ltr'>coelo</span> <span class='ocrx_word' id='word_1_87' title='bbox 746 1830 883 1876; x_wconf 78' lang='lat' dir='ltr'>sunt,</span> <span class='ocrx_word' id='word_1_88' title='bbox 911 1829 954 1865; x_wconf 82' lang='lat' dir='ltr'>et</span> <span class='ocrx_word' id='word_1_89' title='bbox 984 1837 1080 1865; x_wconf 77' lang='lat' dir='ltr'><em>ecce</em></span> <span class='ocrx_word' id='word_1_90' title='bbox 1108 1825 1336 1865; x_wconf 74' lang='lat' dir='ltr'>universa</span> <span class='ocrx_word' id='word_1_91' title='bbox 1363 1824 1580 1864; x_wconf 75' lang='lat' dir='ltr'>vanitas:</span> <span class='ocrx_word' id='word_1_92' title='bbox 1608 1824 1732 1875; x_wconf 89' lang='lat' dir='ltr'>quod</span> <span class='ocrx_word' id='word_1_93' title='bbox 1759 1824 1797 1863; x_wconf 90' lang='lat' dir='ltr'>si</span> 
     </span>
     <span class='ocr_line' id='line_1_17' title="bbox 170 1893 1798 1948; baseline -0.001 -14"><span class='ocrx_word' id='word_1_94' title='bbox 170 1893 305 1945; x_wconf 87' lang='lat' dir='ltr'>hujus</span> <span class='ocrx_word' id='word_1_95' title='bbox 326 1896 501 1935; x_wconf 89' lang='lat' dir='ltr'>saeculi</span> <span class='ocrx_word' id='word_1_96' title='bbox 521 1895 759 1936; x_wconf 91' lang='lat' dir='ltr'>hominum</span> <span class='ocrx_word' id='word_1_97' title='bbox 781 1903 958 1937; x_wconf 84' lang='lat' dir='ltr'>mentes</span> <span class='ocrx_word' id='word_1_98' title='bbox 978 1902 1265 1948; x_wconf 87' lang='lat' dir='ltr'>penetraret,</span> <span class='ocrx_word' id='word_1_99' title='bbox 1290 1908 1383 1936; x_wconf 88' lang='lat' dir='ltr'>non</span> <span class='ocrx_word' id='word_1_100' title='bbox 1404 1896 1562 1936; x_wconf 89' lang='lat' dir='ltr'>dubito</span> <span class='ocrx_word' id='word_1_101' title='bbox 1595 1896 1705 1946; x_wconf 90' lang='lat' dir='ltr'>quin</span> <span class='ocrx_word' id='word_1_102' title='bbox 1736 1894 1798 1934; x_wconf 90' lang='lat' dir='ltr'>di-</span> 
     </span>
     <span class='ocr_line' id='line_1_18' title="bbox 167 1966 1798 2019; baseline 0 -15"><span class='ocrx_word' id='word_1_103' title='bbox 167 1966 384 2016; x_wconf 84' lang='lat' dir='ltr'>ligentius</span> <span class='ocrx_word' id='word_1_104' title='bbox 419 1966 600 2007; x_wconf 90' lang='lat' dir='ltr'>animos</span> <span class='ocrx_word' id='word_1_105' title='bbox 635 1967 766 2018; x_wconf 89' lang='lat' dir='ltr'>(quos</span> <span class='ocrx_word' id='word_1_106' title='bbox 803 1967 1007 2019; x_wconf 88' lang='lat' dir='ltr'>alioquin</span> <span class='ocrx_word' id='word_1_107' title='bbox 1041 1968 1311 2007; x_wconf 88' lang='lat' dir='ltr'>coelestium</span> <span class='ocrx_word' id='word_1_108' title='bbox 1338 1966 1628 2006; x_wconf 85' lang='lat' dir='ltr'>meditationi</span> <span class='ocrx_word' id='word_1_109' title='bbox 1655 1966 1798 2016; x_wconf 87' lang='lat' dir='ltr'>appli-</span> 
     </span>
     <span class='ocr_line' id='line_1_19' title="bbox 165 2036 1798 2088; baseline 0 -13"><span class='ocrx_word' id='word_1_110' title='bbox 165 2048 275 2076; x_wconf 85' lang='lat' dir='ltr'>care</span> <span class='ocrx_word' id='word_1_111' title='bbox 297 2037 531 2088; x_wconf 87' lang='lat' dir='ltr'>deberent)</span> <span class='ocrx_word' id='word_1_112' title='bbox 555 2051 581 2078; x_wconf 89' lang='lat' dir='ltr'>a</span> <span class='ocrx_word' id='word_1_113' title='bbox 608 2038 767 2078; x_wconf 91' lang='lat' dir='ltr'>mundi</span> <span class='ocrx_word' id='word_1_114' title='bbox 794 2039 1082 2079; x_wconf 70' lang='lat' dir='ltr'>vanitatibus</span> <span class='ocrx_word' id='word_1_115' title='bbox 1113 2043 1401 2088; x_wconf 78' lang='lat' dir='ltr'>averterent,</span> <span class='ocrx_word' id='word_1_116' title='bbox 1434 2049 1550 2088; x_wconf 82' lang='lat' dir='ltr'>quos</span> <span class='ocrx_word' id='word_1_117' title='bbox 1577 2048 1700 2076; x_wconf 91' lang='lat' dir='ltr'>nunc</span> <span class='ocrx_word' id='word_1_118' title='bbox 1726 2036 1798 2076; x_wconf 93' lang='lat' dir='ltr'>his</span> 
     </span>
     <span class='ocr_line' id='line_1_20' title="bbox 165 2107 1797 2161; baseline -0.001 -14"><span class='ocrx_word' id='word_1_119' title='bbox 165 2108 229 2147; x_wconf 88' lang='lat' dir='ltr'>ita</span> <span class='ocrx_word' id='word_1_120' title='bbox 251 2107 492 2148; x_wconf 86' lang='lat' dir='ltr'>intendunt</span> <span class='ocrx_word' id='word_1_121' title='bbox 515 2115 577 2159; x_wconf 92' lang='lat' dir='ltr'>ut,</span> <span class='ocrx_word' id='word_1_122' title='bbox 601 2109 768 2149; x_wconf 88' lang='lat' dir='ltr'>harum</span> <span class='ocrx_word' id='word_1_123' title='bbox 788 2121 944 2149; x_wconf 86' lang='lat' dir='ltr'>rerum</span> <span class='ocrx_word' id='word_1_124' title='bbox 964 2110 1084 2149; x_wconf 88' lang='lat' dir='ltr'>mole</span> <span class='ocrx_word' id='word_1_125' title='bbox 1106 2109 1330 2161; x_wconf 86' lang='lat' dir='ltr'>oppressi,</span> <span class='ocrx_word' id='word_1_126' title='bbox 1355 2119 1447 2148; x_wconf 90' lang='lat' dir='ltr'>non</span> <span class='ocrx_word' id='word_1_127' title='bbox 1469 2108 1618 2147; x_wconf 90' lang='lat' dir='ltr'>solum</span> <span class='ocrx_word' id='word_1_128' title='bbox 1639 2107 1797 2146; x_wconf 91' lang='lat' dir='ltr'>oculos</span> 
     </span>
     <span class='ocr_line' id='line_1_21' title="bbox 165 2177 1797 2231; baseline -0.001 -14"><span class='ocrx_word' id='word_1_129' title='bbox 165 2178 224 2218; x_wconf 91' lang='lat' dir='ltr'>ad</span> <span class='ocrx_word' id='word_1_130' title='bbox 254 2180 524 2219; x_wconf 89' lang='lat' dir='ltr'>coelestium</span> <span class='ocrx_word' id='word_1_131' title='bbox 555 2180 994 2231; x_wconf 88' lang='lat' dir='ltr'>contemplationem</span> <span class='ocrx_word' id='word_1_132' title='bbox 1025 2180 1250 2230; x_wconf 72' lang='lat' dir='ltr'>dirigere,</span> <span class='ocrx_word' id='word_1_133' title='bbox 1288 2179 1550 2229; x_wconf 88' lang='lat' dir='ltr'>divinisque</span> <span class='ocrx_word' id='word_1_134' title='bbox 1584 2177 1797 2217; x_wconf 84' lang='lat' dir='ltr'>laudibus</span> 
     </span>
     <span class='ocr_line' id='line_1_22' title="bbox 165 2247 1796 2301; baseline -0.001 -13"><span class='ocrx_word' id='word_1_135' title='bbox 165 2260 338 2289; x_wconf 80' lang='lat' dir='ltr'>vacare</span> <span class='ocrx_word' id='word_1_136' title='bbox 358 2261 451 2289; x_wconf 89' lang='lat' dir='ltr'>non</span> <span class='ocrx_word' id='word_1_137' title='bbox 471 2251 672 2301; x_wconf 84' lang='lat' dir='ltr'>possint,</span> <span class='ocrx_word' id='word_1_138' title='bbox 696 2262 861 2291; x_wconf 85' lang='lat' dir='ltr'>verum</span> <span class='ocrx_word' id='word_1_139' title='bbox 881 2251 1035 2301; x_wconf 87' lang='lat' dir='ltr'>etiam,</span> <span class='ocrx_word' id='word_1_140' title='bbox 1054 2257 1347 2290; x_wconf 88' lang='lat' dir='ltr'>terrenarum</span> <span class='ocrx_word' id='word_1_141' title='bbox 1368 2261 1524 2290; x_wconf 90' lang='lat' dir='ltr'>rerum</span> <span class='ocrx_word' id='word_1_142' title='bbox 1544 2260 1702 2289; x_wconf 88' lang='lat' dir='ltr'>amore</span> <span class='ocrx_word' id='word_1_143' title='bbox 1723 2247 1796 2287; x_wconf 93' lang='lat' dir='ltr'>de-</span> 
     </span>
     <span class='ocr_line' id='line_1_23' title="bbox 165 2317 1797 2373; baseline -0.001 -14"><span class='ocrx_word' id='word_1_144' title='bbox 165 2320 277 2359; x_wconf 88' lang='lat' dir='ltr'>tenti</span> <span class='ocrx_word' id='word_1_145' title='bbox 299 2327 343 2360; x_wconf 93' lang='lat' dir='ltr'>et</span> <span class='ocrx_word' id='word_1_146' title='bbox 365 2332 391 2360; x_wconf 86' lang='lat' dir='ltr'>a</span> <span class='ocrx_word' id='word_1_147' title='bbox 412 2321 507 2360; x_wconf 84' lang='lat' dir='ltr'>suis</span> <span class='ocrx_word' id='word_1_148' title='bbox 529 2321 737 2372; x_wconf 89' lang='lat' dir='ltr'>ipsorum</span> <span class='ocrx_word' id='word_1_149' title='bbox 753 2321 1085 2373; x_wconf 85' lang='lat' dir='ltr'>cupiditatibus</span> <span class='ocrx_word' id='word_1_150' title='bbox 1107 2321 1327 2372; x_wconf 89' lang='lat' dir='ltr'>superati,</span> <span class='ocrx_word' id='word_1_151' title='bbox 1347 2332 1441 2361; x_wconf 91' lang='lat' dir='ltr'>non</span> <span class='ocrx_word' id='word_1_152' title='bbox 1460 2320 1700 2360; x_wconf 90' lang='lat' dir='ltr'>hominum</span> <span class='ocrx_word' id='word_1_153' title='bbox 1716 2317 1797 2358; x_wconf 91' lang='lat' dir='ltr'>sed</span> 
     </span>
     <span class='ocr_line' id='line_1_24' title="bbox 166 2390 1796 2444; baseline 0 -16"><span class='ocrx_word' id='word_1_154' title='bbox 166 2391 407 2431; x_wconf 87' lang='lat' dir='ltr'>brutorum</span> <span class='ocrx_word' id='word_1_155' title='bbox 434 2403 562 2431; x_wconf 90' lang='lat' dir='ltr'>more</span> <span class='ocrx_word' id='word_1_156' title='bbox 590 2392 776 2443; x_wconf 80' lang='lat' dir='ltr'>vivant,</span> <span class='ocrx_word' id='word_1_157' title='bbox 809 2404 927 2444; x_wconf 90' lang='lat' dir='ltr'>quae</span> <span class='ocrx_word' id='word_1_158' title='bbox 959 2393 1079 2432; x_wconf 93' lang='lat' dir='ltr'>sicut</span> <span class='ocrx_word' id='word_1_159' title='bbox 1107 2398 1277 2432; x_wconf 88' lang='lat' dir='ltr'>natura</span> <span class='ocrx_word' id='word_1_160' title='bbox 1302 2392 1430 2432; x_wconf 90' lang='lat' dir='ltr'>humi</span> <span class='ocrx_word' id='word_1_161' title='bbox 1451 2390 1680 2443; x_wconf 85' lang='lat' dir='ltr'>proclivia</span> <span class='ocrx_word' id='word_1_162' title='bbox 1709 2396 1796 2429; x_wconf 89' lang='lat' dir='ltr'>ter-</span> 
     </span>
     <span class='ocr_line' id='line_1_25' title="bbox 163 2462 1794 2515; baseline -0.001 -15"><span class='ocrx_word' id='word_1_163' title='bbox 163 2473 265 2501; x_wconf 83' lang='lat' dir='ltr'>ram</span> <span class='ocrx_word' id='word_1_164' title='bbox 286 2473 469 2514; x_wconf 85' lang='lat' dir='ltr'>semper</span> <span class='ocrx_word' id='word_1_165' title='bbox 490 2469 724 2514; x_wconf 87' lang='lat' dir='ltr'>spectant,</span> <span class='ocrx_word' id='word_1_166' title='bbox 748 2464 812 2503; x_wconf 92' lang='lat' dir='ltr'>ita</span> <span class='ocrx_word' id='word_1_167' title='bbox 833 2475 1016 2515; x_wconf 88' lang='lat' dir='ltr'>quoque</span> <span class='ocrx_word' id='word_1_168' title='bbox 1036 2463 1115 2514; x_wconf 88' lang='lat' dir='ltr'>illi,</span> <span class='ocrx_word' id='word_1_169' title='bbox 1147 2476 1174 2503; x_wconf 90' lang='lat' dir='ltr'>a</span> <span class='ocrx_word' id='word_1_170' title='bbox 1199 2464 1389 2515; x_wconf 88' lang='lat' dir='ltr'>propria</span> <span class='ocrx_word' id='word_1_171' title='bbox 1410 2468 1578 2503; x_wconf 86' lang='lat' dir='ltr'>natura</span> <span class='ocrx_word' id='word_1_172' title='bbox 1600 2462 1794 2512; x_wconf 82' lang='lat' dir='ltr'>degene-</span> 
     </span>
     <span class='ocr_line' id='line_1_26' title="bbox 164 2532 1795 2584; baseline -0.001 -13"><span class='ocrx_word' id='word_1_173' title='bbox 164 2539 336 2583; x_wconf 82' lang='lat' dir='ltr'>rantes,</span> <span class='ocrx_word' id='word_1_174' title='bbox 358 2534 560 2584; x_wconf 89' lang='lat' dir='ltr'>pecudes</span> <span class='ocrx_word' id='word_1_175' title='bbox 581 2534 709 2574; x_wconf 90' lang='lat' dir='ltr'>fiunt.</span> <span class='ocrx_word' id='word_1_176' title='bbox 729 2533 861 2574; x_wconf 90' lang='lat' dir='ltr'>Unde</span> <span class='ocrx_word' id='word_1_177' title='bbox 878 2534 1067 2574; x_wconf 90' lang='lat' dir='ltr'>minime</span> <span class='ocrx_word' id='word_1_178' title='bbox 1083 2535 1252 2574; x_wconf 90' lang='lat' dir='ltr'>mirum</span> <span class='ocrx_word' id='word_1_179' title='bbox 1268 2534 1419 2574; x_wconf 86' lang='lat' dir='ltr'>videri</span> <span class='ocrx_word' id='word_1_180' title='bbox 1440 2533 1590 2583; x_wconf 92' lang='lat' dir='ltr'>debet,</span> <span class='ocrx_word' id='word_1_181' title='bbox 1609 2532 1648 2572; x_wconf 89' lang='lat' dir='ltr'>si</span> <span class='ocrx_word' id='word_1_182' title='bbox 1663 2542 1795 2582; x_wconf 88' lang='lat' dir='ltr'>prae-</span> 
     </span>
     <span class='ocr_line' id='line_1_27' title="bbox 162 2605 1795 2657; baseline 0.004 -15"><span class='ocrx_word' id='word_1_183' title='bbox 162 2610 232 2642; x_wconf 84' lang='lat' dir='ltr'>ter</span> <span class='ocrx_word' id='word_1_184' title='bbox 271 2609 445 2644; x_wconf 87' lang='lat' dir='ltr'>terram</span> <span class='ocrx_word' id='word_1_185' title='bbox 479 2605 592 2644; x_wconf 92' lang='lat' dir='ltr'>nihil</span> <span class='ocrx_word' id='word_1_186' title='bbox 628 2605 889 2645; x_wconf 87' lang='lat' dir='ltr'>desiderent</span> <span class='ocrx_word' id='word_1_187' title='bbox 938 2606 1156 2657; x_wconf 88' lang='lat' dir='ltr'>nullaque</span> <span class='ocrx_word' id='word_1_188' title='bbox 1192 2606 1282 2645; x_wconf 86' lang='lat' dir='ltr'>alia</span> <span class='ocrx_word' id='word_1_189' title='bbox 1318 2617 1368 2645; x_wconf 88' lang='lat' dir='ltr'>re</span> <span class='ocrx_word' id='word_1_190' title='bbox 1399 2605 1700 2648; x_wconf 84' lang='lat' dir='ltr'>delectentur.</span> <span class='ocrx_word' id='word_1_191' title='bbox 1735 2609 1795 2649; x_wconf 94' lang='lat' dir='ltr'>Ut</span> 
     </span>
     <span class='ocr_line' id='line_1_28' title="bbox 163 2676 1794 2728; baseline 0.003 -15"><span class='ocrx_word' id='word_1_192' title='bbox 163 2685 275 2713; x_wconf 75' lang='lat' dir='ltr'>vero</span> <span class='ocrx_word' id='word_1_193' title='bbox 298 2686 466 2726; x_wconf 88' lang='lat' dir='ltr'>corpus</span> <span class='ocrx_word' id='word_1_194' title='bbox 489 2676 691 2715; x_wconf 89' lang='lat' dir='ltr'>habeant</span> <span class='ocrx_word' id='word_1_195' title='bbox 712 2677 986 2726; x_wconf 88' lang='lat' dir='ltr'>humanum,</span> <span class='ocrx_word' id='word_1_196' title='bbox 1010 2688 1104 2716; x_wconf 90' lang='lat' dir='ltr'>non</span> <span class='ocrx_word' id='word_1_197' title='bbox 1125 2683 1281 2716; x_wconf 89' lang='lat' dir='ltr'>tamen</span> <span class='ocrx_word' id='word_1_198' title='bbox 1312 2677 1369 2716; x_wconf 89' lang='lat' dir='ltr'>ob</span> <span class='ocrx_word' id='word_1_199' title='bbox 1397 2677 1442 2717; x_wconf 92' lang='lat' dir='ltr'>id</span> <span class='ocrx_word' id='word_1_200' title='bbox 1470 2676 1568 2728; x_wconf 86' lang='lat' dir='ltr'>ejus</span> <span class='ocrx_word' id='word_1_201' title='bbox 1594 2679 1794 2719; x_wconf 75' lang='lat' dir='ltr'>nominis</span> 
     </span>
     <span class='ocr_line' id='line_1_29' title="bbox 165 2744 1794 2800; baseline 0.004 -17"><span class='ocrx_word' id='word_1_202' title='bbox 165 2744 380 2785; x_wconf 88' lang='lat' dir='ltr'>infamiae</span> <span class='ocrx_word' id='word_1_203' title='bbox 402 2746 631 2786; x_wconf 89' lang='lat' dir='ltr'>immunes</span> <span class='ocrx_word' id='word_1_204' title='bbox 648 2747 927 2797; x_wconf 87' lang='lat' dir='ltr'>arbit1·abor;</span> <span class='ocrx_word' id='word_1_205' title='bbox 946 2759 1039 2787; x_wconf 91' lang='lat' dir='ltr'>non</span> <span class='ocrx_word' id='word_1_206' title='bbox 1060 2747 1183 2787; x_wconf 91' lang='lat' dir='ltr'>enim</span> <span class='ocrx_word' id='word_1_207' title='bbox 1200 2758 1396 2798; x_wconf 89' lang='lat' dir='ltr'>corpore</span> <span class='ocrx_word' id='word_1_208' title='bbox 1418 2747 1500 2787; x_wconf 90' lang='lat' dir='ltr'>sed</span> <span class='ocrx_word' id='word_1_209' title='bbox 1521 2748 1676 2788; x_wconf 90' lang='lat' dir='ltr'>animo</span> <span class='ocrx_word' id='word_1_210' title='bbox 1701 2751 1794 2800; x_wconf 81' lang='lat' dir='ltr'>(qui</span> 
     </span>
    </p>
   </div>
   <div class='ocr_carea' id='block_1_6' title="bbox 163 2882 1794 3012">
    <p class='ocr_par' dir='ltr' id='par_1_8' title="bbox 163 2882 1794 3012">
     <span class='ocr_line' id='line_1_30' title="bbox 218 2882 1794 2920; baseline 0.002 -11"><span class='ocrx_word' id='word_1_211' title='bbox 218 2882 226 2901; x_wconf 80' lang='lat'>¹</span> <span class='ocrx_word' id='word_1_212' title='bbox 268 2883 497 2917; x_wconf 80' lang='lat' dir='ltr'>Autographa</span> <span class='ocrx_word' id='word_1_213' title='bbox 513 2884 702 2911; x_wconf 75' lang='lat' dir='ltr'>Alexandri</span> <span class='ocrx_word' id='word_1_214' title='bbox 726 2885 898 2912; x_wconf 84' lang='lat' dir='ltr'>enarratio</span> <span class='ocrx_word' id='word_1_215' title='bbox 923 2890 973 2912; x_wconf 81' lang='lat' dir='ltr'>est</span> <span class='ocrx_word' id='word_1_216' title='bbox 998 2885 1030 2912; x_wconf 90' lang='lat' dir='ltr'>in</span> <span class='ocrx_word' id='word_1_217' title='bbox 1054 2885 1264 2920; x_wconf 82' lang='lat' dir='ltr'>quadruplici</span> <span class='ocrx_word' id='word_1_218' title='bbox 1289 2884 1368 2912; x_wconf 89' lang='lat' dir='ltr'>folio</span> <span class='ocrx_word' id='word_1_219' title='bbox 1383 2892 1436 2911; x_wconf 88' lang='lat' dir='ltr'>nn.</span> <span class='ocrx_word' id='word_1_220' title='bbox 1458 2884 1553 2918; x_wconf 59' lang='lat'>42-45,</span> <span class='ocrx_word' id='word_1_221' title='bbox 1570 2885 1649 2912; x_wconf 89' lang='lat' dir='ltr'>olim</span> <span class='ocrx_word' id='word_1_222' title='bbox 1663 2885 1794 2918; x_wconf 24' lang='lat'>331-3733,</span> 
     </span>
     <span class='ocr_line' id='line_1_31' title="bbox 163 2930 1790 2967; baseline 0.002 -11"><span class='ocrx_word' id='word_1_223' title='bbox 163 2930 220 2956; x_wconf 82' lang='lat' dir='ltr'>sed</span> <span class='ocrx_word' id='word_1_224' title='bbox 244 2931 350 2957; x_wconf 85' lang='lat' dir='ltr'>solum</span> <span class='ocrx_word' id='word_1_225' title='bbox 374 2938 433 2957; x_wconf 82' lang='lat' dir='ltr'>sex</span> <span class='ocrx_word' id='word_1_226' title='bbox 458 2931 610 2965; x_wconf 85' lang='lat' dir='ltr'>priorum</span> <span class='ocrx_word' id='word_1_227' title='bbox 635 2932 738 2959; x_wconf 86' lang='lat' dir='ltr'>trium</span> <span class='ocrx_word' id='word_1_228' title='bbox 763 2932 917 2960; x_wconf 86' lang='lat' dir='ltr'>soliorum</span> <span class='ocrx_word' id='word_1_229' title='bbox 941 2934 1086 2967; x_wconf 80' lang='lat' dir='ltr'>paginas</span> <span class='ocrx_word' id='word_1_230' title='bbox 1111 2933 1238 2966; x_wconf 82' lang='lat' dir='ltr'>implet.</span> <span class='ocrx_word' id='word_1_231' title='bbox 1255 2932 1290 2959; x_wconf 91' lang='lat' dir='ltr'>In</span> <span class='ocrx_word' id='word_1_232' title='bbox 1314 2940 1371 2966; x_wconf 87' lang='lat' dir='ltr'>ea,</span> <span class='ocrx_word' id='word_1_233' title='bbox 1387 2932 1583 2966; x_wconf 82' lang='lat' dir='ltr'>priusquam</span> <span class='ocrx_word' id='word_1_234' title='bbox 1605 2933 1790 2960; x_wconf 84' lang='lat' dir='ltr'>alibrariis</span> 
     </span>
     <span class='ocr_line' id='line_1_32' title="bbox 164 2978 1474 3012; baseline 0.003 -10"><span class='ocrx_word' id='word_1_235' title='bbox 164 2978 463 3011; x_wconf 75' lang='lat' dir='ltr'>transcriberetur,</span> <span class='ocrx_word' id='word_1_236' title='bbox 478 2986 579 3005; x_wconf 85' lang='lat' dir='ltr'>unum</span> <span class='ocrx_word' id='word_1_237' title='bbox 595 2979 691 3012; x_wconf 80' lang='lat' dir='ltr'>idque</span> <span class='ocrx_word' id='word_1_238' title='bbox 708 2980 915 3007; x_wconf 72' lang='lat' dir='ltr'>levissimhm</span> <span class='ocrx_word' id='word_1_239' title='bbox 934 2982 1073 3007; x_wconf 75' lang='lat' dir='ltr'>verbum</span> <span class='ocrx_word' id='word_1_240' title='bbox 1089 2981 1282 3007; x_wconf 78' lang='lat' dir='ltr'>emendavit</span> <span class='ocrx_word' id='word_1_241' title='bbox 1299 2980 1474 3008; x_wconf 73' lang='lat' dir='ltr'>Polancus.</span> 
     </span>
    </p>
   </div>
  </div>
 </body>
</html>
