1987 3260
893 183 978 221 AN.
1008 184 1098 222 1547
1758 186 1801 222 71

182 281 238 321 de
258 280 402 333 poder
424 279 551 320 sahir
579 280 698 320 mais
719 281 834 329 cedo
856 292 883 320 a
905 291 1050 320 cavar
1070 291 1130 319 na
1151 280 1295 320 vinha
1317 281 1375 320 do
1396 280 1596 332 Senhor,
1624 282 1804 322 tiverfio

178 356 310 392 tanta
330 351 570 402 diligentia
591 357 722 391 neste
743 356 897 402 tempo
918 362 946 390 a
967 350 1173 390 estudiar
1195 363 1284 402 que
1305 362 1379 391 me
1399 363 1569 403 pareqe
1593 364 1680 403 que
1702 365 1802 393 sou-

178 421 320 462 berao
342 422 460 461 mais
481 433 568 473 que
590 422 629 461 si
651 422 845 462 ouvirao
868 421 978 461 todo
1004 433 1030 461 o
1053 433 1175 461 anno
1197 421 1562 462 remissamente.
1585 422 1696 462 Assi
1717 435 1804 475 que

178 502 286 532 creo
313 503 402 543 que
435 491 591 543 d'aqui
626 504 653 531 a
686 498 781 532 tres
816 504 842 532 o
878 497 1043 543 quatro
1078 503 1227 532 annos
1260 491 1466 544 poderao
1494 493 1651 544 d'aqui
1678 493 1805 534 sahir

176 568 311 614 perto
341 568 568 613 quarenta
595 563 838 613 theologos
869 565 924 602 οὔ
951 574 1036 602 sua
1071 562 1308 614 theologia
1343 563 1528 604 ouvida.
1556 562 1663 604 Seia
1689 575 1804 615 para

175 633 330 684 gloria
349 633 405 673 (16
426 633 552 673 Deos
574 646 600 673 o
623 634 730 685 qual
750 644 839 673 nos
859 632 914 673 de
934 643 1082 684 graqa
1103 644 1206 684 que,
1231 633 1502 685 abnegadas
1518 645 1686 674 nossas
1701 646 1802 686 pro-

176 704 306 755 prias
328 703 572 753 vontades‚
597 703 907 753 obedecamos
929 707 1003 743 ate
1024 709 1188 744 morte.

253 773 325 814 De
346 774 580 824 Coimbra,
605 786 631 813 a
646 774 697 813 27
720 774 776 814 (16
798 771 1040 814 Setembro
1062 774 1118 814 de
1144 773 1244 813 1547
1266 786 1428 815 annos.

252 851 418 891 Frater
436 857 480 891 et
503 862 760 891 conservus
782 851 828 890 in
849 849 970 890 Dno.

1132 993 1379 1035 MELCHIOR
1408 994 1585 1037 Nnmzz.

249 1204 615 1255 Superscrc‘ptz‘o.
649 1212 677 1253 †
706 1204 824 1244 Pera
846 1217 872 1245 0
894 1204 1044 1245 Padre
1065 1204 1240 1245 Sancta
1262 1204 1382 1246 Cruz
1405 1218 1478 1246 em
1497 1205 1661 1246 Roma.

247 1274 357 1314 Alia
385 1286 583 1325 mamm,
619 1287 738 1326 quae
765 1275 955 1315 videtur
981 1275 1344 1316 Bartlzolomaei
1366 1277 1567 1328 Ferrao,
1596 1277 1798 1317 addidit:

167 1344 212 1384 M
222 1344 396 1385 elchior
417 1344 591 1396 NufieZ,
616 1345 851 1386 Coimbra.

245 1416 307 1455 Et
328 1415 442 1455 alia:
467 1415 582 1466 1547,
606 1415 839 1466 Coimbra,
863 1417 1090 1457 Melchior
1110 1417 1285 1470 Nufiez‚
1309 1418 1374 1461 47.
