1987 3260
244 158 314 193 024
751 155 980 192 LlrrERAE
1007 163 1361 194 QUADRiMESTRES

244 253 399 292 Facile
426 258 580 291 tamen
607 251 762 290 animo
789 250 1064 301 persuadeo,
1100 249 1139 288 si
1164 248 1492 298 indigenarum
1524 248 1703 288 animos
1734 249 1868 289 nobis

245 323 494 362 conciliare
524 322 711 361 tandem
735 331 998 371 possemus,
1030 325 1073 359 et
1100 319 1251 359 Patris
1285 318 1522 370 Baptistae
1553 318 1771 359 valetudo
1802 319 1865 358 la-

244 394 344 433 bori
366 393 636 443 evangelico
658 391 983 442 responderet,
1008 395 1087 430 aut
1109 390 1247 440 alter,
1279 389 1320 428 ei
1348 389 1395 428 in
1424 389 1513 428 hoc
1543 400 1732 428 munere
1751 400 1865 428 ‘suc-

245 465 435 513 cedens,
473 469 599 502 tanto
634 462 763 513 operi
796 473 882 512 par
917 467 1060 511 esset,
1098 460 1194 500 fere
1228 466 1276 500 ut
1314 471 1417 499 cum
1452 459 1570 498 lucri
1611 459 1866 510 spiritualis

248 546 385 574 usura
421 535 569 573 bonus
604 533 716 572 odor
750 532 859 584 Jesu
894 531 1066 572 Christi
1091 532 1228 581 longe
1259 531 1442 581 lateque
1480 541 1560 581 per
1597 529 1868 569 universam

248 605 449 644 Galliam
470 609 734 654 spargatur.

327 674 471 714 Vides
505 686 587 725 pro
622 673 764 712 animi
798 673 863 712 tui
893 672 1119 723 singulari
1152 671 1418 723 prudentia,
1456 670 1555 710 Rde
1583 670 1660 720 P.,
1700 681 1788 721 quo
1822 669 1868 708 in

246 751 370 785 statu
390 756 465 784 res
486 756 644 783 omnes
665 749 853 783 nostrae
875 743 991 783 sitae
1022 743 1132 793 sint,
1165 748 1210 782 et
1231 753 1371 793 quam
1398 742 1594 791 exiguus
1625 740 1807 780 fructus
1842 751 1867 779 a

249 827 439 855 numero
471 820 629 854 nostro
657 814 862 853 ternario
891 813 916 864 ¹,
949 813 1101 865 capite
1124 813 1224 863 ipso
1253 812 1452 862 infirmo,
1487 810 1667 861 sperari
1688 810 1867 850 debeat.

251 887 377 926 Tuae
398 885 582 925 interim
608 884 729 924 Rfiae
756 883 888 923 Pat.ti
916 895 1050 923 omne
1068 882 1291 934 judicium
1321 888 1365 922 et
1393 881 1635 921 arbitrium
1662 886 1871 920 nostrum

251 957 411 997 humili
438 955 697 995 obedientia
733 954 988 1004 offerimus,
1026 960 1074 993 ut
1100 965 1184 1005 pro
1215 959 1294 993 tuo
1323 951 1613 1002 beneplacito
1645 951 1871 991 decernas

253 1027 374 1079 quod
396 1026 529 1066 vobis
548 1025 747 1077 placebit
769 1025 1012 1076 imperare.
1036 1024 1084 1063 P.
1109 1023 1320 1074 Baptista
1342 1035 1411 1073 se,
1442 1021 1765 1073 perseveranti
1795 1032 1869 1072 pa-

207 1125 209 1127 ·
250 1098 411 1138 tientia
434 1097 492 1136 ad
514 1102 710 1136 mortem
732 1107 877 1146 usque
899 1095 1219 1145 confirmatus,
1243 1094 1370 1133 Tuae
1390 1092 1691 1132 Paternitatis
1714 1093 1870 1131 volun—

252 1169 336 1208 tati
358 1167 680 1214 conformans,
705 1172 945 1217 exspectat
967 1165 1146 1205 arbitrii
1172 1165 1236 1204 tui
1265 1164 1510 1204 consilium
1537 1169 1582 1203 et
1610 1162 1869 1214 imperium.

334 1239 525 1279 Tradita
547 1244 652 1277 sunt
673 1237 895 1277 exercitia
924 1237 1107 1276 cuidam
1129 1236 1230 1275 viro
1261 1236 1422 1287 probo,
1453 1240 1604 1274 aetate
1631 1238 1870 1284 provecto,

254 1323 346 1350 non
367 1310 465 1349 sine
486 1309 638 1348 fructu
660 1309 842 1348 animae
864 1308 1028 1359 ipsius,
1051 1308 1159 1347 licet
1192 1313 1302 1346 voto
1328 1305 1565 1356 religionis
1594 1316 1643 1344 se
1674 1316 1767 1344 non
1797 1304 1871 1343 ad-

253 1380 506 1420 strinxerit.
532 1379 743 1420 Alterum
770 1378 988 1429 juvenem
1017 1389 1216 1428 magnae
1247 1377 1346 1428 spei
1372 1376 1505 1416 brevi
1532 1375 1872 1424 exercebimus,

254 1463 389 1503 quem
412 1450 699 1490 orationibus
722 1449 926 1489 omnium
949 1448 1322 1488 commendatum
1343 1447 1675 1505 desideramus.

334 1522 382 1561 P.
407 1522 616 1572 Baptista
638 1520 684 1560 P.
710 1521 760 1560 T.
786 1520 1135 1571 responsionem
1163 1524 1342 1558 mature
1375 1517 1611 1568 efflagitat.
1647 1517 1876 1557 Veremur

258 1593 379 1632 enim
401 1605 457 1632 ne
478 1592 756 1643 Episcopus,
789 1602 1032 1630 numerum
1061 1596 1270 1630 nostrum
1301 1588 1416 1628 adeo
1448 1588 1668 1639 exiguum
1699 1586 1876 1638 conspi-

255 1669 409 1711 catus,
448 1663 633 1702 domum
667 1661 893 1700 hactenus
927 1661 1060 1700 nobis
1093 1671 1367 1700 concessam
1399 1659 1455 1698 ob
1487 1657 1584 1709 ejus
1620 1657 1874 1708 amplitudi-

257 1745 362 1773 nem
383 1733 514 1772 nobis
535 1733 645 1772 solis
668 1731 804 1783 [non]
828 1732 1080 1783 relinquat,
1104 1730 1394 1782 potissimum
1423 1740 1517 1769 non
1547 1730 1774 1768 allucente
1801 1739 1877 1767 no-

259 1804 327 1843 bis
348 1816 428 1855 spe
450 1803 703 1854 probabilis
725 1802 998 1842 incrementi
1020 1814 1074 1841 ac
1094 1801 1275 1841 numeri
1301 1799 1491 1851 majoris
1519 1799 1686 1849 futuri,
1722 1810 1876 1850 quam-

256 1886 396 1926 quam
433 1874 537 1913 belli
577 1879 850 1924 tempestate
885 1883 1105 1912 numerus
1139 1882 1397 1923 paucorum
1432 1869 1712 1909 multitudini
1746 1880 1876 1920 prae-

257 1951 360 1986 stet.
386 1944 616 1995 Quocirca
637 1943 893 1983 voluntatis
917 1949 1020 1982 'tuae
1041 1948 1264 1994 paternae
1281 1940 1505 1992 judicium
1533 1946 1575 1980 et
1607 1939 1877 1980 mandatum

257 2017 597 2068 praestolamur
619 2014 908 2065 propediem,
933 2020 981 2053 ut
1002 2013 1155 2053 securi
1176 2013 1339 2062 simus,
1364 2011 1655 2062 potissimum
1683 2015 1878 2061 urgente

261 2087 525 2127 infirmitate
548 2085 697 2125 Patris
718 2085 878 2125 nostri.

337 2157 601 2207 Reliquum,
626 2156 751 2207 quod
773 2156 1046 2204 scribamus,
1071 2166 1163 2194 non
1184 2153 1410 2203 occurrit,
1434 2152 1522 2192 nisi
1545 2151 1665 2203 quod
1686 2162 1778 2190 uno
1800 2162 1878 2190 ore

259 2236 303 2268 et
343 2228 496 2267 animo
540 2239 698 2266 omnes
738 2226 886 2266 sacris
922 2225 1210 2265 orationibus
1245 2225 1335 2264 tuis
1374 2230 1417 2263 et
1452 2223 1655 2263 omnium
1688 2221 1878 2261 Patrum

262 2306 400 2349 atque
421 2298 617 2338 fratrum
637 2297 852 2348 precibus
874 2297 1124 2336 humillime
1141 2307 1226 2335 nos
1244 2294 1638 2343 commendamus,
1658 2299 1707 2332 ut
1723 2292 1878 2332 Domi—

261 2381 347 2409 nus
380 2369 515 2421 Jesus
550 2368 783 2418 Christus,
813 2367 1064 2419 patientiae
1092 2372 1136 2405 et
1167 2365 1453 2405 obedientiae
1487 2363 1629 2403 armis
1659 2362 1875 2412 munitos,

262 2440 465 2479 victores
485 2450 570 2478 nos
591 2444 782 2478 coronet
802 2438 848 2477 in
869 2438 1024 2477 coelis.
1049 2437 1214 2477 Gratia
1235 2435 1423 2475 Domini
1442 2435 1551 2487 Jesu
1572 2440 1739 2473 tecum.

343 2509 481 2557 Vale,
504 2509 640 2548 Pater
663 2508 967 2548 observande.

344 2580 520 2630 Quarto
541 2578 650 2629 Maji
674 2579 787 2618 1552.
811 2579 1021 2618 Lutetiae
1043 2590 1066 2618 e
1087 2578 1223 2618 domo
1247 2577 1592 2617 Clarmontana.

343 2650 395 2690 R.
420 2650 467 2690 P.
493 2650 529 2689 T
534 2662 619 2689 uae
640 2650 855 2689 minimus
885 2649 931 2688 in
958 2649 1141 2689 Christo
1172 2648 1291 2687 filius
1319 2653 1363 2687 et
1390 2646 1670 2686 humillimus
1700 2655 1880 2693 servus,

1112 2791 1356 2830 ROBERTUs
1387 2790 1716 2837 CLAYssomus,

1315 2859 1507 2892 Brugensis.

324 2949 331 2967 ¹
372 2949 506 2975 Tertius
521 2953 593 2975 erat
609 2948 753 2980 Jacobus
769 2948 942 2975 Morellus.
