1987 3260
913 154 995 190 AN.
1028 152 1116 189 1552
1752 146 1818 183 031

882 574 1154 629 CXLVII

273 789 465 835 Joannes
484 787 705 834 Rogerius

322 854 442 890 Patri
459 852 629 900 Ignatio
647 851 701 889 de
719 851 903 899 Loyola.

369 919 602 964 Panormo,
621 917 645 954 8
664 917 765 953 Maii
796 916 885 953 1552
904 915 930 950 ¹.

1010 1054 1028 1067 A.

1017 1070 1021 1086 Ι

980 1088 1074 1129 [Hs

286 1235 449 1275 Gratia
486 1240 529 1274 et
564 1245 658 1284 pax
690 1233 874 1272 Domini
904 1231 1061 1271 Nostri
1097 1230 1205 1282 Jesu
1241 1228 1413 1268 Christi
1449 1227 1505 1266 sit
1536 1238 1719 1276 semper
1753 1237 1831 1265 no-

207 1307 400 1346 hiscum.

285 1376 488 1427 Tempus
506 1387 578 1414 me
595 1379 765 1422 monet,
789 1371 889 1412 Rfle
916 1372 961 1411 in
979 1371 1164 1411 Christo
1184 1370 1336 1418 Pater,
1357 1375 1405 1408 ut
1427 1367 1633 1419 injuncto
1655 1367 1712 1406 ab
1730 1368 1833 1409 obe-

206 1447 378 1486 dientia
400 1446 598 1496 fungens
620 1455 825 1492 munere,
855 1447 1075 1493 quantam
1103 1439 1366 1480 Reverendi
1386 1439 1548 1479 Patres
1576 1445 1619 1479 et
1646 1439 1829 1490 fratres,

209 1518 285 1569 qui
307 1518 382 1557 hic
401 1523 508 1557 sunt
538 1516 584 1556 in
607 1515 793 1556 Christo
816 1511 1101 1562 charissimi,
1133 1510 1417 1551 excolendae
1438 1509 1625 1549 Domini
1648 1511 1828 1561 vineae,

208 1589 278 1628 his
301 1594 499 1639 quatuor
527 1586 727 1626 evolutis
761 1584 972 1636 proxime
1004 1582 1255 1631 mensibus,
1291 1592 1504 1632 operam,
1537 1580 1706 1620 divinis
1734 1580 1834 1620 fulti

208 1658 469 1711 praesidiis,
493 1656 816 1709 impenderint,
843 1655 1091 1695 certiorem
1110 1659 1154 1693 te
1174 1652 1360 1693 faciam.
1385 1652 1441 1691 Et
1462 1652 1681 1702 quoniam
1704 1663 1832 1703 supe-

210 1730 409 1770 rioribus
430 1728 595 1769 litteris
612 1727 668 1767 de
683 1733 951 1767 nostrorum
973 1724 1277 1765 renovatione
1295 1722 1553 1763 studiorum
1570 1734 1688 1773 quae
1710 1723 1833 1762 vide-

209 1802 375 1840 bantur
397 1800 614 1849 dicenda,
639 1809 799 1838 eorum
819 1797 932 1837 nihil
953 1795 1373 1848 praetermisimus,
1407 1806 1529 1834 nunc
1558 1794 1740 1833 felicem
1768 1794 1836 1833 rei.

210 1878 398 1911 nostrae
419 1870 674 1910 litterariae
692 1879 960 1909 successum
977 1867 1140 1918 paucis
1157 1865 1434 1917 aperiemus.

289 1942 638 1992 Praeceptor-es,
675 1947 847 1991 quanta
883 1944 1077 1989 possunt
1118 1948 1301 1987 semper
1336 1936 1595 1986 diligentia,
1639 1934 1837 1974 docendi

211 2024 376 2052 munus
398 2013 587 2061 obeunt,
612 2017 655 2050 et
678 2009 936 2050 imbuendis
958 2020 1099 2048 sanae
1121 2007 1362 2047 doctrinae
1383 1991 1680 2056 moribusque
1702 2005 1835 2044 disci—

212 2085 346 2135 pulis,
371 2083 522 2132 rebus,
542 2093 659 2133 quae
682 2081 739 2121 ad
761 2081 806 2120 id
828 2080 1088 2120 conducere
1111 2084 1318 2128 possunt,
1343 2076 1556 2116 omnibus
1578 2076 1833 2127 exquisitis,

215 2155 473 2205 invigilant,
494 2159 623 2193 tanto
639 2153 813 2201 labore,
832 2158 880 2190 ut
897 2150 974 2189 alii
991 2155 1321 2200 praeceptores
1338 2155 1382 2187 et
1399 2147 1664 2198 paedagogi
1677 2146 1837 2187 civita>

214 2227 272 2266 tis
294 2225 524 2275 admirati,
546 2224 689 2263 velint
712 2222 872 2269 nolint,
897 2226 1124 2271 cogantur
1146 2218 1349 2270 profiteri
1371 2229 1420 2258 se
1440 2230 1533 2257 non
1553 2228 1699 2268 usque
1721 2217 1839 2256 adeo

214 2297 309 2336 suis
330 2295 594 2336 erudiendis
617 2293 855 2338 insudare,
880 2304 928 2331 se
950 2303 1042 2330 non
1063 2290 1128 2330 uti
1156 2301 1209 2329 ea
1238 2288 1513 2329 dexteritate
1539 2294 1584 2328 et
1612 2287 1837 2327 industria

214 2380 304 2418 qua
335 2367 485 2406 nostri
520 2369 878 2405 consueverunt.
916 2361 1038 2401 Inter
1069 2372 1183 2412 quos
1214 2359 1401 2412 quidam
1431 2358 1839 2410 septuagenarius,

217 2439 371 2478 valido
391 2444 548 2477 tamen
565 2443 608 2476 et
627 2436 815 2475 robusto
833 2445 1042 2485 corpore,
1063 2433 1140 2484 qui
1162 2431 1383 2472 docendis
1404 2430 1559 2482 pueris
1580 2429 1840 2477 consenuit,

216 2509 441 2560 siquidem
463 2507 816 2558 quinquaginta,
841 2506 958 2545 sicut
980 2505 1076 2555 ipse
1098 2509 1309 2552 testatur,
1330 2514 1476 2541 annos
1493 2500 1614 2541 istud
1632 2500 1842 2540 exercuit

217 2580 436 2628 officium,
476 2585 743 2618 nostrorum
778 2576 982 2627 quotidie
1008 2574 1284 2614 lectionibus
1310 2573 1525 2618 interest,
1563 2583 1756 2623 sperans
1792 2582 1842 2610 se

218 2664 352 2702 posse
384 2662 542 2690 senem
577 2649 737 2700 paucis
773 2647 1008 2687 mensibus
1041 2645 1277 2695 consequi,
1315 2644 1437 2695 quod
1468 2642 1652 2694 juvenis
1685 2642 1844 2681 multis

217 2723 352 2761 annis
373 2733 465 2761 non
486 2720 650 2771 potuit,
670 2725 847 2759 rectam
870 2718 1087 2757 nimirum
1104 2716 1421 2756 docendorum
1440 2724 1688 2765 puerorum
1705 2713 1841 2752 ratio-

218 2805 347 2841 nem,
371 2804 509 2843 quam
532 2792 577 2830 in
598 2790 770 2830 nostris
792 2789 984 2840 suscipit
1002 2788 1014 2805 '·’
1037 2795 1079 2827 et
1103 2787 1232 2827 miris
1257 2785 1387 2826 effert
1410 2785 1635 2824 laudibus.
1662 2784 1751 2824 Alii
1776 2784 1845 2823 vi-

271 2912 278 2930 ¹
322 2910 565 2944 Apographum
582 2910 612 2935 in
630 2909 706 2935 solio
723 2909 754 2934 1⁴*
771 2908 903 2934 Codicis
922 2908 997 2932 15:31.

326 2958 389 2986 Sic:
409 2957 528 2983 melius
544 2957 689 2983 sortasse
707 2956 865 2989 snspim.
